5817 7292
926 1056 999 1128 630
1486 1051 1576 1125 LES
1607 1054 1748 1127 OLIM.

702 1206 887 1269 summu,
925 1191 2353 1304 Johanmm,relictamJohannisRese,exaltera,visaluitetreportata,sed

764 1299 825 1339 nn.
926 1354 1000 1405 non
1011 1324 1357 1433 iuitjudicata,quie
1368 1342 1558 1429 repertum
1569 1324 1641 1402 fuit
1651 1324 2183 1433 quodpertespacificaverunt
2193 1331 2350 1411 interse.

980 1459 1079 1537 lovis
1100 1456 1277 1565 predicta.
1384 1497 1388 1505 ·
1737 1530 1742 1538 .

977 1594 1030 1669 M.
1064 1589 1115 1667 R,
1136 1588 1183 1664 de
1214 1588 1574 1665 Sancto-Benedicto
1599 1588 1653 1665 sic
1672 1589 1893 1695 reportavit,
1924 1589 1991 1696 qui
2017 1591 2156 1670 dictam
2180 1595 2275 1671 vidit
2294 1598 2353 1673 in·

923 1740 1104 1831 questam.

972 1986 1054 2064 'Vll
1087 1986 1184 2063 Cum
1201 1984 1311 2061 nobis
1325 1982 1587 2092 supplicaverit
1598 1983 1757 2060 dilectus
1767 2000 1804 2060 et
1813 1981 1937 2061 fidelis
1949 1984 2180 2065 Guillelmus
2193 1988 2242 2065 de
2253 1989 2350 2074 Plai-

793 2142 802 2163 ⁸
925 2119 1050 2207 siano,
1073 2116 1183 2193 miles
1207 2134 1345 2203 noster,
1373 2133 1416 2193 ut
1440 2114 1480 2191 in
1496 2132 1626 2191 ¹castro
1649 2142 1718 2193 suo
1738 2115 1786 2193 de
1804 2108 2027 2205 Boico'rsno,
2047 2135 2175 2196 nostro
2188 2119 2348 2196 interve-

925 2253 1053 2325 niente
1070 2275 1272 2336 consensu,
1289 2246 1360 2326 sibi
1375 2246 1504 2324 liceret
1520 2264 1726 2324 mercatum
1745 2248 1991 2336 constituere,
2006 2266 2103 2326 certa
2122 2249 2199 2337 die,
2222 2251 2346 2355 quali-

926 2383 991 2458 bet
1010 2381 1230 2485 septimana,
1250 2407 1319 2456 nos
1339 2406 1442 2466 vero,
1468 2377 1516 2453 ad
1535 2377 1846 2484 supplicationem
1868 2377 1958 2455 dicti
1975 2377 2120 2471 militis,
2140 2381 2346 2459 senescallo

925 2511 1151 2590 Belli-Cadri
1168 2510 1428 2588 mandavimus
1448 2510 1645 2615 quatinus,
1661 2510 1800 2587 vocatis
1818 2509 2031 2602 evocandis,
2049 2540 2136 2588 cum
2149 2512 2346 2620 diligencia

925 2672 963 2720 se
979 2642 1197 2720 informaret
1217 2642 1263 2729 si,
1288 2641 1428 2747 absque
1448 2658 1578 2717 nostro
1601 2657 1640 2717 et
1658 2639 1782 2717 alieno
1797 2640 2008 2749 prejudicio
2025 2659 2139 2749 atque
2160 2644 2343 2750 dampno,

925 2772 1189 2880 supplicacioni
1208 2772 1429 2880 hujusmodi
1450 2771 1539 2847 dicti
1559 2770 1691 2847 militis
1709 2770 1827 2848 nostri
1846 2799 2042 2877 possemus
2055 2802 2239 2862 annuere,
2259 2782 2305 2851 et'
2316 2776 2347 2851 si

926 2906 1016 2982 dicti
1036 2904 1188 2981 mercati
1205 2902 1394 2979 concessio
1416 2920 1515 2979 esset
1533 2902 1637 2979 utilis
1652 2903 1787 3009 patrie,
1810 2919 1850 2979 et
1862 2930 1937 3009 qua
1949 2902 2018 3001 xdie
2038 2906 2246 3012 septimane
2262 2935 2349 2983 con-

924 3037 1139 3124 venencius,
1158 3034 1297 3141 absque
1312 3033 1484 3110 locorum
1500 3034 1708 3111 vicinorum
1718 3050 1926 3110 mercatum
1940 3033 2167 3113 habencium
2182 3038 2349 3143 prejudi-

924 3170 992 3257 cio,
1015 3167 1097 3243 fieri
1123 3182 1265 3273 posset,
1288 3192 1329 3240 ec
1350 3164 1397 3241 de
1417 3165 1596 3241 omnibus
1616 3162 1699 3240 aliis
1718 3165 1993 3243 circonstanciis
2011 3166 2212 3243 universis:
2233 3168 2346 3244 Facta

925 3300 1037 3406 igitur
1056 3296 1152 3372 dicta
1177 3294 1447 3372 informacione
1469 3313 1507 3372 et
1526 3294 1726 3404 diligenter
1744 3296 1927 3403 inspecta,
1952 3296 2039 3402 quia
2064 3311 2253 3401 repertum
2284 3315 2346 3375 cst

924 3456 1091 3535 peream
1109 3427 1219 3534 'quod
1245 3426 1300 3502 illi
1320 3427 1385 3532 qui
1409 3425 1550 3504 habent
1565 3444 1727 3503 mercata
1741 3426 1780 3501 in
1795 3426 1884 3504 locis
1902 3426 2044 3516 vicinis,
2063 3426 2203 3533 quibus
2216 3446 2348 3532 posset

925 3562 962 3635 in
983 3558 1253 3637 constitucione
1273 3556 1363 3634 dicti
1394 3557 1545 3633 mercati
1568 3557 1653 3635 novi
1673 3559 1842 3666 generari
1868 3556 2135 3666 prejudicium,
2156 3555 2346 3636 sufficien-

925 3706 982 3766 ter
996 3689 1115 3768 vocati
1137 3716 1213 3765 non
1225 3687 1399 3777 filerunt,
1419 3688 1619 3764 nececism
1635 3706 1786 3795 apparet
1799 3716 1875 3796 qna
1894 3688 1957 3766 die
1975 3688 2034 3765 vel
2045 3689 2194 3795 quibus
2209 3689 2343 3769 diebus

924 3838 1085 3898 mercata
1112 3822 1151 3895 in
1181 3820 1273 3897 locis
1298 3819 1428 3896 vicinis
1455 3835 1665 3907 teneantur,
1699 3849 1768 3898 nec
1800 3820 1917 3897 eciam
1944 3820 2105 3927 quadie
2137 3821 2343 3927 septimane

925 3952 1068 4029 dictum
1085 3966 1292 4025 mercatum
1310 3950 1436 4025 minus
1451 3966 1608 4027 noceret
1626 3949 1720 4027 locis
1732 3951 1879 4039 vicinis,
1895 3951 1927 4028 si
1940 3978 2011 4029 nos
2024 3950 2122 4027 illud
2129 3950 2342 4029 concedere

923 4080 1170 4185 contingeret,
1192 4078 1409 4179 ordinatum
1427 4077 1517 4169 fuit,
1540 4106 1608 4185 per
1626 4080 1766 4157 curium
1790 4098 1975 4169 nostram,
1995 4080 2100 4187 quod
2121 4107 2234 4187 super
2255 4110 2346 4187 pre·

922 4210 1031 4288 dictis
1048 4210 1244 4301 omnibus,
1264 4212 1403 4288 vocatis
1421 4212 1488 4317 qui
1511 4210 1653 4288 suerint
1671 4212 1874 4302 evocandi,
1896 4227 1936 4298 et
1953 4210 2162 4319 specialiter
2177 4212 2346 4292 dominis

921 4342 996 4419 illis
1016 4344 1082 4448 qui
1103 4342 1244 4420 hebent
1262 4360 1424 4419 mercata
1443 4342 1487 4419 in·
1501 4342 1594 4419 loeis
1611 4343 1759 4433 vicinis,
1781 4344 1829 4421 de
1848 4370 1946 4421 novo
1966 4344 2098 4421 veritas
2116 4344 2341 4450 inquiretur,

923 4491 959 4551 et
970 4474 1074 4581 quod
1095 4474 1192 4551 dicte
1213 4474 1384 4581 inquesta
1398 4474 1510 4551 nobis
1524 4474 1749 4564 remittetur,
1771 4492 1815 4552 ut
1828 4502 1943 4582 super
1957 4476 2047 4566 hoc,
2062 4475 2204 4581 absque
2217 4476 2344 4555 alieno

920 4604 1144 4712 prejudicio,¹
1166 4605 1302 4683 melius
1321 4606 1494 4683 ordinare
1512 4605 1716 4712 possimus.⁴

965 4738 1152 4815 ‘Mercurii
1172 4755 1258 4843 post
1275 4737 1689 4817 Sanctum-Barnabam

975 4866 1101 4944 Cassel
1124 4869 1335 4973 reportavit.

973 5125 1062 5207 Vlss.
1094 5129 1193 5209 Cum
1220 5130 1329 5207 nobis
1351 5131 1613 5238 significaverit
1633 5132 1794 5234 dilectus
1825 5151 1863 5211 et
1891 5132 2015 5240 fidelis
2033 5076 2262 5212 Guillelmus
2290 5132 2346 5210 de

918 5258 1117 5349 Plaisiano,
1142 5260 1250 5337 miles
1274 5278 1413 5350 noster,
1435 5264 1540 5370 quod
1561 5265 1600 5339 in
1620 5282 1739 5342 castro
1760 5292 1830 5342 suo
1850 5263 1898 5341 de
1917 5264 2160 5381 Vicenobrio,
2180 5262 2345 5371 singulis

919 5390 1042 5478 annis,
1063 5390 1142 5467 sola
1161 5389 1225 5467 die
1240 5387 1325 5467 festi
1342 5392 1445 5489 beuti·
1457 5393 1629 5483 dudm,
1647 5393 1826 5500 apostoli,
1846 5394 2000 5472 francho
2013 5396 2187 5474 nundine
2203 5412 2347 5473 tenen·
