5817 7292
1013 1086 1280 1193 nnontras
1305 1105 1370 1176 nr
1396 1081 1603 1177 rnocns.
1869 1208 1874 1216 Ι
1939 1058 2013 1169 '707

602 1242 727 1333 berto,
746 1270 831 1319 eum
849 1244 929 1351 ejus
945 1272 1060 1332 uxore
1083 1261 1120 1321 et
1136 1242 1290 1334 familia,
1310 1244 1471 1351 quadam
1485 1243 1564 1320 vice
1584 1242 1625 1317 in
1645 1242 1744 1316 dicto
1757 1242 1923 1346 prioratu
1938 1270 2020 1348 gra·
2055 1245 2186 1300 Pnnm
2200 1242 2242 1306 Ν,

601 1373 700 1447 ciose
715 1389 865 1478 recepto
882 1392 919 1450 et
935 1376 1140 1484 hospitato,
1161 1376 1345 1481 quosdam
1364 1373 1517 1452 valletos
1532 1372 1580 1448 de
1596 1400 1662 1449 sua
1681 1370 1837 1461 familia,
1856 1372 1937 1477 ipso
1951 1372 2019 1449 do·
2118 1336 2181 1379 mh

601 1502 704 1577 mino
720 1502 859 1581 sciente
874 1522 911 1583 et
925 1535 1000 1583 non
1014 1506 1253 1613 prohibente,
1269 1505 1397 1612 plures
1408 1532 1535 1611 graves
1548 1529 1715 1579 excessus
1729 1500 1869 1578 ibidem
1883 1531 2019 1607 perpe·

600 1647 730 1721 trasse,
751 1650 788 1711 et
807 1636 1004 1741 quendam.
1020 1636 1108 1714 dicti
1127 1637 1311 1743 prioratus
1331 1633 1576 1721 monachum,
1597 1632 1757 1709 fratrem
1770 1630 2020 1711 Guillelmum

601 1762 729 1841 Cortet
740 1765 929 1857 videlicet,
947 1768 1145 1857 occidisse,
1163 1766 1380 1873 dictumque
1395 1764 1610 1852 dominum,
1624 1792 1737 1869 snper
1749 1765 1821 1840 boc
1835 1762 2021 1839 sufficien-

600 1911 658 1971 ter
670 1897 910 2003 requisitum,
925 1898 1034 1975 dictis
1051 1897 1241 1974 maleficiis
1254 1926 1329 1980 non
1344 1897 1528 1984 obviasse,
1545 1896 1662 1970 immo
1676 1894 1801 1998 ipsum
1815 1892 1935 1970 dictos
1949 1922 2022 1969 ma·

601 2024 794 2104 lelactores
808 2047 1029 2134 receptasse,
1048 2027 1253 2104 custodisse
1269 2044 1305 2103 et
1319 2055 1445 2103 secum
1462 2024 1610 2102 duxisse
1627 2039 1666 2099 et
1679 2022 1847 2129 fugiendi
1865 2040 2021 2130 oportu-

601 2153 756 2229 nitatem
770 2158 992 2258 prestitisse;
1007 2158 1108 2233 curia
1121 2174 1248 2233 tamen
1264 2172 1391 2233 nostra
1405 2154 1647 2231 considerans
1661 2153 1766 2259 quod
1780 2154 1904 2230 dictus
1919 2152 2021 2231 filins

601 2309 678 2358 non
701 2283 840 2361 dicitur
865 2286 905 2359 in
930 2285 1150 2392 hujusmodi
1177 2286 1379 2391 deliquisse
1405 2285 1647 2391 punicionem
1673 2283 1757 2361 facti
1785 2284 2018 2394 hujusmodi,

600 2429 782 2519 quantum
803 2415 851 2490 ad
871 2416 1013 2492 dictum
1033 2417 1239 2493 Robertum
1263 2433 1300 2492 et
1315 2417 1395 2523 ejus
1417 2414 1592 2501 heredes,
1610 2430 1725 2519 prout
1744 2415 2022 2492 racionabiliter

601 2520 721 2619 lacere
738 2544 873 2651 potuit,
893 2547 1116 2635 moderavit,
1138 2562 1191 2635 et,
1209 2574 1277 2653 per
1294 2574 1404 2622 suum
1416 2543 1621 2648 judicium,
1640 2544 1733 2621 dixit
1748 2560 1786 2619 et
1800 2547 2022 2649 pronuncia-

601 2674 651 2750 vit
670 2676 774 2782 quod
791 2676 912 2755 dictus
926 2678 1051 2766 heres,
1070 2678 1218 2754 racione
1235 2676 1322 2752 dicti
1338 2675 1465 2752 delicti
1483 2674 1685 2780 patrissui,
1701 2672 1819 2750 solvet
1837 2675 1947 2752 dictis
1963 2704 2021 2753 re-

601 2804 743 2913 ligiosis
758 2807 862 2884 mille
876 2827 913 2885 et
930 2810 1153 2915 quingentas
1168 2806 1279 2883 libras
1293 2808 1535 2883 Turonenses
1551 2832 1620 2910 pro
1637 2804 1784 2912 injuriis
1800 2822 1838 2881 et
1849 2805 2021 2912 dampnis

601 2936 795 3041 predictis,
808 2956 845 3015 et
859 2939 969 3016 nobis
982 2939 1087 3016 mille
1102 2953 1139 3014 et
1150 2936 1373 3045 quingentas
1387 2934 1500 3013 libras
1513 2937 1754 3012 Turonenses
1763 2963 1831 3041 pro
1843 2935 2019 3026 emenda,

601 3083 652 3155 et,
671 3095 757 3142 cum
779 3069 851 3145 boc
871 3069 994 3146 dictus
1011 3068 1121 3145 heres
1138 3067 1329 3154 fundabit,
1351 3066 1491 3174 absque
1505 3064 1711 3157 dilacione,
1732 3093 1847 3142 unam
1864 3064 2023 3173 capella·
2109 3087 2113 3093 '

603 3196 702 3271 niam
719 3216 938 3304 perpetuam
958 3200 997 3275 in
1016 3200 1115 3277 dicto
1132 3198 1298 3305 prioratu
1319 3199 1367 3277 de
1387 3197 1515 3306 viginti
1530 3196 1637 3275 libris
1657 3197 1944 3274 Turonensibus
1960 3226 2024 3273 an-

602 3326 668 3402 nui
690 3344 727 3403 et
746 3332 919 3435 perpetui
941 3329 1128 3417 redditus,
1149 3329 1189 3405 in
1209 3356 1283 3435 qua
1303 3328 1508 3405 celebrabit
1530 3326 1745 3431 capellanus
1763 3326 1938 3406 secularis
1957 3326 2022 3431 qui

602 3455 641 3531 in
658 3486 699 3533 ea
715 3458 940 3549 instituetur,
959 3487 1027 3564 pro
1048 3460 1172 3536 anima
1188 3458 1353 3537 defuncti
1371 3455 1564 3536 Guillelmi
1581 3456 1759 3563 predicti3
1776 3458 1883 3564 cujus
1903 3456 2024 3563 capel-

603 3583 700 3664 lanie
721 3588 963 3666 collacionem
983 3590 1092 3667 nobis
1113 3607 1152 3666 et
1169 3588 1306 3666 nostris
1325 3586 1603 3665 successoribus
1623 3588 1849 3663 Francorum
1869 3585 2023 3691 regibus

604 3732 821 3793 retinemus.

662 3844 820 3923 Sabbate
836 3862 921 3952 post
942 3847 1091 3924 estivale
1107 3845 1242 3923 festum
1264 3843 1364 3921 beati
1381 3842 1544 3920 Martini.

663 3976 792 4085 Voyssi
812 3978 1024 4084 reportavit.

666 4238 772 4314 LXX.
804 4238 903 4314 Mota
928 4235 1009 4327 lite,
1032 4264 1155 4313 coram
1175 4236 1366 4343 preposito
1386 4234 1600 4323 Parisiensi,
1629 4236 1728 4312 inter
1751 4235 1953 4313 Gossinum
1978 4238 2025 4314 de

608 4369 825 4456 Brabancia,
844 4368 958 4443 civem
980 4368 1240 4458 Parisiensem,
1263 4394 1308 4444 ex
1327 4396 1401 4444 una
1419 4383 1543 4472 parte,
1560 4382 1598 4443 et
1617 4367 1770 4443 Petrum
1790 4364 1825 4441 le
1846 4366 2022 4451 Hateour‚

609 4498 842 4584 servientem,
858 4498 1024 4603 equitem
1039 4498 1141 4605 gueti
1154 4496 1382 4587 Parisiensis,
1399 4525 1442 4574 ex
1456 4494 1584 4584 altera,
1599 4523 1770 4602 supereo
1786 4496 1890 4601 quod
1904 4496 2025 4573 dictus

608 4625 790 4705 Gossinus
801 4629 1049 4734 proponebat,
1065 4643 1193 4706 contra
1209 4628 1353 4705 dictum
1365 4629 1535 4716 Petrum,
1553 4625 1659 4731 quod
1673 4625 1775 4703 idem
1789 4627 1920 4703 Petrus
1932 4625 2024 4741 salso

608 4776 646 4833 et
659 4758 888 4862 prodiciose,
904 4762 998 4838 bora
1014 4760 1153 4851 noctis,
1171 4760 1241 4839 sub
1257 4758 1382 4837 colore
1402 4758 1506 4867 gueti
1526 4755 1758 4845 Parisiensis,
1780 4756 1924 4835 insidiis
1941 4786 2022 4862 pre

608 4888 743 4992 paratis
765 4906 803 4967 et
816 4908 1063 4997 preconcepta
1082 4890 1243 4980 malicia,
1266 4904 1437 4978 venerat,
1458 4916 1533 4964 una
1554 4916 1641 4963 cum
1661 4887 1825 4993 quodam
1845 4886 2024 4994 complice

609 5046 695 5107 suo,
718 5019 756 5094 in
773 5022 980 5127 quadruvio
997 5020 1326 5112 Sancti-Severini,
1341 5018 1598 5126 investigando
1612 5017 1678 5095 ubi
1693 5034 1771 5096 erat
1787 5016 1922 5096 domus
1935 5018 2024 5096 dicti

610 5148 776 5240 Gossini,
790 5168 841 5241 et,
857 5181 944 5229 cum
957 5153 1145 5231 venissent
1160 5154 1207 5231 ad
1222 5153 1359 5231 dictam
1370 5149 1543 5240 domum,
1557 5163 1837 5255 percusserunt,
1849 5146 2028 5225 etclama·

611 5294 784 5368 vemnt„
798 5280 982 5387 Aperiatis
995 5284 1068 5363 cito
1084 5283 1220 5361 ostium
1232 5298 1347 5391 gueto
1359 5278 1573 5368 Parisiensi3
1590 5278 1788 5356 »etstatim
1804 5276 2027 5355 dictusGos·

611 5408 714 5485 sinus
731 5410 872 5489 ostium
885 5442 995 5493 suum
1014 5414 1175 5521 aperuit,
1191 5410 1415 5509 credensibi
1429 5426 1584 5520 gustum
1598 5436 1695 5498 csse;
1714 5423 1752 5484 et
1766 5407 1890 5485 statim
1904 5406 2026 5485 dictus

1849 5562 1899 5644 89.
