5817 7292
907 996 980 1073 58t
1486 995 1577 1068 LES
1603 993 1746 1067 OLIM.

681 1152 810 1204 Parnm
822 1148 866 1213 tv,
902 1154 1057 1217 ventum
1084 1164 1126 1213 ac
1148 1134 1280 1213 fratres
1305 1134 1352 1211 de
1376 1135 1567 1242 Bosqueto
1587 1150 1760 1212 tueretur
1786 1148 1824 1209 et
1845 1131 2068 1214 defenderet
2092 1137 2140 1215 ab
2163 1140 2325 1251 injuriis,

740 1240 803 1283 Μ’
902 1266 1093 1349 violenciis
1122 1282 1160 1345 et
1188 1265 1403 1373 portacione
1428 1292 1621 1342 armorum
1648 1280 1775 1341 contre
1798 1262 1918 1341 dictos
1944 1265 2153 1373 capitulum
2179 1290 2217 1351 et
2238 1276 2328 1353 Ber-

901 1397 1096 1487 trandum,
1123 1424 1209 1473 cum
1238 1392 1491 1472 verisimiliter
1518 1393 1686 1470 dicerent
1711 1420 1750 1469 se
1781 1392 1917 1472 timere
1944 1396 1992 1473 de
2027 1397 2137 1476 dictis
2167 1404 2328 1509 capitulo

903 1548 940 1607 et
958 1527 1184 1613 Bertrando,
1202 1524 1290 1632 quia
1309 1524 1380 1630 ipsi
1399 1524 1571 1630 quintam
1589 1539 1735 1631 partem
1754 1521 1946 1604 fructuum
1970 1533 2270 1611 excrescentium
2290 1536 2329 1613 in

902 1688 1032 1739 manso
1046 1660 1310 1765 deBosqueto,
1326 1682 1395 1763 per
1407 1653 1646 1744 violenciam,
1663 1672 1882 1761 acceperant
1895 1673 1933 1735 et
1947 1658 1995 1735 de
2009 1688 2126 1750 novo,
2142 1679 2181 1742 et
2193 1665 2224 1741 si
2238 1666 2326 1745 dicti

901 1790 1106 1899 capitulum
1136 1805 1173 1866 et
1190 1786 1422 1866 Bertrandus
1440 1784 1582 1863 vellent
1602 1785 1747 1893 aliquid
1771 1786 1811 1861 in
1838 1789 2069 1867 contrarium
2094 1820 2324 1900 proponere,

901 1921 1019 2031 quod,
1037 1948 1162 2000 coram
1175 1920 1258 2027 ipso
1271 1918 1398 1997 locum
1410 1934 1580 2006 tenente,
1599 1916 1702 1995 diem
1714 1934 1854 1995 certam
1866 1918 1977 1998 dictis
1990 1923 2162 2027 partibus
2171 1928 2328 2035 assigna.

902 2070 978 2141 ret,
1001 2050 1378 2160 comparentibusque
1399 2049 1438 2125 in
1454 2048 1601 2157 judicio
1623 2047 1732 2127 dictis
1752 2049 1920 2154 partibus
1939 2078 2067 2129 coram
2084 2054 2184 2134 dicto
2198 2058 2322 2135 locum

902 2160 1067 2273 tenente,
1076 2212 1160 2290 pars
1175 2182 1360 2260 dictorum
1375 2180 1528 2287 capituli
1543 2198 1581 2258 et
1591 2180 1786 2257 Bertrandi
1801 2200 2032 2288 proponeret
2045 2213 2085 2261 se
2104 2214 2180 2264 non
2200 2188 2320 2267 teneri

902 2300 1106 2423 procedere
1126 2314 1166 2389 in
1186 2313 1288 2391 curia
1299 2311 1503 2390 Biterrensi
1520 2310 1703 2418 predicta,
1726 2311 1815 2418 quia
1839 2312 1886 2390 de
1909 2314 2085 2419 predictis
2103 2345 2211 2395 causa
2226 2346 2321 2425 pen-

904 2444 1016 2524 debat
1034 2445 1133 2521 inter
1152 2442 1303 2521 easdem
1322 2468 1500 2548 personas
1520 2441 1561 2519 in
1586 2439 1684 2519 dicta
1708 2442 1810 2518 curia
1834 2444 2033 2549 temporali
2054 2446 2216 2555 episcopi
2235 2478 2322 2555 pre-

904 2576 1004 2666 dicti,
1028 2592 1069 2652 ut
1089 2572 1255 2663 dicebat,
1277 2599 1392 2678 quare
1413 2571 1566 2679 petebat
1585 2570 1728 2651 ibidem
1750 2601 1789 2650 se
1814 2571 1973 2665 remitti,
1993 2593 2099 2681 parte
2119 2576 2232 2655 altera
2257 2608 2323 2685 pe-

901 2723 1003 2783 tente
1040 2704 1156 2782 dictas
1184 2703 1327 2781 litteras
1361 2703 1578 2782 execucioni
1603 2702 1788 2793 mandari,
1817 2704 2040 2813 dicenteque
2064 2709 2325 2788 remissionem

902 2866 979 2917 non
1000 2866 1079 2915 esse
1099 2835 1327 2925 faciendam,
1348 2836 1415 2914 sed
1435 2836 1575 2913 dictam
1590 2835 1733 2911 curiam
1754 2834 2004 2915 Biterrensem
2027 2838 2168 2918 debere
2188 2840 2234 2917 de
2254 2842 2327 2919 hoc
2427 2842 2432 2848 ’

902 2996 1143 3077 cognoscere,
1158 2987 1235 3047 tam
1249 2968 1296 3047 de
1308 2964 1395 3045 stilo
1411 2966 1511 3045 dicte
1525 2966 1628 3043 curie
1638 2966 1861 3044 Biterrensis
1875 2969 2025 3046 notorio
2039 2970 2184 3077 diuque
2200 2974 2327 3051 obser-

902 3118 1000 3191 vato,
1017 3128 1131 3209 mam
1151 3128 1219 3207 per
1238 3115 1363 3177 nostra
1382 3113 1538 3186 statuta;
1558 3097 1713 3175 tandem
1732 3096 1856 3175 dictus
1877 3097 2003 3181 locum
2019 3115 2169 3192 tenens,
2186 3101 2324 3179 auditis

902 3230 1082 3337 predictis
1101 3227 1337 3336 partibus,et
1352 3244 1594 3334 procuratore
1611 3227 1705 3305 dicti
1721 3226 1884 3334 episcopi
1905 3245 2095 3335 repetente
2112 3230 2250 3307 curiam
2270 3230 2322 3308 de

904 3357 1096 3467 predictis,
1112 3344 1332 3435 informatus
1355 3358 1403 3435 de
1423 3357 1525 3435 dicto
1543 3356 1645 3447 stilo,
1662 3373 1706 3435 ut
1725 3357 1886 3447 dicebat,
1905 3358 2162 3464 pronunciavit
2182 3359 2320 3437 dictam

903 3488 1165 3567 remissionem
1180 3484 1263 3565 fieri
1284 3514 1362 3564 non
1383 3486 1539 3576 debere,
1556 3487 1623 3566 sed
1641 3488 1915 3595 cogniscionem
1934 3485 2150 3594 hujusmodi
2166 3489 2205 3565 in
2219 3489 2320 3567 dicta

903 3621 1005 3705 curia
1017 3618 1221 3698 Biterrensi
1240 3617 1379 3697 debere
1398 3624 1617 3712 remanere}
1633 3648 1742 3726 aqua
1756 3618 2069 3727 pronunciacione
2086 3620 2246 3726 predicti
2259 3649 2322 3697 ca-

902 3753 1066 3861 pitulum
1087 3768 1125 3829 et
1138 3751 1366 3830 Bertrandus
1384 3750 1431 3827 ad
1452 3749 1700 3829 senescallum
1720 3751 2054 3843 Carcassonensem
2071 3750 2321 3859 appellarunt.

901 3864 976 3979 Qui
985 3938 999 3973 ‚-
1016 3882 1258 3974 senescallus,
1277 3882 1426 3988 cognito
1442 3881 1490 3960 de
1505 3881 1604 3959 dicta
1619 3879 1886 3989 appellacionis
1901 3912 2027 3975 cansa,
2042 3882 2264 3962 informatus
2274 3885 2323 3962 de

901 4012 987 4091 stilo
1002 4012 1099 4089 dicte
1119 4012 1221 4090 curie
1236 4012 1475 4101 Biterrensis,
1492 4029 1536 4089 ut
1550 4012 1712 4102 dicebat,
1729 4014 1989 4120 pronunciavit
2000 4015 2097 4093 bene
2111 4012 2226 4093 firisse
2240 4043 2322 4120 pro

902 4143 1122 4221 nunciatum
1142 4160 1180 4221 et
1199 4142 1296 4219 male
1316 4142 1563 4250 appellatum
1581 4172 1601 4219 a
1620 4172 1694 4250 qua
1713 4145 2029 4251 pronunciacione
2044 4145 2205 4252 predicti
2221 4146 2322 4253 capi-

774 4291 776 4297 ’
900 4272 1024 4350 tulum
1047 4290 1085 4352 et
1107 4273 1338 4351 Bertrandus
1360 4273 1495 4351 iterato
1521 4273 1571 4350 ad
1597 4277 1763 4352 nostram
1789 4275 1929 4354 curiam
1953 4275 2203 4383 appellarunt,
2218 4275 2321 4386 judi-

901 4431 1056 4511 cemque
1071 4404 1111 4481 in
1131 4405 1229 4482 dicte
1249 4403 1516 4511 appellacionis
1530 4434 1636 4483 causa
1658 4405 1926 4512 impetrarunt3
1947 4406 2013 4514 qui
2024 4407 2157 4515 judex,
2173 4408 2319 4515 cognito

902 4535 949 4613 de
969 4536 1067 4615 dicta
1086 4566 1212 4628 causa,
1233 4536 1491 4643 pronunciavit
1505 4535 1650 4615 dictum
1671 4536 1913 4615 senescallum
1936 4538 2034 4615 male
2053 4538 2316 4644 pronunciasse

901 4685 940 4746 et
958 4667 1077 4746 dictos
1097 4667 1301 4774 capitulum
1321 4696 1361 4745 ac
1376 4668 1628 4745 Bertrandum
1639 4666 1739 4746 hene
1754 4668 1975 4775 appellasse,
1990 4668 2186 4769 remittens
2199 4668 2318 4773 cogni-

901 4799 1048 4877 cionem
1068 4797 1166 4877 dicte
1187 4826 1295 4877 cause
1311 4798 1359 4877 ad
1374 4799 1516 4877 curiam
1535 4798 1781 4905 temporalem
1803 4800 1968 4906 episcopi
1986 4798 2184 4886 antedicti3
2204 4826 2318 4903 aqua

899 4929 1213 5038 pronunciacione
1229 4928 1317 5021 luit,
1331 4958 1399 5037 per
1413 4947 1559 5038 partem
1572 4930 1758 5011 dictorum
1773 4930 1916 5041 abbatis
1928 4946 1966 5009 et
1979 4948 2183 5009 conventus
2193 4958 2235 5007 ac
2249 4928 2322 5007 dic·

899 5079 1026 5141 torum
1039 5044 1212 5149 fratrum,
1234 5060 1282 5137 ad
1297 5078 1462 5139 nostram
1478 5060 1620 5139 curiam
1636 5061 1883 5169 appellatum:
1899 5062 1996 5142 Visis
2010 5061 2127 5169 igitur
2140 5060 2322 5169 processi-

899 5193 972 5271 bus
986 5192 1157 5272 omnium
1171 5189 1363 5269 causarum
1376 5193 1647 5301 predictarum,
1662 5196 1875 5302 auditisque
1890 5193 2075 5302 partibus,
2094 5192 2320 5297 attentisque

902 5323 1002 5403 dicto
1027 5324 1114 5403 stilo
1142 5323 1308 5430 predicte
1338 5324 1441 5401 curie
1464 5325 1686 5404 Biterrensis
1712 5344 1751 5403 et
1776 5326 1921 5404 statutis
1947 5326 2101 5413 nostris,
2128 5351 2195 5431 per
2218 5320 2322 5400 dicte
