<?xml version="1.0" encoding="UTF-8"?>
<!DOCTYPE html PUBLIC "-//W3C//DTD XHTML 1.0 Transitional//EN"
    "http://www.w3.org/TR/xhtml1/DTD/xhtml1-transitional.dtd">
<html xmlns="http://www.w3.org/1999/xhtml" xml:lang="en" lang="en">
 <head>
  <title>
</title>
<meta http-equiv="Content-Type" content="text/html;charset=utf-8" />
  <meta name='ocr-system' content='tesseract 3.04.00' />
  <meta name='ocr-capabilities' content='ocr_page ocr_carea ocr_par ocr_line ocrx_word'/>
</head>
<body>
  <div class='ocr_page' id='page_1' title='image "./lesolimouregist00pargoog_0396.png"; bbox 0 0 5817 7292; ppageno 0'>
   <div class='ocr_carea' id='block_1_1' title="bbox 868 1077 1708 1153">
    <p class='ocr_par' dir='ltr' id='par_1_1' title="bbox 868 1077 1708 1153">
     <span class='ocr_line' id='line_1_1' title="bbox 868 1077 1708 1153; baseline -0.005 -1"><span class='ocrx_word' id='word_1_1' title='bbox 868 1083 942 1153; x_wconf 81' lang='lat'>290</span> <span class='ocrx_word' id='word_1_2' title='bbox 1445 1079 1536 1150; x_wconf 86' lang='lat' dir='ltr'>LES</span> <span class='ocrx_word' id='word_1_3' title='bbox 1567 1077 1708 1151; x_wconf 84' lang='lat' dir='ltr'>OLlM.</span> 
     </span>
    </p>
   </div>
   <div class='ocr_carea' id='block_1_2' title="bbox 642 1218 2292 2508">
    <p class='ocr_par' dir='ltr' id='par_1_2' title="bbox 642 1218 2292 2508">
     <span class='ocr_line' id='line_1_2' title="bbox 642 1218 2285 1327; baseline -0.002 -28"><span class='ocrx_word' id='word_1_4' title='bbox 642 1227 772 1280; x_wconf 62' lang='lat' dir='ltr'>Pfflfflss</span> <span class='ocrx_word' id='word_1_5' title='bbox 786 1227 829 1291; x_wconf 56' lang='lat' dir='ltr'>W,</span> <span class='ocrx_word' id='word_1_6' title='bbox 866 1222 965 1313; x_wconf 89' lang='lat' dir='ltr'>tatis,</span> <span class='ocrx_word' id='word_1_7' title='bbox 979 1223 1064 1298; x_wconf 88' lang='lat' dir='ltr'>visis</span> <span class='ocrx_word' id='word_1_8' title='bbox 1084 1239 1122 1297; x_wconf 90' lang='lat' dir='ltr'>et</span> <span class='ocrx_word' id='word_1_9' title='bbox 1140 1221 1343 1327; x_wconf 75' lang='lat' dir='ltr'><strong>diiigenter</strong></span> <span class='ocrx_word' id='word_1_10' title='bbox 1356 1220 1586 1312; x_wconf 82' lang='lat' dir='ltr'><strong>examinatis,</strong></span> <span class='ocrx_word' id='word_1_11' title='bbox 1600 1248 1668 1327; x_wconf 91' lang='lat' dir='ltr'>per</span> <span class='ocrx_word' id='word_1_12' title='bbox 1681 1221 1799 1326; x_wconf 91' lang='lat' dir='ltr'>ipsius</span> <span class='ocrx_word' id='word_1_13' title='bbox 1814 1219 1916 1296; x_wconf 89' lang='lat' dir='ltr'>curie</span> <span class='ocrx_word' id='word_1_14' title='bbox 1937 1234 2063 1296; x_wconf 88' lang='lat' dir='ltr'>nostre</span> <span class='ocrx_word' id='word_1_15' title='bbox 2079 1218 2285 1323; x_wconf 87' lang='lat' dir='ltr'>judicium,</span> 
     </span>
     <span class='ocr_line' id='line_1_3' title="bbox 705 1321 2289 1458; baseline -0.003 -27"><span class='ocrx_word' id='word_1_16' title='bbox 705 1321 767 1362; x_wconf 55' lang='grc' dir='ltr'>Μ’</span> <span class='ocrx_word' id='word_1_17' title='bbox 868 1354 1009 1431; x_wconf 85' lang='lat' dir='ltr'>dictum</span> <span class='ocrx_word' id='word_1_18' title='bbox 1036 1352 1107 1429; x_wconf 87' lang='lat' dir='ltr'>luit</span> <span class='ocrx_word' id='word_1_19' title='bbox 1126 1351 1341 1458; x_wconf 83' lang='lat' dir='ltr'>predictum</span> <span class='ocrx_word' id='word_1_20' title='bbox 1367 1350 1612 1430; x_wconf 90' lang='lat' dir='ltr'>domicellum</span> <span class='ocrx_word' id='word_1_21' title='bbox 1641 1352 1739 1430; x_wconf 90' lang='lat' dir='ltr'>male</span> <span class='ocrx_word' id='word_1_22' title='bbox 1766 1350 2054 1458; x_wconf 82' lang='lat' dir='ltr'>pronunciasse,</span> <span class='ocrx_word' id='word_1_23' title='bbox 2081 1366 2119 1426; x_wconf 90' lang='lat' dir='ltr'>et</span> <span class='ocrx_word' id='word_1_24' title='bbox 2145 1349 2289 1427; x_wconf 86' lang='lat' dir='ltr'>dictum</span> 
     </span>
     <span class='ocr_line' id='line_1_4' title="bbox 867 1478 2292 1590; baseline -0.004 -28"><span class='ocrx_word' id='word_1_25' title='bbox 867 1486 1077 1562; x_wconf 74' lang='lat' dir='ltr'>iohannem</span> <span class='ocrx_word' id='word_1_26' title='bbox 1109 1484 1207 1560; x_wconf 90' lang='lat' dir='ltr'>bene</span> <span class='ocrx_word' id='word_1_27' title='bbox 1235 1501 1272 1560; x_wconf 90' lang='lat' dir='ltr'>et</span> <span class='ocrx_word' id='word_1_28' title='bbox 1295 1483 1479 1590; x_wconf 84' lang='lat' dir='ltr'>legittime</span> <span class='ocrx_word' id='word_1_29' title='bbox 1504 1481 1741 1572; x_wconf 80' lang='lat' dir='ltr'><strong>reclamasse,</strong></span> <span class='ocrx_word' id='word_1_30' title='bbox 1771 1499 1809 1560; x_wconf 90' lang='lat' dir='ltr'>et</span> <span class='ocrx_word' id='word_1_31' title='bbox 1835 1481 1971 1557; x_wconf 89' lang='lat' dir='ltr'>dictam</span> <span class='ocrx_word' id='word_1_32' title='bbox 1999 1478 2201 1558; x_wconf 79' lang='lat' dir='ltr'>factionem</span> <span class='ocrx_word' id='word_1_33' title='bbox 2225 1507 2292 1556; x_wconf 89' lang='lat' dir='ltr'>seu</span> 
     </span>
     <span class='ocr_line' id='line_1_5' title="bbox 867 1608 2290 1719; baseline -0.005 -27"><span class='ocrx_word' id='word_1_34' title='bbox 867 1634 1081 1702; x_wconf 85' lang='lat' dir='ltr'>teneuram,</span> <span class='ocrx_word' id='word_1_35' title='bbox 1108 1630 1221 1719; x_wconf 91' lang='lat' dir='ltr'>prout</span> <span class='ocrx_word' id='word_1_36' title='bbox 1239 1613 1278 1689; x_wconf 92' lang='lat' dir='ltr'>in</span> <span class='ocrx_word' id='word_1_37' title='bbox 1296 1612 1427 1690; x_wconf 92' lang='lat' dir='ltr'>libello</span> <span class='ocrx_word' id='word_1_38' title='bbox 1449 1611 1547 1688; x_wconf 91' lang='lat' dir='ltr'>dicte</span> <span class='ocrx_word' id='word_1_39' title='bbox 1572 1612 1853 1690; x_wconf 90' lang='lat' dir='ltr'>reclamacionis</span> <span class='ocrx_word' id='word_1_40' title='bbox 1872 1608 2142 1700; x_wconf 87' lang='lat' dir='ltr'>conlrontatur,</span> <span class='ocrx_word' id='word_1_41' title='bbox 2165 1610 2290 1689; x_wconf 90' lang='lat' dir='ltr'>eidem</span> 
     </span>
     <span class='ocr_line' id='line_1_6' title="bbox 868 1741 2291 1850; baseline -0.002 -27"><span class='ocrx_word' id='word_1_42' title='bbox 868 1743 1029 1823; x_wconf 76' lang='lat' dir='ltr'>iohanni</span> <span class='ocrx_word' id='word_1_43' title='bbox 1050 1742 1321 1821; x_wconf 75' lang='lat' dir='ltr'>restituendam</span> <span class='ocrx_word' id='word_1_44' title='bbox 1347 1772 1426 1820; x_wconf 89' lang='lat' dir='ltr'>esse</span> <span class='ocrx_word' id='word_1_45' title='bbox 1447 1772 1534 1820; x_wconf 90' lang='lat' dir='ltr'>cum</span> <span class='ocrx_word' id='word_1_46' title='bbox 1554 1741 1738 1840; x_wconf 84' lang='lat' dir='ltr'>fructibus</span> <span class='ocrx_word' id='word_1_47' title='bbox 1762 1743 1912 1820; x_wconf 82' lang='lat' dir='ltr'>edictis</span> <span class='ocrx_word' id='word_1_48' title='bbox 1932 1743 2006 1820; x_wconf 89' lang='lat' dir='ltr'>reis</span> <span class='ocrx_word' id='word_1_49' title='bbox 2025 1742 2113 1820; x_wconf 79' lang='lat' dir='ltr'>in&#39;de</span> <span class='ocrx_word' id='word_1_50' title='bbox 2136 1771 2291 1850; x_wconf 86' lang='lat' dir='ltr'>pereep-</span> 
     </span>
     <span class='ocr_line' id='line_1_7' title="bbox 867 1873 2291 1982; baseline -0.001 -30"><span class='ocrx_word' id='word_1_51' title='bbox 867 1876 915 1954; x_wconf 91' lang='lat' dir='ltr'>tis</span> <span class='ocrx_word' id='word_1_52' title='bbox 926 1894 1125 1982; x_wconf 89' lang='lat' dir='ltr'>atempore</span> <span class='ocrx_word' id='word_1_53' title='bbox 1139 1874 1418 1953; x_wconf 90' lang='lat' dir='ltr'>reclamacionis</span> <span class='ocrx_word' id='word_1_54' title='bbox 1427 1873 1612 1980; x_wconf 84' lang='lat' dir='ltr'>predicte,</span> <span class='ocrx_word' id='word_1_55' title='bbox 1628 1891 1680 1966; x_wconf 91' lang='lat' dir='ltr'>et,</span> <span class='ocrx_word' id='word_1_56' title='bbox 1695 1903 1763 1981; x_wconf 92' lang='lat' dir='ltr'>per</span> <span class='ocrx_word' id='word_1_57' title='bbox 1775 1875 1878 1951; x_wconf 92' lang='lat' dir='ltr'>idem</span> <span class='ocrx_word' id='word_1_58' title='bbox 1888 1874 2077 1982; x_wconf 90' lang='lat' dir='ltr'>judicium</span> <span class='ocrx_word' id='word_1_59' title='bbox 2090 1874 2291 1980; x_wconf 85' lang='lat' dir='ltr'>condemp</span> 
     </span>
     <span class='ocr_line' id='line_1_8' title="bbox 870 2005 2292 2114; baseline -0.001 -30"><span class='ocrx_word' id='word_1_60' title='bbox 870 2007 945 2084; x_wconf 88' lang='lat' dir='ltr'>nati</span> <span class='ocrx_word' id='word_1_61' title='bbox 956 2005 1111 2085; x_wconf 83' lang='lat' dir='ltr'>luenmt</span> <span class='ocrx_word' id='word_1_62' title='bbox 1120 2008 1209 2085; x_wconf 89' lang='lat' dir='ltr'>dieti</span> <span class='ocrx_word' id='word_1_63' title='bbox 1219 2007 1274 2083; x_wconf 90' lang='lat' dir='ltr'>rei</span> <span class='ocrx_word' id='word_1_64' title='bbox 1285 2006 1585 2084; x_wconf 86' lang='lat' dir='ltr'>adreddendum</span> <span class='ocrx_word' id='word_1_65' title='bbox 1597 2006 1721 2084; x_wconf 90' lang='lat' dir='ltr'>eidem</span> <span class='ocrx_word' id='word_1_66' title='bbox 1728 2005 1887 2084; x_wconf 83' lang='lat' dir='ltr'>lohanni</span> <span class='ocrx_word' id='word_1_67' title='bbox 1901 2005 2292 2114; x_wconf 86' lang='lat' dir='ltr'>quinquagintalibras</span> 
     </span>
     <span class='ocr_line' id='line_1_9' title="bbox 870 2136 1966 2245; baseline -0.001 -31"><span class='ocrx_word' id='word_1_68' title='bbox 870 2137 1152 2216; x_wconf 68' lang='lat' dir='ltr'>&#39;turonensium</span> <span class='ocrx_word' id='word_1_69' title='bbox 1171 2137 1378 2231; x_wconf 89' lang='lat' dir='ltr'>bonomm,</span> <span class='ocrx_word' id='word_1_70' title='bbox 1399 2164 1469 2244; x_wconf 92' lang='lat' dir='ltr'>pro</span> <span class='ocrx_word' id='word_1_71' title='bbox 1491 2138 1661 2244; x_wconf 84' lang='lat' dir='ltr'>dampnis</span> <span class='ocrx_word' id='word_1_72' title='bbox 1681 2137 1758 2214; x_wconf 92' lang='lat' dir='ltr'>suis</span> <span class='ocrx_word' id='word_1_73' title='bbox 1775 2136 1966 2245; x_wconf 87' lang='lat' dir='ltr'>predictis.</span> 
     </span>
     <span class='ocr_line' id='line_1_10' title="bbox 928 2269 1405 2376; baseline -0.004 -31"><span class='ocrx_word' id='word_1_74' title='bbox 928 2270 1028 2346; x_wconf 88' lang='lat' dir='ltr'>Jovis</span> <span class='ocrx_word' id='word_1_75' title='bbox 1041 2287 1126 2376; x_wconf 88' lang='lat' dir='ltr'>post</span> <span class='ocrx_word' id='word_1_76' title='bbox 1145 2269 1405 2346; x_wconf 87' lang='lat' dir='ltr'>Candelosam.</span> 
     </span>
     <span class='ocr_line' id='line_1_11' title="bbox 927 2400 1262 2508; baseline -0.009 -30"><span class='ocrx_word' id='word_1_77' title='bbox 927 2404 1029 2508; x_wconf 84' lang='lat' dir='ltr'>Roya</span> <span class='ocrx_word' id='word_1_78' title='bbox 1046 2400 1262 2508; x_wconf 80' lang='lat' dir='ltr'>reportavit.</span> 
     </span>
    </p>
   </div>
   <div class='ocr_carea' id='block_1_3' title="bbox 871 2661 2296 3687">
    <p class='ocr_par' dir='ltr' id='par_1_3' title="bbox 871 2661 2296 3687">
     <span class='ocr_line' id='line_1_12' title="bbox 928 2661 2293 2770; baseline -0.001 -30"><span class='ocrx_word' id='word_1_79' title='bbox 928 2665 1035 2743; x_wconf 87' lang='lat' dir='ltr'><strong>XXV.</strong></span> <span class='ocrx_word' id='word_1_80' title='bbox 1068 2663 1190 2768; x_wconf 86' lang='lat' dir='ltr'>Super</span> <span class='ocrx_word' id='word_1_81' title='bbox 1203 2689 1248 2739; x_wconf 88' lang='lat' dir='ltr'>eo</span> <span class='ocrx_word' id='word_1_82' title='bbox 1259 2663 1364 2770; x_wconf 93' lang='lat' dir='ltr'>quod</span> <span class='ocrx_word' id='word_1_83' title='bbox 1374 2661 1572 2753; x_wconf 85' lang='lat' dir='ltr'>Ysabellis,</span> <span class='ocrx_word' id='word_1_84' title='bbox 1587 2663 1743 2739; x_wconf 88' lang='lat' dir='ltr'>domina</span> <span class='ocrx_word' id='word_1_85' title='bbox 1756 2664 1803 2740; x_wconf 94' lang='lat' dir='ltr'>de</span> <span class='ocrx_word' id='word_1_86' title='bbox 1819 2664 1939 2751; x_wconf 91' lang='lat' dir='ltr'>Escri,</span> <span class='ocrx_word' id='word_1_87' title='bbox 1952 2663 2055 2740; x_wconf 87' lang='lat' dir='ltr'>curie</span> <span class='ocrx_word' id='word_1_88' title='bbox 2067 2680 2194 2741; x_wconf 88' lang='lat' dir='ltr'>nostre</span> <span class='ocrx_word' id='word_1_89' title='bbox 2211 2691 2293 2741; x_wconf 90' lang='lat' dir='ltr'>con-</span> 
     </span>
     <span class='ocr_line' id='line_1_13' title="bbox 871 2791 2294 2902; baseline 0.001 -33"><span class='ocrx_word' id='word_1_90' title='bbox 871 2809 1000 2902; x_wconf 91' lang='lat' dir='ltr'>questa</span> <span class='ocrx_word' id='word_1_91' title='bbox 1019 2791 1140 2872; x_wconf 86' lang='lat' dir='ltr'>luerat</span> <span class='ocrx_word' id='word_1_92' title='bbox 1161 2793 1265 2899; x_wconf 94' lang='lat' dir='ltr'>quod</span> <span class='ocrx_word' id='word_1_93' title='bbox 1284 2793 1323 2868; x_wconf 92' lang='lat' dir='ltr'>in</span> <span class='ocrx_word' id='word_1_94' title='bbox 1343 2793 1460 2900; x_wconf 90' lang='lat' dir='ltr'>ipsius</span> <span class='ocrx_word' id='word_1_95' title='bbox 1484 2793 1738 2902; x_wconf 88' lang='lat' dir='ltr'>prejudicium</span> <span class='ocrx_word' id='word_1_96' title='bbox 1763 2795 1893 2902; x_wconf 88' lang='lat' dir='ltr'>major,</span> <span class='ocrx_word' id='word_1_97' title='bbox 1916 2793 2058 2872; x_wconf 86' lang='lat' dir='ltr'>scabini</span> <span class='ocrx_word' id='word_1_98' title='bbox 2078 2811 2117 2870; x_wconf 92' lang='lat' dir='ltr'>et</span> <span class='ocrx_word' id='word_1_99' title='bbox 2131 2823 2294 2872; x_wconf 91' lang='lat' dir='ltr'>commu·</span> 
     </span>
     <span class='ocr_line' id='line_1_14' title="bbox 872 2923 2294 3036; baseline 0.003 -36"><span class='ocrx_word' id='word_1_100' title='bbox 872 2925 968 3002; x_wconf 86' lang='lat' dir='ltr'>nitas</span> <span class='ocrx_word' id='word_1_101' title='bbox 987 2923 1086 3001; x_wconf 89' lang='lat' dir='ltr'>dicte</span> <span class='ocrx_word' id='word_1_102' title='bbox 1105 2923 1276 3002; x_wconf 83' lang='lat' dir='ltr'>villeaut</span> <span class='ocrx_word' id='word_1_103' title='bbox 1294 2925 1415 3032; x_wconf 91' lang='lat' dir='ltr'>major</span> <span class='ocrx_word' id='word_1_104' title='bbox 1434 2953 1568 3002; x_wconf 90' lang='lat' dir='ltr'>eorum</span> <span class='ocrx_word' id='word_1_105' title='bbox 1583 2953 1684 3031; x_wconf 89' lang='lat' dir='ltr'>pars,</span> <span class='ocrx_word' id='word_1_106' title='bbox 1703 2926 1884 3032; x_wconf 89' lang='lat' dir='ltr'>quasdam</span> <span class='ocrx_word' id='word_1_107' title='bbox 1903 2944 2107 3036; x_wconf 84' lang='lat' dir='ltr'>grossaset</span> <span class='ocrx_word' id='word_1_108' title='bbox 2126 2926 2294 3032; x_wconf 86' lang='lat' dir='ltr'>antiquas</span> 
     </span>
     <span class='ocr_line' id='line_1_15' title="bbox 873 3053 2296 3147; baseline 0.001 -15"><span class='ocrx_word' id='word_1_109' title='bbox 873 3055 1041 3144; x_wconf 89' lang='lat' dir='ltr'>arbores,</span> <span class='ocrx_word' id='word_1_110' title='bbox 1058 3055 1154 3132; x_wconf 83' lang='lat' dir='ltr'>circa</span> <span class='ocrx_word' id='word_1_111' title='bbox 1174 3073 1335 3133; x_wconf 84' lang='lat' dir='ltr'>castrum</span> <span class='ocrx_word' id='word_1_112' title='bbox 1356 3084 1468 3132; x_wconf 88' lang='lat' dir='ltr'>suurn</span> <span class='ocrx_word' id='word_1_113' title='bbox 1490 3053 1538 3132; x_wconf 87' lang='lat' dir='ltr'>de</span> <span class='ocrx_word' id='word_1_114' title='bbox 1557 3056 1661 3132; x_wconf 86' lang='lat' dir='ltr'>Escri</span> <span class='ocrx_word' id='word_1_115' title='bbox 1677 3056 1896 3147; x_wconf 83' lang='lat' dir='ltr'>existentes,</span> <span class='ocrx_word' id='word_1_116' title='bbox 1914 3057 2122 3146; x_wconf 85' lang='lat' dir='ltr'>maliciose,</span> <span class='ocrx_word' id='word_1_117' title='bbox 2145 3056 2239 3134; x_wconf 89' lang='lat' dir='ltr'>clam</span> <span class='ocrx_word' id='word_1_118' title='bbox 2259 3073 2296 3134; x_wconf 89' lang='lat' dir='ltr'>et</span> 
     </span>
     <span class='ocr_line' id='line_1_16' title="bbox 873 3185 2294 3296; baseline 0.001 -33"><span class='ocrx_word' id='word_1_119' title='bbox 873 3188 920 3264; x_wconf 91' lang='lat' dir='ltr'>de</span> <span class='ocrx_word' id='word_1_120' title='bbox 939 3204 1051 3265; x_wconf 87' lang='lat' dir='ltr'>noete</span> <span class='ocrx_word' id='word_1_121' title='bbox 1071 3185 1257 3264; x_wconf 80' lang='lat' dir='ltr'>sciderant</span> <span class='ocrx_word' id='word_1_122' title='bbox 1277 3203 1315 3263; x_wconf 89' lang='lat' dir='ltr'>et</span> <span class='ocrx_word' id='word_1_123' title='bbox 1334 3215 1461 3263; x_wconf 90' lang='lat' dir='ltr'>secum</span> <span class='ocrx_word' id='word_1_124' title='bbox 1482 3203 1737 3293; x_wconf 84' lang='lat' dir='ltr'>portaverant:</span> <span class='ocrx_word' id='word_1_125' title='bbox 1752 3189 1839 3268; x_wconf 89' lang='lat' dir='ltr'>Visa</span> <span class='ocrx_word' id='word_1_126' title='bbox 1859 3189 2032 3296; x_wconf 90' lang='lat' dir='ltr'>inquesta</span> <span class='ocrx_word' id='word_1_127' title='bbox 2051 3188 2294 3265; x_wconf 87' lang='lat' dir='ltr'>demandato</span> 
     </span>
     <span class='ocr_line' id='line_1_17' title="bbox 873 3315 2294 3425; baseline -0.001 -31"><span class='ocrx_word' id='word_1_128' title='bbox 873 3319 974 3394; x_wconf 87' lang='lat' dir='ltr'>curie</span> <span class='ocrx_word' id='word_1_129' title='bbox 993 3334 1119 3394; x_wconf 88' lang='lat' dir='ltr'>nostre</span> <span class='ocrx_word' id='word_1_130' title='bbox 1139 3315 1250 3408; x_wconf 85' lang='lat' dir='ltr'>facta,</span> <span class='ocrx_word' id='word_1_131' title='bbox 1275 3316 1413 3394; x_wconf 90' lang='lat' dir='ltr'>dictam</span> <span class='ocrx_word' id='word_1_132' title='bbox 1437 3317 1647 3424; x_wconf 88' lang='lat' dir='ltr'>inquestam</span> <span class='ocrx_word' id='word_1_133' title='bbox 1666 3336 1822 3425; x_wconf 90' lang='lat' dir='ltr'>propter</span> <span class='ocrx_word' id='word_1_134' title='bbox 1842 3318 1981 3396; x_wconf 88' lang='lat' dir='ltr'>multos</span> <span class='ocrx_word' id='word_1_135' title='bbox 2005 3316 2172 3395; x_wconf 84' lang='lat' dir='ltr'>delectus</span> <span class='ocrx_word' id='word_1_136' title='bbox 2193 3317 2231 3394; x_wconf 94' lang='lat' dir='ltr'>in</span> <span class='ocrx_word' id='word_1_137' title='bbox 2250 3344 2294 3394; x_wconf 90' lang='lat' dir='ltr'>ea</span> 
     </span>
     <span class='ocr_line' id='line_1_18' title="bbox 874 3447 2294 3556; baseline -0.001 -32"><span class='ocrx_word' id='word_1_138' title='bbox 874 3463 1058 3552; x_wconf 86' lang='lat' dir='ltr'>repertos,</span> <span class='ocrx_word' id='word_1_139' title='bbox 1074 3447 1176 3524; x_wconf 86' lang='lat' dir='ltr'>curia</span> <span class='ocrx_word' id='word_1_140' title='bbox 1191 3463 1317 3524; x_wconf 87' lang='lat' dir='ltr'>nostra</span> <span class='ocrx_word' id='word_1_141' title='bbox 1332 3475 1408 3525; x_wconf 91' lang='lat' dir='ltr'>non</span> <span class='ocrx_word' id='word_1_142' title='bbox 1419 3448 1619 3556; x_wconf 88' lang='lat' dir='ltr'>judicavit,</span> <span class='ocrx_word' id='word_1_143' title='bbox 1635 3450 1752 3527; x_wconf 90' lang='lat' dir='ltr'>immo</span> <span class='ocrx_word' id='word_1_144' title='bbox 1767 3449 1934 3556; x_wconf 86' lang='lat' dir='ltr'>precepit</span> <span class='ocrx_word' id='word_1_145' title='bbox 1948 3449 2067 3556; x_wconf 92' lang='lat' dir='ltr'>quod,</span> <span class='ocrx_word' id='word_1_146' title='bbox 2086 3474 2197 3552; x_wconf 88' lang='lat' dir='ltr'>super</span> <span class='ocrx_word' id='word_1_147' title='bbox 2209 3472 2294 3524; x_wconf 92' lang='lat' dir='ltr'>con-</span> 
     </span>
     <span class='ocr_line' id='line_1_19' title="bbox 873 3577 2293 3687; baseline 0.001 -33"><span class='ocrx_word' id='word_1_148' title='bbox 873 3578 988 3656; x_wconf 88' lang='lat' dir='ltr'>tentis</span> <span class='ocrx_word' id='word_1_149' title='bbox 1007 3578 1047 3654; x_wconf 92' lang='lat' dir='ltr'>in</span> <span class='ocrx_word' id='word_1_150' title='bbox 1066 3577 1331 3657; x_wconf 89' lang='lat' dir='ltr'>commissione</span> <span class='ocrx_word' id='word_1_151' title='bbox 1341 3607 1532 3687; x_wconf 87' lang='lat' dir='ltr'>perquam</span> <span class='ocrx_word' id='word_1_152' title='bbox 1543 3579 1637 3658; x_wconf 86' lang='lat' dir='ltr'>facta</span> <span class='ocrx_word' id='word_1_153' title='bbox 1653 3579 1724 3658; x_wconf 86' lang='lat' dir='ltr'>luit</span> <span class='ocrx_word' id='word_1_154' title='bbox 1742 3581 1839 3658; x_wconf 90' lang='lat' dir='ltr'>dicta</span> <span class='ocrx_word' id='word_1_155' title='bbox 1858 3581 2044 3687; x_wconf 87' lang='lat' dir='ltr'>inquesta,</span> <span class='ocrx_word' id='word_1_156' title='bbox 2059 3580 2091 3657; x_wconf 89' lang='lat' dir='ltr'>si</span> <span class='ocrx_word' id='word_1_157' title='bbox 2107 3579 2177 3656; x_wconf 89' lang='lat' dir='ltr'>hoc</span> <span class='ocrx_word' id='word_1_158' title='bbox 2193 3578 2293 3655; x_wconf 90' lang='lat' dir='ltr'>dicta</span> 
     </span>
    </p>
   </div>
   <div class='ocr_carea' id='block_1_4' title="bbox 739 3708 2293 3922">
    <p class='ocr_par' dir='ltr' id='par_1_4' title="bbox 739 3708 2293 3922">
     <span class='ocr_line' id='line_1_20' title="bbox 874 3708 2293 3819; baseline -0.001 -34"><span class='ocrx_word' id='word_1_159' title='bbox 874 3709 1024 3788; x_wconf 90' lang='lat' dir='ltr'>domina</span> <span class='ocrx_word' id='word_1_160' title='bbox 1042 3710 1219 3816; x_wconf 90' lang='lat' dir='ltr'>prosequi</span> <span class='ocrx_word' id='word_1_161' title='bbox 1235 3708 1411 3800; x_wconf 91' lang='lat' dir='ltr'>voluerit,</span> <span class='ocrx_word' id='word_1_162' title='bbox 1431 3711 1568 3790; x_wconf 86' lang='lat' dir='ltr'>vocatis</span> <span class='ocrx_word' id='word_1_163' title='bbox 1587 3712 1769 3819; x_wconf 91' lang='lat' dir='ltr'>partibus,</span> <span class='ocrx_word' id='word_1_164' title='bbox 1787 3713 1919 3790; x_wconf 89' lang='lat' dir='ltr'>iterato</span> <span class='ocrx_word' id='word_1_165' title='bbox 1933 3713 2066 3790; x_wconf 88' lang='lat' dir='ltr'>veritas</span> <span class='ocrx_word' id='word_1_166' title='bbox 2080 3709 2293 3816; x_wconf 87' lang='lat' dir='ltr'>inquiratur</span> 
     </span>
     <span class='ocr_line' id='line_1_21' title="bbox 739 3839 1226 3922; baseline -0.008 0"><span class='ocrx_word' id='word_1_167' title='bbox 739 3910 745 3922; x_wconf 94' lang='lat'>.</span> <span class='ocrx_word' id='word_1_168' title='bbox 874 3842 920 3918; x_wconf 87' lang='lat' dir='ltr'>ad</span> <span class='ocrx_word' id='word_1_169' title='bbox 935 3839 1051 3918; x_wconf 87' lang='lat' dir='ltr'>finem</span> <span class='ocrx_word' id='word_1_170' title='bbox 1066 3841 1226 3918; x_wconf 90' lang='lat' dir='ltr'>civilem.</span> 
     </span>
    </p>
   </div>
   <div class='ocr_carea' id='block_1_5' title="bbox 929 3972 1286 4209">
    <p class='ocr_par' dir='ltr' id='par_1_5' title="bbox 929 3972 1286 4209">
     <span class='ocr_line' id='line_1_22' title="bbox 930 3972 1222 4080; baseline 0.007 -32"><span class='ocrx_word' id='word_1_171' title='bbox 930 3972 1033 4050; x_wconf 89' lang='lat' dir='ltr'>Jovis</span> <span class='ocrx_word' id='word_1_172' title='bbox 1043 3972 1222 4080; x_wconf 89' lang='lat' dir='ltr'>predicta.</span> 
     </span>
     <span class='ocr_line' id='line_1_23' title="bbox 929 4102 1286 4209; baseline 0 -29"><span class='ocrx_word' id='word_1_173' title='bbox 929 4102 1054 4180; x_wconf 87' lang='lat' dir='ltr'>Monci</span> <span class='ocrx_word' id='word_1_174' title='bbox 1075 4106 1286 4209; x_wconf 84' lang='lat' dir='ltr'>reportavit.</span> 
     </span>
    </p>
   </div>
   <div class='ocr_carea' id='block_1_6' title="bbox 870 4366 2298 5526">
    <p class='ocr_par' dir='ltr' id='par_1_6' title="bbox 870 4366 2298 5526">
     <span class='ocr_line' id='line_1_24' title="bbox 929 4366 2295 4477; baseline 0.004 -36"><span class='ocrx_word' id='word_1_175' title='bbox 929 4366 1053 4444; x_wconf 87' lang='lat' dir='ltr'><strong>XXVI.</strong></span> <span class='ocrx_word' id='word_1_176' title='bbox 1085 4367 1182 4445; x_wconf 91' lang='lat' dir='ltr'>Cum</span> <span class='ocrx_word' id='word_1_177' title='bbox 1201 4385 1358 4475; x_wconf 87' lang='lat' dir='ltr'>propter</span> <span class='ocrx_word' id='word_1_178' title='bbox 1376 4370 1619 4477; x_wconf 86' lang='lat' dir='ltr'>quamplures</span> <span class='ocrx_word' id='word_1_179' title='bbox 1641 4369 1921 4448; x_wconf 87' lang='lat' dir='ltr'>inobediencias</span> <span class='ocrx_word' id='word_1_180' title='bbox 1941 4383 2033 4476; x_wconf 87' lang='lat' dir='ltr'>quas</span> <span class='ocrx_word' id='word_1_181' title='bbox 2050 4369 2200 4450; x_wconf 88' lang='lat' dir='ltr'>dicebat</span> <span class='ocrx_word' id='word_1_182' title='bbox 2216 4369 2295 4447; x_wconf 92' lang='lat' dir='ltr'>bal·</span> 
     </span>
     <span class='ocr_line' id='line_1_25' title="bbox 874 4495 2295 4609; baseline 0.006 -39"><span class='ocrx_word' id='word_1_183' title='bbox 874 4496 970 4572; x_wconf 89' lang='lat' dir='ltr'>livus</span> <span class='ocrx_word' id='word_1_184' title='bbox 988 4495 1165 4575; x_wconf 79' lang='lat' dir='ltr'>Arvernia</span> <span class='ocrx_word' id='word_1_185' title='bbox 1186 4497 1256 4575; x_wconf 89' lang='lat' dir='ltr'>sibi</span> <span class='ocrx_word' id='word_1_186' title='bbox 1277 4518 1315 4577; x_wconf 90' lang='lat' dir='ltr'>et</span> <span class='ocrx_word' id='word_1_187' title='bbox 1335 4501 1416 4609; x_wconf 88' lang='lat' dir='ltr'>ejus</span> <span class='ocrx_word' id='word_1_188' title='bbox 1435 4501 1684 4580; x_wconf 91' lang='lat' dir='ltr'>servientibus</span> <span class='ocrx_word' id='word_1_189' title='bbox 1699 4501 1812 4579; x_wconf 85' lang='lat' dir='ltr'>lactas</span> <span class='ocrx_word' id='word_1_190' title='bbox 1830 4500 1943 4580; x_wconf 84' lang='lat' dir='ltr'>luisse</span> <span class='ocrx_word' id='word_1_191' title='bbox 1963 4529 2031 4607; x_wconf 91' lang='lat' dir='ltr'>per</span> <span class='ocrx_word' id='word_1_192' title='bbox 2046 4499 2295 4580; x_wconf 89' lang='lat' dir='ltr'>Guillelmum</span> 
     </span>
     <span class='ocr_line' id='line_1_26' title="bbox 874 4624 2295 4740; baseline 0.002 -36"><span class='ocrx_word' id='word_1_193' title='bbox 874 4624 1054 4732; x_wconf 89' lang='lat' dir='ltr'>Delphini</span> <span class='ocrx_word' id='word_1_194' title='bbox 1070 4627 1118 4705; x_wconf 89' lang='lat' dir='ltr'>de</span> <span class='ocrx_word' id='word_1_195' title='bbox 1134 4627 1326 4719; x_wconf 83' lang='lat' dir='ltr'>Arvernia,</span> <span class='ocrx_word' id='word_1_196' title='bbox 1344 4631 1543 4709; x_wconf 91' lang='lat' dir='ltr'>dominum</span> <span class='ocrx_word' id='word_1_197' title='bbox 1560 4633 1669 4710; x_wconf 90' lang='lat' dir='ltr'>castri</span> <span class='ocrx_word' id='word_1_198' title='bbox 1690 4634 1738 4709; x_wconf 92' lang='lat' dir='ltr'>de</span> <span class='ocrx_word' id='word_1_199' title='bbox 1754 4634 2068 4740; x_wconf 85' lang='lat' dir='ltr'>Monte-Rugoso,</span> <span class='ocrx_word' id='word_1_200' title='bbox 2085 4661 2151 4710; x_wconf 89' lang='lat' dir='ltr'>seu</span> <span class='ocrx_word' id='word_1_201' title='bbox 2166 4649 2295 4737; x_wconf 87' lang='lat' dir='ltr'>gentes</span> 
     </span>
     <span class='ocr_line' id='line_1_27' title="bbox 874 4758 2297 4870; baseline 0.003 -37"><span class='ocrx_word' id='word_1_202' title='bbox 874 4758 1008 4863; x_wconf 89' lang='lat' dir='ltr'>ipsius,</span> <span class='ocrx_word' id='word_1_203' title='bbox 1021 4758 1124 4836; x_wconf 87' lang='lat' dir='ltr'>idem</span> <span class='ocrx_word' id='word_1_204' title='bbox 1141 4758 1301 4840; x_wconf 87' lang='lat' dir='ltr'>ballivus</span> <span class='ocrx_word' id='word_1_205' title='bbox 1320 4780 1482 4840; x_wconf 88' lang='lat' dir='ltr'>castrum</span> <span class='ocrx_word' id='word_1_206' title='bbox 1498 4765 1711 4870; x_wconf 89' lang='lat' dir='ltr'>predictum</span> <span class='ocrx_word' id='word_1_207' title='bbox 1732 4765 1780 4841; x_wconf 89' lang='lat' dir='ltr'>ad</span> <span class='ocrx_word' id='word_1_208' title='bbox 1797 4791 1951 4840; x_wconf 89' lang='lat' dir='ltr'>manum</span> <span class='ocrx_word' id='word_1_209' title='bbox 1972 4781 2136 4842; x_wconf 89' lang='lat' dir='ltr'>nostram</span> <span class='ocrx_word' id='word_1_210' title='bbox 2151 4763 2297 4870; x_wconf 82' lang='lat' dir='ltr'>posuis-</span> 
     </span>
     <span class='ocr_line' id='line_1_28' title="bbox 874 4888 2297 5001; baseline 0.001 -35"><span class='ocrx_word' id='word_1_211' title='bbox 874 4905 947 4977; x_wconf 90' lang='lat' dir='ltr'>set,</span> <span class='ocrx_word' id='word_1_212' title='bbox 965 4888 1087 4967; x_wconf 89' lang='lat' dir='ltr'>dictus</span> <span class='ocrx_word' id='word_1_213' title='bbox 1105 4889 1333 4970; x_wconf 89' lang='lat' dir='ltr'>Guillelmus</span> <span class='ocrx_word' id='word_1_214' title='bbox 1353 4893 1539 4998; x_wconf 84' lang='lat' dir='ltr'>predictas</span> <span class='ocrx_word' id='word_1_215' title='bbox 1561 4895 1856 4984; x_wconf 85' lang='lat' dir='ltr'>inobediencias,</span> <span class='ocrx_word' id='word_1_216' title='bbox 1874 4910 2062 5001; x_wconf 92' lang='lat' dir='ltr'>quatenus</span> <span class='ocrx_word' id='word_1_217' title='bbox 2085 4891 2297 4972; x_wconf 90' lang='lat' dir='ltr'>inveniren-</span> 
     </span>
     <span class='ocr_line' id='line_1_29' title="bbox 872 5017 2298 5132; baseline 0.004 -38"><span class='ocrx_word' id='word_1_218' title='bbox 872 5036 936 5095; x_wconf 93' lang='lat' dir='ltr'>tur</span> <span class='ocrx_word' id='word_1_219' title='bbox 960 5045 1040 5096; x_wconf 88' lang='lat' dir='ltr'>esse</span> <span class='ocrx_word' id='word_1_220' title='bbox 1065 5017 1175 5109; x_wconf 85' lang='lat' dir='ltr'>lacte,</span> <span class='ocrx_word' id='word_1_221' title='bbox 1201 5021 1311 5100; x_wconf 89' lang='lat' dir='ltr'>nobis</span> <span class='ocrx_word' id='word_1_222' title='bbox 1335 5025 1548 5103; x_wconf 89' lang='lat' dir='ltr'>emendavit</span> <span class='ocrx_word' id='word_1_223' title='bbox 1570 5057 1578 5101; x_wconf 75' lang='grc' dir='ltr'><strong><em>ε</em></strong></span> <span class='ocrx_word' id='word_1_224' title='bbox 1599 5026 1792 5118; x_wconf 89' lang='lat' dir='ltr'>Tandem,</span> <span class='ocrx_word' id='word_1_225' title='bbox 1813 5054 1926 5132; x_wconf 90' lang='lat' dir='ltr'>super</span> <span class='ocrx_word' id='word_1_226' title='bbox 1948 5025 2057 5104; x_wconf 91' lang='lat' dir='ltr'>dictis</span> <span class='ocrx_word' id='word_1_227' title='bbox 2082 5024 2298 5103; x_wconf 91' lang='lat' dir='ltr'>inobedien-</span> 
     </span>
     <span class='ocr_line' id='line_1_30' title="bbox 874 5148 2291 5265; baseline 0.006 -40"><span class='ocrx_word' id='word_1_228' title='bbox 874 5148 955 5241; x_wconf 88' lang='lat' dir='ltr'>ciis,</span> <span class='ocrx_word' id='word_1_229' title='bbox 972 5150 1020 5228; x_wconf 92' lang='lat' dir='ltr'>de</span> <span class='ocrx_word' id='word_1_230' title='bbox 1038 5151 1217 5230; x_wconf 89' lang='lat' dir='ltr'>mandato</span> <span class='ocrx_word' id='word_1_231' title='bbox 1236 5171 1379 5244; x_wconf 89' lang='lat' dir='ltr'>nostro,</span> <span class='ocrx_word' id='word_1_232' title='bbox 1394 5156 1532 5233; x_wconf 91' lang='lat' dir='ltr'>vocatis</span> <span class='ocrx_word' id='word_1_233' title='bbox 1551 5157 1738 5265; x_wconf 81' lang='lat' dir='ltr'>partibus,</span> <span class='ocrx_word' id='word_1_234' title='bbox 1756 5157 1933 5265; x_wconf 88' lang='lat' dir='ltr'>inquisita</span> <span class='ocrx_word' id='word_1_235' title='bbox 1953 5157 2102 5264; x_wconf 89' lang='lat' dir='ltr'>plenius</span> <span class='ocrx_word' id='word_1_236' title='bbox 2121 5155 2291 5244; x_wconf 82' lang='lat' dir='ltr'>veritate,</span> 
     </span>
     <span class='ocr_line' id='line_1_31' title="bbox 873 5280 2290 5395; baseline 0.002 -37"><span class='ocrx_word' id='word_1_237' title='bbox 873 5297 910 5358; x_wconf 90' lang='lat' dir='ltr'>et</span> <span class='ocrx_word' id='word_1_238' title='bbox 933 5280 1105 5390; x_wconf 88' lang='lat' dir='ltr'>inquesta</span> <span class='ocrx_word' id='word_1_239' title='bbox 1124 5311 1238 5389; x_wconf 91' lang='lat' dir='ltr'>super</span> <span class='ocrx_word' id='word_1_240' title='bbox 1250 5284 1324 5362; x_wconf 90' lang='lat' dir='ltr'>hoc</span> <span class='ocrx_word' id='word_1_241' title='bbox 1341 5283 1436 5362; x_wconf 85' lang='lat' dir='ltr'>lacta</span> <span class='ocrx_word' id='word_1_242' title='bbox 1453 5285 1527 5365; x_wconf 89' lang='lat' dir='ltr'>visa</span> <span class='ocrx_word' id='word_1_243' title='bbox 1546 5305 1584 5366; x_wconf 90' lang='lat' dir='ltr'>et</span> <span class='ocrx_word' id='word_1_244' title='bbox 1600 5287 1802 5395; x_wconf 84' lang='lat' dir='ltr'>diligenter</span> <span class='ocrx_word' id='word_1_245' title='bbox 1822 5287 2045 5376; x_wconf 84' lang='lat' dir='ltr'>examinata,</span> <span class='ocrx_word' id='word_1_246' title='bbox 2064 5287 2168 5364; x_wconf 89' lang='lat' dir='ltr'>idem</span> <span class='ocrx_word' id='word_1_247' title='bbox 2184 5283 2290 5364; x_wconf 89' lang='lat' dir='ltr'>Guil-</span> 
     </span>
     <span class='ocr_line' id='line_1_32' title="bbox 870 5410 2291 5526; baseline 0.004 -40"><span class='ocrx_word' id='word_1_248' title='bbox 870 5410 1024 5501; x_wconf 90' lang='lat' dir='ltr'>lelmus,</span> <span class='ocrx_word' id='word_1_249' title='bbox 1039 5430 1194 5520; x_wconf 89' lang='lat' dir='ltr'>propter</span> <span class='ocrx_word' id='word_1_250' title='bbox 1211 5412 1491 5494; x_wconf 90' lang='lat' dir='ltr'>inobediencias</span> <span class='ocrx_word' id='word_1_251' title='bbox 1503 5417 1705 5523; x_wconf 89' lang='lat' dir='ltr'>predictas,</span> <span class='ocrx_word' id='word_1_252' title='bbox 1721 5419 1761 5494; x_wconf 93' lang='lat' dir='ltr'>in</span> <span class='ocrx_word' id='word_1_253' title='bbox 1782 5418 1981 5496; x_wconf 86' lang='lat' dir='ltr'>emendam</span> <span class='ocrx_word' id='word_1_254' title='bbox 2000 5419 2291 5526; x_wconf 85' lang='lat' dir='ltr'>quingentarum</span> 
     </span>
    </p>
   </div>
   <div class='ocr_carea' id='block_1_7' title="bbox 0 0 2921 7284">
    <p class='ocr_par' dir='ltr' id='par_1_7' title="bbox 0 0 2921 7284">
     <span class='ocr_line' id='line_1_33' title="bbox 0 0 2921 7284; baseline 0 0"><span class='ocrx_word' id='word_1_255' title='bbox 0 0 2921 7284; x_wconf 95' lang='lat' dir='ltr'> </span> 
     </span>
    </p>
   </div>
  </div>
 </body>
</html>
