5817 7292
1041 1119 1313 1229 ssousrns
1338 1137 1404 1211 nr
1430 1119 1638 1213 esoces.
1763 1084 1768 1092 ⁴
1981 1139 2054 1213 rso

625 1296 664 1363 et
691 1282 881 1390 sexaginta
909 1280 1127 1388 quindecim
1155 1280 1338 1383 librarum
1366 1280 1667 1369 Turedonnum,
1697 1307 1719 1357 s
1750 1277 1852 1359 dieto
1881 1280 2055 1360 Iohanne
2091 1288 2279 1355 Pfflttmlv,

626 1415 735 1493 stetis
751 1412 1075 1494 fraususracam
1091 1441 1217 1493 coram
1231 1412 1424 1519 preposito
1440 1410 1715 1491 athomum,
1728 1411 2052 1507 samo-Quinam,
2154 1383 2218 1473 ’Ψ

625 1546 787 1655 pervim
806 1546 984 1654 prisionis
1003 1563 1187 1628 extortam
1206 1544 1336 1636 fuisse,
1359 1543 1458 1622 dicta
1478 1544 1663 1651 obligacio
1682 1572 1752 1623 seu
1770 1544 2002 1652 recognicio‚
2018 1565 2057 1624 et

626 1679 753 1757 omnia
778 1694 953 1755 contenta
978 1679 1017 1755 in
1042 1675 1205 1785 quadam
1233 1674 1356 1753 littera
1381 1704 1495 1782 super
1513 1676 1588 1753 hoc
1608 1673 1793 1766 conlecta,
1820 1674 1951 1783 sigillis
1971 1704 2056 1783 pre-

625 1810 739 1917 positi
769 1826 807 1887 et
832 1809 1035 1887 hominum
1054 1808 1314 1916 predictorum
1339 1807 1518 1915 sigillata,
1546 1806 1720 1896 fuerunt,
1742 1836 1811 1914 per
1832 1806 1931 1885 dicte
1952 1809 2055 1886 curie

627 1958 753 2021 nostre
768 1938 976 2047 judicium,
998 1939 1165 2018 totaliter
1183 1938 1363 2031 anullata‚
1385 1938 1481 2017 salva
1497 1937 1608 2017 dietis
1622 1938 1802 2021 hatrihus
1816 1938 2055 2049 obligaeione

626 2072 731 2151 mille
755 2070 955 2159 librarum,
982 2087 1157 2167 contenta
1182 2070 1222 2147 in
1245 2070 1467 2179 cirographo
1491 2070 1680 2178 predicto,
1706 2087 1745 2148 et
1767 2070 1877 2148 salvis
1901 2071 1972 2177 ipsi
1990 2073 2056 2149 Jo-

626 2203 740 2281 hanni
765 2202 844 2305 suis
867 2202 1157 2310 excepcionibus
1182 2218 1219 2281 et
1239 2200 1541 2294 defensionibus,
1562 2219 1638 2279 tam
1664 2230 1778 2310 super
1796 2202 2057 2283 solucionibus

624 2332 730 2413 factis
755 2362 826 2440 per
851 2334 976 2441 ipsum
1005 2334 1054 2413 de
1078 2362 1227 2414 summa
1251 2333 1439 2411 dictarum
1457 2332 1561 2412 mille
1580 2333 1784 2435 librarum,
1806 2364 1922 2442 quam
1942 2364 2056 2443 super

626 2464 706 2543 aliis
723 2493 837 2572 super
855 2464 996 2573 quibus
1019 2464 1087 2545 fiet
1104 2464 1252 2543 bonum
1273 2482 1493 2573 compotum
1506 2466 1607 2544 intes
1624 2467 1741 2573 ipsos,
1762 2482 1802 2547 et
1816 2466 1915 2544 salva
1930 2463 2055 2589 eidem

623 2597 785 2677 iohanni
810 2598 1010 2706 questione
1036 2626 1151 2705 super
1174 2597 1348 2705 dampnis
1373 2614 1411 2674 et
1438 2598 1708 2705 expensisque
1733 2598 1813 2704 ipse
1831 2596 2054 2676 sustinuisse

626 2728 766 2807 dicitur
784 2728 980 2807 occasione
997 2730 1284 2837 premissorum.

683 2860 859 2939 Mercurii
880 2877 965 2967 post
984 2860 1250 2939 Invencionem
1269 2860 1404 2937 Sancte
1423 2859 1568 2937 Crucis.

682 3128 741 3207 tv.
773 3126 871 3204 Cum
889 3124 1039 3233 questio
1056 3140 1265 3203 verteretur
1280 3124 1379 3203 inter
1394 3125 1585 3202 Thomam
1603 3124 1651 3202 de
1664 3122 1927 3202 Calvo-Monte
1947 3141 1986 3203 et
1997 3125 2059 3201 Jo

626 3258 791 3335 mrem
812 3257 1075 3351 Beau-Voisin‚
1099 3256 1147 3334 de
1168 3255 1511 3345 SanctoGervasio,
1530 3284 1575 3333 ex
1591 3282 1668 3333 una
1680 3272 1802 3362 parte,
1820 3273 1859 3333 et
1873 3256 2056 3363 majorem

625 3404 663 3467 et
687 3388 945 3470 communiam
977 3390 1025 3467 de
1049 3387 1354 3478 Calvo-Monte,
1381 3414 1426 3465 ex
1450 3386 1590 3480 altera,
1619 3414 1804 3494 supereo
1830 3388 1937 3494 quod
1967 3387 2055 3465 dicti

625 3521 792 3600 Thomas
819 3537 857 3600 et
881 3520 1074 3599 lohannes
1098 3520 1276 3599 dicebant
1298 3546 1339 3597 se
1359 3546 1440 3598 esse
1465 3519 1504 3597 in
1528 3519 1628 3598 bona
1652 3518 1787 3597 saisina
1810 3518 1946 3621 eundi,
1969 3546 2059 3597 one·

625 3652 732 3729 randi
752 3670 790 3731 et
808 3651 973 3731 ducendi
991 3652 1163 3760 proprias
1187 3678 1333 3729 merces
1356 3678 1442 3729 suas
1468 3649 1610 3743 libere,
1630 3667 1670 3729 et
1694 3650 1837 3759 absque
1861 3650 2057 3729 solucione

624 3785 777 3863 traversi
795 3784 927 3891 majori
949 3800 987 3861 et
1006 3782 1224 3863 communie
1238 3782 1435 3889 predictis,
1446 3782 1633 3860 veniendo
1653 3782 1745 3859 citra
1764 3780 2056 3889 calceyam‚,que

628 3912 1021 4005 diciturluliusCesar,
1032 3911 1605 4020 versusCslvum-Montem‚que
1615 3912 1747 4018 incipit
1754 3912 1857 4020 apud
1867 3914 2058 3993 Sanctum

626 4043 798 4133 Claram,
821 4044 1007 4123 veniendo
1027 4074 1096 4153 per
1116 4044 1295 4151 capellam
1315 4061 1417 4123 recte
1437 4043 1486 4121 ad
1504 4041 1771 4121 molendinum
1795 4044 1843 4121 de
1863 4043 2054 4135 Planchia,

627 4176 717 4255 citra
742 4175 882 4253 dictam
909 4176 1155 4286 chauceyam,
1181 4176 1277 4255 infra
1301 4203 1395 4283 quas
1413 4190 1533 4253 metas
1551 4174 1665 4282 prisia
1688 4173 1782 4251 facts
1801 4173 1894 4266 suit,
1917 4174 1964 4251 de
1983 4204 2057 4283 qua

627 4322 706 4387 erat
728 4306 926 4385 contencio
952 4307 1051 4385 inter
1073 4324 1199 4415 partes
1221 4307 1410 4416 predictas
1434 4303 1563 4383 eundo
1586 4296 1689 4383 recte
1714 4305 1762 4382 ad
1786 4303 2057 4412 spinam-Pou-

626 4439 748 4531 leuse,
766 4437 954 4517 veniendo
975 4438 1023 4517 de
1044 4437 1226 4546 Gysorcio
1245 4438 1294 4516 ad
1311 4434 1800 4527 Ulmetellumtioncasum
1818 4436 1884 4544 qui
1902 4438 2056 4515 termini

626 4572 767 4649 suntin
777 4568 991 4649 castellania
1006 4569 1054 4648 de
1070 4567 1339 4660 Calrolllonte‚
1355 4568 1527 4677 quamvis
1544 4566 1642 4647 dicte
1656 4594 1802 4647 merces
1816 4568 2054 4647 sintonerate

627 4718 728 4781 extra
754 4701 895 4781 dictam
919 4700 1172 4781 castellaniam
1197 4716 1236 4779 et
1259 4730 1328 4809 per
1350 4698 1602 4779 castellaniam
1619 4699 1828 4808 predictam
1846 4700 2054 4789 conductas

627 4832 737 4913 dictis
755 4834 900 4942 majore
920 4850 958 4912 et
977 4832 1194 4913 communia
1213 4832 1443 4911 contrarium
1463 4830 1717 4911 asserentibus
1734 4832 1842 4939 quod
1862 4830 2057 4939 quociens

627 4992 776 5073 cunque
797 4962 950 5045 devenit
968 4964 1018 5043 ad
1035 4962 1215 5043 noticiam
1234 4990 1358 5058 suam,
1376 4962 1436 5041 vel
1455 4962 1611 5041 illorum
1629 4962 1697 5069 qui
1715 4990 1786 5070 pro
1804 4963 1895 5069 ipsis
1913 4959 2055 5041 dimum

624 5113 831 5177 traversum
853 5093 1102 5203 recipiebant,
1127 5092 1289 5202 predicti
1309 5093 1476 5173 Thomas
1501 5110 1540 5173 et
1560 5092 1770 5187 lohannes,
1794 5094 1837 5171 in
1860 5122 1948 5172 casu
1970 5120 2057 5201 pre-

626 5226 743 5318 dicto,
770 5226 1208 5307 dimidiumtraversum
1233 5225 1427 5305 solverunt
1449 5225 1620 5305 eisdem:
1644 5225 1820 5334 lnqnesta
1844 5253 1959 5333 super
1983 5225 2056 5301 hoc

626 5356 719 5435 facta
738 5358 814 5435 visa
833 5374 872 5436 et
891 5357 1093 5469 diligenter
1112 5357 1335 5447 examinata,
1355 5386 1425 5465 per
1439 5356 1630 5465 judicium
1645 5356 1750 5435 curie
1765 5373 1894 5434 nostre
1910 5355 2054 5433 dietum

626 5484 699 5563 suit
717 5486 838 5567 dictos
856 5489 1042 5568 Thomam
1063 5507 1101 5569 et
1120 5489 1333 5569 lohannem
1354 5488 1472 5568 nichil
1491 5488 1704 5595 probavisse
1722 5488 1817 5594 quin
1832 5486 1919 5593 ipsi,
1936 5501 2055 5559 trans-
