5817 7292
869 1111 918 1185 2ίι
1450 1113 1542 1188 Lus
1570 1113 1710 1188 OLlM.

644 1275 773 1328 rariora
787 1269 829 1330 tv,
868 1270 1028 1360 possunt
1054 1255 1194 1332 habere
1222 1252 1310 1330 dicti
1339 1253 1503 1333 decanus
1529 1272 1567 1332 et
1593 1255 1798 1361 capitulum
1823 1259 1979 1338 inlotis
2004 1262 2286 1351 communibus,

704 1363 767 1406 Μ’
866 1387 1015 1462 racione
1043 1385 1142 1462 dicte
1164 1383 1315 1492 justicie
1342 1385 1573 1476 communis,
1601 1387 1741 1466 debere
1767 1417 1898 1495 capere
1924 1419 1993 1497 per
2015 1419 2171 1468 manum
2198 1392 2288 1471 dicti

867 1516 1018 1602 militis,
1042 1533 1137 1593 etse
1158 1543 1238 1594 esse
1259 1516 1298 1592 in
1318 1517 1453 1593 saisina
1471 1516 1754 1622 predictorum:
1777 1520 1964 1610 Tandem,
1986 1522 2158 1628 inquesta
2175 1550 2288 1629 super

865 1651 956 1736 hoc,
976 1648 1023 1723 de
1041 1645 1218 1725 mandato
1233 1665 1379 1738 nostr0,
1395 1647 1505 1736 lacta,
1521 1649 1596 1726 visa
1605 1665 1642 1726 et
1651 1649 1853 1758 diligenter
1865 1653 2088 1742 examinata,
2104 1681 2173 1759 per
2186 1655 2287 1730 curie

865 1793 992 1855 nostre
1003 1777 1191 1886 judicium
1202 1837 1211 1866 ,
1223 1777 1517 1885 pronunciatum
1530 1779 1604 1855 fuit
1615 1780 1789 1858 saisinam
1804 1781 1997 1887 porcionis
2011 1782 2111 1860 dicte
2117 1783 2286 1889 justicie,

863 1912 963 2016 ipsos
983 1909 1167 1987 decanum
1188 1925 1226 1984 et
1249 1906 1458 2014 capitulum
1478 1937 1548 2015 pro
1567 1909 1727 1988 indiviso
1747 1913 1998 2020 contingentis
2016 1913 2055 1988 in
2078 1913 2171 1992 locis
2187 1943 2289 1991 com-

863 2039 1043 2116 munibus
1068 2037 1262 2145 predictis,
1289 2038 1335 2115 ad
1361 2038 1516 2117 eosdem
1535 2041 1721 2118 decanum
1740 2059 1779 2118 et
1797 2042 2002 2150 capitrdum
2021 2044 2227 2148 pertinere,
2250 2065 2288 2122 et

862 2171 1104 2248 medietatem
1124 2169 1316 2246 fructuum
1337 2186 1375 2246 et
1391 2188 1644 2275 proventuum
1659 2188 1698 2248 et
1713 2173 1830 2250 eciam
1844 2173 2109 2260 emendarum,
2127 2204 2172 2251 er
2189 2176 2286 2254 dicta

857 2303 1007 2408 justicia
1032 2297 1357 2407 proveniensium,
1386 2319 1531 2406 partem
1558 2330 1689 2379 eorum
1715 2303 1994 2411 contingentem
2020 2304 2121 2408 ipsos
2142 2305 2284 2382 debere

863 2462 993 2538 capere
1012 2460 1081 2538 per
1099 2457 1187 2508 suos
1205 2431 1379 2539 proprios
1394 2433 1611 2520 servientes,
1628 2450 1668 2512 et
1681 2434 1849 2540 predicta
1862 2433 2152 2541 impedimenta,
2170 2464 2284 2540 super

861 2567 954 2651 hoc,
977 2594 1020 2640 ex
1040 2569 1141 2668 parte
1162 2560 1250 2641 dicti
1268 2560 1417 2654 militis,
1438 2563 1624 2669 apposita,
1647 2563 1786 2641 debere
1805 2563 1979 2642 amoveri.

916 2828 1073 2908 XXXVI.
1105 2828 1280 2935 lnquesta
1303 2827 1399 2906 sacta
1425 2829 1524 2907 inter
1548 2829 1722 2906 abbatem
1742 2845 1780 2904 et
1798 2845 2025 2904 conventum
2045 2826 2285 2903 Sancti-Lau-

859 2957 976 3033 rencii
1002 2957 1049 3034 de
1065 2955 1228 3034 Abbacia
1248 2976 1286 3034 et
1305 2958 1491 3037 decanum
1502 2977 1543 3035 et
1567 2958 1773 3064 capitulum
1790 2953 2079 3062 Sancti-Hylam
2094 2953 2284 3032 Pictaven-

860 3090 925 3180 sis,
943 3087 1145 3165 reficienda
1162 3106 1220 3164 est
1229 3106 1385 3194 propter
1401 3089 1591 3167 delectum
1609 3089 1847 3173 auditorum,
1863 3087 1931 3192 qui
1946 3086 2093 3192 copiam
2108 3113 2283 3163 suecom-

859 3217 1049 3294 missionis
1073 3233 1111 3290 et
1134 3215 1379 3291 articulorum
1402 3218 1519 3321 partis
1544 3217 1732 3293 dictorum
1757 3215 2019 3321 religiosorum
2050 3218 2283 3320 procuratori

861 3349 1049 3422 dictorum
1069 3343 1199 3420 decani
1221 3359 1259 3419 et
1277 3343 1429 3446 capituli
1450 3344 1571 3420 facere
1591 3345 1810 3421 noluerunt.

915 3609 1089 3690 XXXVll.
1120 3607 1218 3685 Cum
1245 3626 1326 3686 orta
1352 3627 1450 3686 esset
1476 3608 1674 3686 contencio
1695 3637 1762 3686 seu
1782 3609 1968 3687 discordia
1993 3611 2185 3687 internos
2213 3636 2281 3684 seu

857 3761 986 3849 gentes
1005 3758 1169 3836 nostras,
1191 3740 1345 3817 nomine
1366 3757 1514 3827 nostro,
1544 3767 1586 3815 ac
1609 3737 1806 3847 religiosos
1823 3739 1921 3817 viros
1940 3738 2112 3816 abbatem
2134 3757 2171 3814 et
2190 3767 2281 3814 eon-

857 3891 1010 3948 ventum
1029 3869 1245 3950 monasterii
1266 3869 1794 3958 Sancti-Ulmari-in-Nemore,
1817 3899 1862 3946 ex
1876 3898 1954 3946 una
1972 3886 2094 3975 parte,
2112 3885 2151 3944 et
2168 3868 2282 3945 dilec-

856 4020 937 4080 tum
962 4031 1003 4077 ac
1027 4002 1371 4080 fidelemnostrum
1397 4001 1574 4078 comitem
1596 3999 1773 4090 Bolonie,
1798 4029 1843 4076 ex
1865 3999 1951 4090 alb,
1976 4027 2156 4104 supereo
2176 4000 2281 4105 quod

857 4134 977 4211 dictus
1002 4161 1129 4213 comes
1155 4131 1303 4212 dicebat
1323 4147 1362 4208 et
1383 4132 1572 4210 asserebat
1589 4131 1742 4238 gardam
1763 4128 1952 4208 dictorum
1971 4129 2115 4208 abbatis
2135 4149 2172 4207 et
2192 4160 2280 4207 con-

854 4284 985 4341 ventus
1005 4263 1288 4343 Sancti-Ulmari
1308 4291 1349 4340 ac
1370 4263 1488 4340 eciam
1512 4262 1630 4369 ipsius
1659 4260 1813 4339 ecclesie
1838 4278 1876 4338 et
1899 4262 2073 4340 omnium
2091 4263 2278 4340 bonorum

855 4414 893 4471 et
918 4425 1043 4473 rerum
1065 4397 1235 4502 ipsorum
1255 4424 1330 4502 que
1350 4395 1508 4483 habent,
1529 4412 1661 4472 tenent
1679 4410 1717 4470 et
1735 4392 1929 4499 possident
1948 4392 2043 4471 infru
2062 4394 2278 4472 comitatum

853 4526 1007 4602 bolonie
1033 4544 1070 4602 et
1093 4527 1343 4632 pertinencias
1364 4527 1551 4633 ejusdem,
1574 4525 1680 4604 adse
1705 4525 1913 4632 pertinere,
1941 4543 1980 4601 et
1997 4525 2102 4630 quod
2119 4523 2190 4600 sibi
2212 4523 2277 4598 de-

854 4655 1004 4732 liberari
1027 4655 1189 4733 debebat
1208 4655 1305 4733 dicta
1323 4654 1457 4763 garda,
1478 4672 1657 4764 tanquam
1676 4656 1834 4734 domino
1849 4655 2033 4762 superiori
2050 4671 2088 4730 et
2098 4652 2276 4759 gurdiano

854 4789 1024 4894 ipsorum
1043 4786 1322 4895 religiosorum,
1345 4787 1450 4894 quia,
1472 4806 1516 4865 ut
1534 4787 1697 4875 dicebat,
1714 4788 1814 4864 diota
1833 4783 1986 4863 ecclesia
2003 4782 2157 4859 fundata
2170 4797 2277 4856 estet

856 4919 979 4994 dotata
1007 4947 1026 4993 a
1052 4917 1129 4996 suis
1155 4916 1471 5007 antecessoribus,
1502 4919 1665 4999 dominis
1689 4935 1727 4996 et
1750 4914 1949 4993 comitibus
1974 4911 2147 5003 Bolonie,
2170 4928 2208 4987 et
2226 4911 2276 4990 si·

853 5065 955 5126 tuate
969 5049 1008 5124 in
1021 5049 1120 5127 dicto
1134 5049 1332 5135 comitatm
1355 5049 1444 5146 dicti
1464 5078 1552 5129 vero
1570 5047 1753 5158 religiosi,
1772 5044 1912 5122 scilicet
1930 5043 2044 5121 abbas
2063 5060 2101 5120 et
2116 5068 2276 5120 conven-

852 5195 914 5257 tus
938 5179 1240 5270 Sancti-Ulmari,
1269 5209 1344 5258 una
1368 5209 1457 5258 cum
1479 5180 1656 5289 gentibus
1675 5175 1830 5266 nostris,
1858 5174 1897 5251 in
1922 5174 2152 5254 contrarium
2176 5201 2275 5251 asse-

853 5311 985 5387 rebant
1013 5309 1116 5416 quod
1151 5309 1249 5386 dicta
1280 5309 1579 5390 Sancti-Ulmari
1612 5304 1764 5384 ecclesia
1797 5302 1871 5380 fuit
1900 5322 1939 5381 et
1965 5321 2022 5384 est
2049 5301 2206 5382 lundata
2235 5303 2274 5378 in

851 5444 979 5520 franco
996 5439 1133 5520 allodio
1151 5439 1442 5531 Sancti-Ulmari,
1462 5440 1528 5544 qui
1543 5437 1698 5544 quidem
1716 5451 1866 5513 sanctus
1882 5432 1956 5513 fuit
1972 5434 2086 5514 abbas
2101 5435 2200 5512 dicte
2218 5461 2277 5509 ec-
