5817 7292
1027 1094 1295 1205 snoudrss
1321 1114 1384 1187 nr
1413 1099 1617 1189 esoces.
1961 1108 2033 1183 stt

614 1255 653 1331 in
669 1254 856 1345 custodia,
875 1271 954 1331 erat
967 1257 1129 1333 serviens
1142 1272 1180 1332 et
1195 1256 1365 1335 minister
1381 1254 1470 1333 dicti
1487 1254 1699 1362 Reginaldi‚
1715 1273 1751 1331 et
1769 1255 1889 1331 dictos
1903 1278 2038 1359 porcos
2077 1260 2207 1319 annm
2218 1263 2262 1333 W,

613 1387 654 1461 in
686 1383 861 1494 pasnagio
892 1386 982 1463 dicti
1012 1384 1206 1494 Reginaldi
1232 1386 1483 1475 custodiebat,
1512 1403 1550 1464 et
1574 1384 1695 1492 qood,
1718 1413 1761 1461 ex
1791 1384 1880 1462 odio
1908 1401 1946 1461 et
1968 1410 2037 1489 per
2138 1357 2202 1399 ”¹⁰⁶

615 1516 819 1605 maliciam,
842 1516 941 1593 dicta
961 1546 1069 1595 causa
1089 1536 1191 1595 mota
1210 1516 1331 1595 brerat
1348 1535 1478 1595 contra
1496 1517 1642 1624 ipsum;
1664 1516 1814 1593 attentis
1840 1514 2039 1623 diligenter

615 1649 794 1725 cornibus
818 1648 1056 1754 supradictis,
1079 1650 1180 1727 curia
1203 1666 1329 1727 nostra
1348 1648 1513 1727 totaliter
1537 1676 1713 1726 revocans
1736 1666 1773 1725 et
1792 1646 1961 1723 anullans
1981 1645 2043 1752 ju·

616 1780 781 1857 dicatum
795 1780 1009 1885 predictum
1022 1798 1152 1857 contra
1167 1780 1310 1857 dictum
1323 1780 1573 1889 Reginaldutn
1588 1779 1728 1857 lactum
1743 1797 1781 1855 et
1795 1777 1976 1884 quicquid
1988 1804 2045 1852 se-

616 1931 746 1990 cutum
773 1929 830 1991 est
853 1940 897 1988 ex
923 1911 1075 2001 endem,
1096 1910 1312 2016 predictum
1337 1912 1587 2019 Reginaldum
1610 1910 1828 2018 apredictis
1847 1909 2043 1997 omnibus,

614 2071 684 2149 pro
700 2043 838 2151 quibus
853 2042 975 2119 luerat
988 2042 1304 2148 condempnatus,
1321 2042 1599 2119 sentencialiter
1611 2042 1785 2130 absolvit,
1801 2058 1840 2119 ct
1851 2035 2042 2147 precedit¹

614 2176 718 2281 quod
739 2172 865 2252 omnia
885 2173 984 2251 bona
1000 2202 1066 2250 sua
1085 2173 1240 2250 mobilia
1256 2190 1294 2249 'et
1309 2172 1537 2264 immobilia,
1554 2174 1703 2253 racione
1724 2173 1814 2251 dicti
1833 2174 1970 2279 prioris
1982 2176 2045 2282 ju·

614 2304 726 2383 dicati
740 2306 792 2383 sic
807 2303 978 2392 anullati,
995 2320 1097 2410 capta
1112 2330 1179 2411 per
1194 2331 1492 2411 quemcumque,
1511 2305 1718 2404 reddantur
1732 2321 1772 2381 et
1785 2304 2044 2384 deliberentur

614 2438 758 2525 eidem,
778 2434 918 2541 absque
932 2432 1153 2512 difficultate
1170 2463 1425 2541 quacumque,
1444 2452 1483 2513 et
1498 2435 1548 2513 de
1565 2434 1751 2514 [ructibus
1765 2453 1805 2513 et
1819 2434 1981 2527 exitibus
1999 2466 2044 2513 ex

615 2568 725 2646 dictis
738 2568 865 2655 bonis,
882 2565 1009 2645 medio
1024 2584 1195 2673 tempore
1210 2568 1412 2672 perceptis,
1431 2565 1499 2644 liet
1513 2566 1655 2657 eidem,
1673 2568 1704 2644 si
1717 2568 1890 2673 pecierit,
1906 2569 2043 2646 vocatis

615 2699 681 2804 qui
700 2698 842 2775 fuerint
859 2697 1056 2785 evocandi,
1070 2696 1222 2804 justicie
1242 2696 1576 2802 complementum.

672 2831 778 2905 Lune
798 2845 882 2935 post
898 2826 1243 2905 Annunciacionem
1262 2816 1504 2905 dominicam.

672 2960 903 3039 Cortabeuse
919 2958 1132 3064 reportavit.

674 3226 780 3301 Xlll.
812 3225 895 3301 Lite
912 3242 1029 3315 mota,
1046 3250 1171 3300 coram
1187 3223 1378 3330 preposito
1397 3221 1610 3315 Parisiensi‚
1628 3223 1728 3301 inter
1738 3221 1957 3331 magistrum
1970 3224 2045 3300 An·

616 3355 745 3433 dream
763 3356 974 3444 Pocberon,
992 3384 1037 3433 ex
1052 3382 1125 3432 una
1141 3370 1264 3460 parte,
1277 3372 1317 3431 et
1328 3352 1579 3433 Guillelmum
1594 3353 1642 3431 de
1658 3355 1788 3460 Buasy,
1802 3355 2042 3460 armigerum,

617 3516 659 3563 ex
684 3488 814 3579 altera,
844 3515 1027 3594 supereo
1053 3484 1159 3593 quod
1185 3484 1307 3563 dictus
1335 3485 1513 3593 magister
1536 3483 1705 3563 Andreas
1726 3484 1875 3561 dicebat
1900 3512 1940 3561 se
1965 3511 2045 3561 esse

617 3620 823 3711 turbatum,
839 3648 907 3726 per
927 3620 1069 3697 dictum
1090 3616 1352 3707 Guillelmum,
1367 3618 1406 3693 in
1426 3617 1561 3694 saisina
1582 3618 1621 3692 in
1639 3646 1714 3722 qua
1733 3618 1813 3723 ipse
1829 3631 1909 3692 erat
1924 3617 2046 3721 perci-

616 3752 745 3855 piendi
765 3768 803 3827 et
819 3752 983 3839 levandi,
1000 3776 1068 3857 per
1082 3776 1238 3825 manum
1255 3776 1379 3836 suam,
1398 3747 1586 3836 redditus,
1604 3773 1754 3835 census,
1770 3763 1890 3849 prata,
1907 3747 2043 3836 vineas,

618 3908 828 3985 pressuram
840 3881 1033 3987 pressorii,
1053 3896 1187 3969 terras,
1210 3878 1450 3985 piscaturam,
1465 3894 1640 3983 portum,
1657 3874 1846 3983 justiciam
1864 3891 1903 3951 et
1919 3876 2046 3980 plures

619 4009 707 4085 alias
734 4038 793 4087 res
817 4039 938 4117 usque
964 4010 1012 4087 ad
1043 4036 1229 4086 summam
1259 4008 1391 4085 decem
1421 4006 1605 4083 librarum
1633 4005 1898 4083 Parisiensinm
1931 4006 2045 4083 annui

620 4140 807 4230 redditus,
830 4168 928 4218 anno
942 4140 1128 4247 quolibet,
1145 4166 1259 4245 super
1272 4155 1348 4215 tota
1366 4137 1578 4217 hereditate
1594 4154 1632 4214 et
1646 4164 1762 4244 super
1774 4137 1954 4215 omnibus
1966 4164 2047 4242 pos·

620 4274 848 4353 sessionibus
871 4303 964 4379 quas
983 4275 1114 4351 Petrus
1136 4273 1184 4348 de
1204 4269 1375 4359 Bobiers,
1395 4269 1567 4377 armiger,
1590 4286 1630 4345 et
1648 4270 1731 4379 ejus
1754 4295 1849 4347 uxor
1866 4270 2046 4346 tenebant

621 4424 659 4484 et
678 4404 935 4513 possidebant,
953 4406 991 4481 in
1007 4404 1092 4481 villa
1113 4403 1161 4481 de
1182 4405 1254 4511 Bry
1276 4430 1391 4508 super
1404 4402 1601 4479 Batemam
1622 4419 1660 4479 et
1679 4402 1762 4510 ejus
1784 4400 2043 4507 pertinenciis,

619 4556 789 4645 tempore
814 4564 891 4643 quo
920 4536 1008 4612 dicti
1035 4534 1212 4645 conjuges
1238 4534 1418 4641 premissa
1443 4532 1694 4611 vendiderunt
1717 4534 1893 4641 magistro
1917 4559 2047 4640 supra-

621 4670 739 4760 dicto,
755 4696 871 4775 quare
885 4666 1036 4774 petebat
1045 4666 1167 4744 dictus
1182 4664 1356 4774 magister
1369 4663 1538 4742 Andreas
1548 4663 1692 4741 dictum
1703 4663 1949 4744 Guillelmum
1963 4690 2047 4742 con-

622 4800 816 4907 dempnari
833 4800 880 4877 ad
896 4798 1152 4877 desistendum
1167 4798 1213 4875 ab
1230 4796 1504 4903 impedimento
1521 4795 1707 4901 predicto,
1725 4796 1827 4873 dicto
1841 4792 2046 4875 Guillelmo

621 4934 660 5010 in
684 4932 910 5011 contrarium
930 4932 1057 5040 plures
1084 4930 1266 5019 raciones,
1290 4944 1366 5005 tam
1388 4926 1486 5036 juris
1510 4955 1624 5034 quam
1643 4925 1748 5019 lacti,
1771 4927 1897 5003 adsui
1918 4922 2048 5003 defen·

621 5064 782 5154 sionem,
801 5079 1055 5171 proponente,
1075 5080 1113 5139 et
1126 5062 1251 5167 primo
1269 5059 1448 5166 quasdam
1468 5058 1636 5137 raciones
1651 5059 1699 5136 ad
1714 5058 1821 5136 illum
1841 5057 1955 5135 linem
1971 5073 2049 5133 ten·

623 5197 754 5273 dentes
766 5194 871 5303 quod
888 5195 1009 5273 dictus
1026 5190 1251 5273 Guillelmns
1262 5189 1429 5297 predicte
1446 5189 1625 5297 peticioni
1645 5189 1801 5267 minime
1819 5186 2048 5293 respondere

668 5480 674 5511 ¹
698 5482 780 5541 Licea
792 5484 920 5565 precepit.
1052 5514 1061 5527 ·
