5817 7292
1012 1078 1278 1186 ssoonrss
1304 1097 1369 1171 sn
1395 1037 1600 1174 Procas,
1939 1102 2010 1176 sar

589 1236 742 1315 tandem
755 1245 889 1343 'captus
902 1238 941 1313 in
960 1254 1089 1315 nostro
1104 1267 1248 1316 carcere
1265 1239 1312 1316 dc
1333 1240 1468 1318 Emeto
1482 1256 1678 1318 teneretur
1694 1267 1763 1345 per
1780 1242 2013 1320 liemardum
2052 1252 2180 1308 Puuurr
2192 1254 2236 1316 tv,

591 1369 638 1445 de
662 1365 933 1457 Pedio-Acuto,
955 1367 1127 1475 bajulum
1154 1386 1325 1447 nostrum
1346 1368 1392 1447 de
1411 1372 1565 1457 Emeto,
1590 1368 1713 1445 dictus
1732 1371 2013 1475 Raymundusa
2113 1344 2175 1384 '⁸¹⁰'

589 1495 691 1574 dicto
711 1525 857 1575 carcere
875 1498 1003 1589 evasit,
1021 1492 1187 1577 eundem
1208 1528 1392 1577 carcerem
1409 1498 1604 1588 violand03
1621 1516 1708 1606 post
1730 1500 1803 1576 boc
1824 1500 1914 1579 dicti
1933 1530 2013 1577 rna-

571 1626 702 1737 ·gister
721 1628 797 1706 Yvo
817 1645 855 1705 et
873 1629 983 1707 miles
1002 1629 1214 1736 predictum
1233 1630 1485 1718 Bernardum,
1504 1658 1573 1735 pro
1587 1631 1796 1737 suspicione
1817 1631 1916 1708 dicte
1932 1657 2014 1709 eva-

589 1758 720 1847 sionis,
747 1777 898 1865 captum
926 1758 1091 1837 fecerant
1123 1761 1161 1836 in
1189 1777 1317 1839 nostra
1343 1761 1509 1867 prisione
1531 1761 1671 1851 teneri;
1703 1763 1769 1868 qui
1799 1762 2013 1841 Bernardus

588 1917 703 1993 super
722 1889 818 1967 sacto
837 1890 1059 1997 hujusmodi
1080 1890 1224 1981 linavit,
1247 1920 1333 1969 cum
1351 1892 1528 1998 predictis
1548 1892 1725 2000 magistro
1744 1892 1868 1969 Yvone
1886 1909 1925 1969 et
1942 1893 2014 1969 mi-

588 2018 669 2108 lite,
688 2019 735 2095 ad
753 2020 1044 2127 quadringentas
1064 2020 1178 2098 libras
1197 2023 1440 2099 Turonenses
1459 2022 1571 2100 nobis
1590 2021 1750 2112 dandas;
1770 2021 1910 2126 quibus
1930 2050 2010 2099 me-

588 2147 795 2239 diantibus,
813 2148 935 2228 dictus
952 2151 1166 2227 Bernardus
1181 2150 1254 2227 fuit
1268 2180 1288 2228 a
1303 2151 1405 2229 dicto
1425 2180 1572 2229 carcere
1587 2151 1786 2242 liberatus,
1804 2181 1882 2260 quo
1898 2152 1951 2230 sic
1966 2152 2012 2230 li-

585 2278 730 2366 berato,
752 2278 856 2355 idem
875 2279 1025 2385 bajulus
1047 2297 1176 2387 postea
1200 2282 1328 2371 nobis,
1351 2284 1640 2389 conquerendo,
1665 2284 1885 2361 monstravit
1904 2284 2010 2391 quod

586 2409 665 2513 ipse
689 2438 709 2487 a
730 2409 828 2487 dicta
852 2408 1028 2501 financia,
1051 2412 1100 2489 ad
1118 2440 1187 2490 nos
1207 2413 1376 2519 legitime
1396 2412 1611 2520 appellavit,
1633 2430 1673 2489 et
1690 2415 1795 2520 quod
1815 2415 1894 2520 ipse
1914 2442 2012 2492 oom-

587 2538 720 2645 pulsus
737 2538 824 2629 suit,
845 2568 914 2646 per
923 2542 1070 2649 justum
1083 2558 1229 2619 metum
1250 2559 1287 2619 et
1302 2572 1370 2647 per
1386 2542 1606 2621 violenciam
1620 2543 1796 2649 prisionis
1811 2542 1859 2619 ad
1876 2543 2011 2621 sscien-

588 2669 680 2746 dum
704 2668 904 2746 financiam
930 2671 1154 2776 predictam,
1182 2672 1388 2779 dequibus
1407 2671 1664 2749 mandavimus
1691 2673 1849 2777 inquiri,
1873 2675 2011 2750 vocatis

586 2798 771 2904 partibus,
792 2800 1007 2877 veritatem:
1028 2802 1149 2877 Factis
1168 2802 1283 2907 igitur
1301 2801 1588 2887 insormacione,
1611 2817 1739 2878 contra
1758 2801 1904 2879 dictum
1923 2803 2011 2880 Ber-

587 2928 763 3017 nardum,
783 2958 896 3035 super
912 2931 1123 3036 suspicione
1142 2930 1326 3009 evacionis
1347 2931 1438 3010 dicti
1454 2930 1681 3037 Raymundi,
1702 2947 1741 3007 et
1759 2930 1930 3037 inquesta
1949 2961 2012 3009 su·

586 3086 654 3165 per
667 3060 904 3168 querimonia
924 3060 1014 3139 dicti
1031 3060 1230 3149 bernardi,
1249 3078 1287 3139 et
1306 3063 1354 3140 ad
1369 3078 1537 3140 nostram
1557 3062 1698 3139 curiam
1718 3062 1927 3167 asportatis,
1944 3092 2010 3141 au·

587 3188 750 3297 ditisque
778 3219 891 3297 super
918 3191 972 3267 eis
998 3192 1166 3297 partibus
1192 3190 1404 3279 antedictis,
1430 3194 1599 3299 precepit
1624 3210 1751 3270 nostra
1778 3194 1882 3271 curia
1905 3195 2011 3301 quod

584 3320 803 3399 viderentur
823 3321 921 3399 dicte
940 3322 1158 3399 informacio
1176 3339 1214 3399 et
1230 3322 1421 3429 inquesta,
1444 3337 1489 3400 nt
1501 3350 1570 3429 per
1586 3351 1647 3401 eas
1665 3322 1824 3400 sciretur
1839 3324 1871 3401 si
1887 3323 2011 3403 dictus
2139 3336 2142 3342 '

584 3450 798 3531 Bernardus
814 3481 835 3529 a
851 3453 948 3531 dicta
963 3452 1122 3531 financia
1136 3452 1349 3561 appellavit,
1366 3469 1405 3531 et
1418 3451 1449 3530 si
1466 3453 1556 3559 ipse,
1576 3481 1645 3561 per
1657 3453 1896 3543 violenciam,
1913 3481 2011 3532 com-

585 3583 714 3687 pulsus
730 3583 804 3661 luit
822 3584 869 3661 ad
888 3583 1104 3661 laciendum
1121 3584 1319 3661 linanciam
1337 3584 1568 3690 predictam:
1588 3584 1683 3662 Visis
1698 3584 1816 3688 igitur
1830 3583 2010 3662 informa-

586 3713 693 3790 cione
706 3730 744 3788 et
757 3713 928 3818 inquesta
943 3713 1133 3817 predictis,
1151 3714 1238 3820 quia
1250 3742 1327 3791 non
1339 3730 1395 3791 est
1409 3742 1548 3818 pereas
1559 3713 1755 3788 inventum
1767 3711 1872 3815 quod
1888 3713 2010 3790 dictus

586 3840 798 3917 Bernardus
817 3869 930 3947 super
948 3841 1023 3918 hoc
1038 3840 1280 3947 appellaverit
1301 3868 1371 3918 nec
1389 3840 1494 3948 quod
1513 3868 1582 3945 per
1594 3838 1816 3917 violenciam
1838 3840 2011 3944 compul-

587 3997 650 4047 sus
664 3968 778 4047 luerit
795 3970 842 4047 ad
860 3970 996 4047 dictam
1012 3967 1209 4047 financiam
1225 3969 1450 4058 faciendam,
1467 3998 1537 4077 per
1549 3970 1652 4046 curie
1665 3986 1794 4047 nostre
1806 3968 2006 4076 judicium,

566 4098 732 4175 dictum
751 4098 823 4177 fuit
835 4100 940 4207 quod
960 4116 1087 4178 contra
1104 4100 1269 4177 eundem
1287 4100 1521 4177 Bernardum
1537 4099 1752 4176 execucioni
1767 4097 2011 4176 mandabitur
2046 4193 2052 4207 ..

587 4227 745 4307 [inancia
763 4230 942 4336 predicta.

641 4360 741 4437 Jovis
759 4378 844 4437 ante
864 4360 1148 4438 Penthecosten.

642 4491 804 4597 Mangon
821 4491 1033 4599 reportavit.

585 4884 696 4991 burgi
708 4883 917 4961 d’Alamans
925 4912 965 4961 ac
975 4883 1226 4989 procuratoris
1237 4883 1355 4961 nostri
1368 4880 1914 4988 senescalliePetragoricensis,
1925 4910 2008 4959 nec.

587 5040 664 5091 non
679 5015 812 5092 Nicasii
833 5014 882 5093 de
906 5014 1059 5106 Ursino,
1076 5013 1269 5093 servientis
1289 5016 1424 5108 nostri,
1440 5013 1552 5094 nobis
1566 5012 1695 5105 luerit,
1717 5012 2005 5121 conquerendo,

586 5160 832 5222 monstratum
852 5144 956 5253 quod
975 5143 1179 5225 Gaufridus
1198 5145 1244 5223 de
1259 5145 1394 5235 Ponte,
1418 5144 1596 5239 dominus
1610 5142 1811 5232 Riberiaci,
1829 5140 2008 5222 domicel-

588 5272 665 5362 lus,
682 5276 853 5380 predicto
873 5276 1048 5384 episcopo
1068 5276 1219 5355 cuidem
1245 5275 1470 5383 presbitero,
1493 5276 1573 5385 ejus
1592 5274 1763 5369 subdito,
1786 5290 1824 5351 et
1840 5274 1924 5351 aliis
1941 5300 2006 5349 su·

588 5401 938 5510 predictispersonis
952 5406 1305 5513 pluresviolencias,
1320 5407 1492 5516 injurias,
1509 5434 1695 5492 excessus,
1708 5404 1870 5507 dampna
1880 5419 1917 5478 et
1927 5426 2006 5476 res-

1826 5556 1878 5635 γά.

1741 5642 1757 5689 t
