5817 7292
1069 1124 1338 1234 nnounrns
1365 1141 1428 1214 nr
1454 1124 1661 1216 Procas.
2028 1145 2073 1216 si

652 1284 881 1373 lnsulenses,
897 1282 1066 1362 dicentes
1080 1285 1290 1392 inquestain
1303 1283 1524 1392 hujusmodi
1536 1283 1663 1360 minus
1674 1280 1904 1359 sufficienter
1915 1312 1996 1360 esse
2009 1283 2078 1360 fac·
2115 1287 2246 1346 aarum
2257 1294 2301 1356 tv,

651 1436 746 1509 tam,
768 1433 805 1494 et
824 1414 952 1522 plures
975 1416 1267 1494 consuetudines
1289 1432 1326 1493 et
1341 1414 1434 1491 facta
1454 1444 1497 1491 ac
1514 1414 1683 1492 raciones
1702 1411 1792 1488 alias
1807 1432 2074 1519 proponentes,
2175 1383 2238 1426 lm

653 1549 823 1625 dicerent
842 1546 1002 1623 eandem
1022 1547 1232 1652 inquestam
1252 1547 1391 1624 debere
1410 1544 1578 1623 totaliter
1596 1542 1779 1621 anullari:
1801 1545 1989 1634 Tandem,
2012 1574 2075 1621 au-

653 1678 740 1756 ditis
757 1677 846 1754 binc
859 1673 948 1752 inde
961 1675 1179 1782 propositis,
1196 1703 1265 1783 per
1281 1693 1461 1754 arrestum
1479 1675 1582 1752 curie
1598 1674 1742 1752 dictum
1760 1671 1833 1750 fuit
1847 1672 1952 1779 quod
1965 1702 2078 1780 super

653 1809 836 1887 dictarum
855 1806 1058 1884 domorum
1079 1807 1332 1884 destructione
1352 1823 1390 1884 et
1404 1806 1592 1884 dictorum
1609 1803 1846 1882 scabinorum
1860 1832 1903 1880 ae
1917 1800 2076 1881 aliorum

652 1967 815 2046 quorum
835 1939 992 2014 interest
1010 1935 1327 2028 deffensionibus,
1349 1936 1452 2014 factis
1472 1954 1512 2013 et
1528 1933 1885 2022 consuetudinibus,
1908 1934 2010 2011 curia
2024 1934 2073 2010 fa·

651 2070 724 2145 ciet
743 2067 883 2174 inquiri
900 2066 1050 2173 plenius
1069 2068 1282 2157 veritatem3
1301 2085 1339 2145 et
1353 2066 1506 2143 interim
1524 2067 1686 2144 dormiet
1702 2066 1873 2171 inquesta
1886 2065 2072 2170 predicta:

651 2229 723 2306 qua
743 2198 853 2289 facta,
873 2226 987 2305 super
1006 2197 1079 2274 hoc
1095 2197 1204 2276 faciet
1223 2198 1325 2276 curia
1345 2197 1386 2274 id
1406 2199 1511 2303 quod
1525 2197 1717 2274 videbitur
1733 2195 2007 2273 racionabiliter
2020 2195 2073 2273 sa-

651 2329 839 2408 ciendum.

706 2460 805 2537 lovis
825 2476 912 2538 ante
931 2460 1099 2541 Cineres.

704 2726 780 2801 XX.
812 2726 925 2813 Cum,
947 2741 1119 2832 tempore
1139 2753 1271 2832 guerre
1291 2745 1417 2806 nostre
1432 2726 1613 2809 Vasconie
1631 2727 1833 2833 quamdam
1849 2726 1985 2804 fortem
2002 2727 2073 2804 do-

650 2883 754 2931 mum
775 2853 940 2933 Arnaudi
971 2873 1009 2933 et
1035 2858 1194 2934 Bozonis
1219 2858 1266 2934 de
1291 2859 1550 2969 Roringhano‚
1577 2858 1755 2947 fratrum,
1778 2885 1853 2964 que
1873 2858 2072 2935 vocabatur

650 2988 769 3075 Mota,
793 2988 946 3092 quidam
971 2987 1245 3078 malefactores,
1268 3005 1311 3066 ut
1338 2988 1544 3077 dicebatur,
1571 2990 1619 3068 de
1640 3007 1751 3066 nocte
1777 3006 1816 3065 et
1839 2987 2069 3065 clandestine

649 3116 918 3208 subintrantes,
933 3137 1060 3196 contra
1073 3119 1173 3226 pacis
1188 3135 1340 3210 statuta,
1356 3121 1516 3197 eandem
1532 3149 1618 3197 cum
1631 3120 1741 3198 bonis
1754 3119 1898 3197 ibidem
1910 3119 2070 3196 existen-

649 3246 750 3326 tibus
767 3248 1066 3339 combuxissent,
1087 3267 1142 3339 et,
1165 3251 1212 3328 ad
1228 3250 1396 3356 ipsorum
1417 3250 1574 3328 fratrum
1593 3251 1829 3338 instanciam,
1852 3251 2012 3328 dilectus
2033 3268 2070 3327 et

649 3375 771 3457 fidelis
787 3398 915 3458 noster
927 3380 1225 3460 constabularius
1239 3382 1391 3458 Franeie
1407 3379 1536 3490 bajulo
1549 3379 1838 3459 GrandisCastri
1857 3381 2071 3458 mandasset

645 3526 699 3600 ut,
711 3513 848 3590 vocatis
860 3514 1066 3603 evocandis,
1082 3541 1194 3618 super
1207 3514 1280 3590 hoc
1295 3513 1503 3619 inquireret
1511 3513 1722 3604 veritatem,
1735 3530 1774 3589 et
1789 3512 1931 3590 eisdem
1945 3512 2070 3588 fratri-

646 3639 733 3732 bus,
756 3644 964 3720 secundum
984 3672 1095 3721 usum
1115 3661 1153 3719 et
1172 3643 1485 3721 consuetudinem
1504 3643 1641 3750 patrie,
1658 3643 1796 3721 faceret
1803 3643 1956 3750 justicie
1970 3673 2071 3722 com-

646 3770 900 3874 plementum
922 3799 1065 3880 nosque
1086 3776 1332 3878 postmodum
1354 3772 1478 3849 eidem
1497 3771 1627 3879 bajulo
1650 3773 1931 3850 mandassemus
1951 3791 1993 3848 ut
2013 3775 2071 3850 in-

646 3917 832 4003 questam,
857 3933 971 4011 super
985 3906 1059 3982 boc
1075 3902 1207 3982 factam
1223 3933 1291 4012 per
1310 3932 1397 3982 eum
1418 3902 1467 3980 de
1486 3902 1661 3980 mandato
1682 3903 1772 3980 dicti
1787 3903 1913 3984 fidelis
1929 3905 2066 3992 nostri,

646 4047 785 4108 servata
799 4035 917 4138 patrie
939 4034 1227 4127 consuetudine,
1247 4035 1447 4123 diffiniret;
1465 4033 1538 4109 lata
1554 4033 1743 4110 sentencia
1764 4061 1833 4139 per
1846 4035 1991 4112 dictum
2006 4036 2070 4113 ba-

641 4158 787 4266 julum,
803 4192 973 4270 superea
989 4165 1223 4272 signifficavit
1235 4166 1345 4243 nobis
1360 4163 1573 4242 Bernardus
1589 4164 1636 4241 de
1650 4161 1886 4250 Bovinhano,
1902 4163 2065 4253 scutifer,

646 4291 751 4396 quod
772 4293 871 4372 dicta
893 4297 995 4375 Mota
1011 4325 1081 4403 pro
1104 4324 1149 4374 eo
1171 4295 1295 4372 fuerat
1313 4294 1507 4370 combusta
1527 4294 1616 4400 quia
1636 4309 1763 4370 contra
1776 4308 1907 4398 gentes
1924 4309 2069 4370 nostras

644 4423 844 4502 tenebatur
863 4427 1028 4519 munita3
1045 4423 1319 4534 propterquod
1338 4424 1435 4501 dicta
1449 4427 1552 4502 Mota
1570 4424 1619 4502 ad
1639 4451 1795 4500 manum
1817 4441 1982 4502 nostram
1997 4423 2069 4503 fuit

645 4553 779 4659 posita,
800 4574 838 4633 et
857 4557 1024 4636 executio
1046 4558 1235 4636 sentencie
1257 4556 1345 4634 dicti
1365 4554 1483 4663 bajuli
1499 4555 1697 4662 impedita;
1717 4583 1786 4633 nos
1803 4583 1891 4632 vero
1909 4555 2064 4647 deinde,

645 4683 691 4762 ad
712 4687 1001 4793 requisicionem
1018 4688 1205 4764 dictorum
1226 4687 1401 4778 fratrum,
1418 4714 1532 4794 super
1545 4685 1726 4793 predictis
1738 4686 1848 4764 nobis
1862 4686 2067 4764 denuncia-

643 4816 692 4892 tis
712 4815 850 4924 inquiri
870 4816 1028 4896 fecimus
1044 4818 1259 4896 veritatem:
1278 4820 1365 4897 Visa
1380 4819 1493 4928 igitur
1506 4819 1680 4926 inquesta
1693 4817 1861 4922 predicta
1876 4834 1914 4893 et
1931 4818 2067 4895 auditis

642 4963 719 5022 tam
747 4947 838 5026 dicti
859 4950 1040 5028 Bernardi
1063 4979 1176 5057 quam
1203 4951 1390 5031 dictorum
1412 4949 1569 5027 fratrum
1593 4945 1822 5038 racionibus,
1848 4947 1923 5024 visa
1947 4949 2064 5025 eciam

643 5078 835 5156 senescalli
859 5081 976 5159 nostri
1003 5079 1235 5190 Agennensis
1259 5081 1526 5188 rescripcione,
1552 5109 1594 5156 ac
1613 5078 1865 5185 procuratoris
1888 5079 2006 5158 nostri
2026 5080 2066 5155 in

643 5205 827 5316 Agenesio
841 5210 1045 5300 relacione,
1060 5240 1129 5318 per
1143 5214 1247 5292 curie
1262 5230 1388 5292 nostre
1399 5212 1607 5321 judicium,
1622 5210 1767 5288 dictum
1781 5209 1853 5287 fuit
1867 5209 1971 5316 quod
1984 5239 2068 5316 pre-

644 5339 740 5417 dicta
759 5343 879 5434 Mota,
896 5373 1011 5422 manu
1026 5361 1153 5423 nostra
1167 5341 1256 5424 inde
1272 5361 1415 5435 amota,
1431 5342 1575 5421 eisdem
1590 5341 1766 5421 fratribus
1782 5339 2062 5430 deliberabitur,

645 5485 682 5544 et
698 5473 802 5576 quod
820 5475 988 5580 predicta
1008 5476 1097 5553 dicti
1117 5475 1232 5584 bajuli
1253 5475 1440 5554 sentencia
1455 5473 1695 5592 mandabitur
1713 5469 1939 5550 erecucioni.

728 5645 777 5688 aas
798 5647 880 5689 onnn
902 5649 947 5690 nr.
1902 5646 1934 5684 rr
2028 5619 2032 5625 ’
