5817 7292
1023 1122 1291 1235 nuoudrus
1318 1144 1381 1219 nr
1408 1124 1619 1217 rnocrts.
1963 1146 2032 1218 ns

609 1305 665 1365 tra
683 1286 889 1365 Renerium
905 1256 953 1363 d'e
969 1284 1191 1375 Grimaldis,
1209 1285 1387 1378 militem,
1403 1284 1632 1361 amiraldum
1647 1301 1835 1374 nostrum,
1851 1304 1965 1391 prout
1980 1316 2036 1363 ra·
2075 1293 2205 1346 Pfflm
2217 1292 2260 1354 Νι

609 1419 667 1497 cio
686 1418 872 1497 suadebit.

666 1548 842 1626 Mercurii
862 1565 948 1654 post
966 1548 1202 1625 Trinitatem.

666 1678 711 1757 G.
743 1679 908 1757 Obcrtus
933 1680 1150 1785 reportavit,
1181 1679 1309 1757 dicens
1334 1678 1440 1783 quod
1466 1677 1612 1754 domini
1640 1676 1686 1755 G.
1714 1677 1763 1756 de
1789 1677 1973 1784 Nogareto
1999 1698 2036 1755 et

610 1812 655 1887 H.
677 1810 725 1887 de
745 1810 862 1889 Cellis
881 1810 1023 1887 habent
1041 1826 1184 1916 partem
1206 1810 1254 1887 de
1275 1810 1346 1885 isto
1365 1837 1555 1914 processu.

2136 1384 2200 1428 1³00.

666 2072 822 2149 XXXIV.
855 2070 953 2149 Cum
989 2069 1120 2148 datum
1148 2068 1281 2145 fuisset
1312 2068 1425 2145 nobis
1451 2067 1612 2173 intelligi
1640 2068 1744 2173 quod
1768 2068 1963 2147 Rolandus
1989 2071 2037 2147 de

610 2204 869 2290 Tremerront‚
892 2198 1018 2289 miles,
1043 2200 1123 2306 ejus
1142 2199 1266 2287 frater,
1295 2216 1334 2275 et
1356 2198 1560 2305 complices
1584 2226 1733 2290 eorum,
1754 2197 1939 2288 Aufredo,
1961 2230 2040 2277 ser·

609 2332 721 2409 vionti
748 2347 894 2419 nostro,
920 2331 987 2437 qui
1011 2332 1059 2407 ad
1087 2330 1170 2437 ejus
1198 2329 1411 2407 manerium
1438 2330 1556 2407 iverat
1581 2358 1626 2407 ex
1643 2346 1748 2435 parte
1768 2330 1895 2407 ballivi
1915 2334 2039 2409 Turo-

611 2461 736 2539 nensis
766 2490 853 2539 cum
877 2460 1028 2549 litteris,
1055 2442 1279 2539 mandatum
1304 2461 1375 2539 sibi
1401 2462 1617 2569 injunctum
1642 2461 1939 2552 continentibus,
1969 2492 2039 2569 pro

611 2592 833 2670 execncione
859 2592 1053 2700 cujusdam
1079 2593 1342 2699 ajomamenti,
1370 2593 1418 2668 ad
1445 2592 1664 2669 instanciam
1689 2593 1825 2699 prioris
1845 2594 1892 2670 de
1913 2594 2039 2671 Lebu-

612 2724 691 2810 nio,
714 2752 758 2799 ex
776 2740 882 2829 parte
901 2739 1046 2810 nostra,
1069 2721 1140 2798 sibi
1155 2722 1333 2815 faciendi,
1352 2739 1469 2828 prout
1482 2723 1607 2799 dictus
1625 2723 1788 2800 ballivus
1804 2752 1826 2799 a
1845 2722 1957 2799 nobis
1971 2724 2038 2800 ba-

611 2850 746 2929 buerat
769 2854 809 2929 in
834 2853 1041 2939 mandatis,
1063 2878 1212 2929 necnon
1236 2852 1406 2930 Guerino
1432 2854 1626 2959 Heymon,
1651 2869 1689 2929 et
1707 2852 1935 2959 quibusdam
1955 2852 2037 2930 aliis

612 3014 698 3061 curn
724 2986 825 3062 dicto
849 2984 1034 3062 serviente
1059 2984 1322 3076 existentibus,
1345 2983 1588 3089 quamplures
1607 2982 1761 3091 injurias
1780 3001 1819 3061 et
1836 2985 2038 3062 violencias

612 3115 835 3208 intulerant,
858 3144 977 3223 equos
996 3132 1035 3193 et
1051 3114 1232 3221 quasdam
1253 3114 1343 3192 alias
1362 3143 1494 3191 eorum
1514 3142 1576 3191 res
1594 3116 1649 3193 eis
1667 3114 1916 3206 abstulerant,
1938 3115 2038 3194 mul-

611 3265 724 3354 taque
751 3246 862 3324 verba
889 3245 1164 3325 contumeliosa
1188 3245 1235 3322 de
1261 3245 1372 3323 nobis
1395 3246 1581 3334 dixerant,
1604 3264 1643 3323 et
1662 3245 1804 3324 dictum
1825 3247 2035 3323 manerium

611 3377 910 3466 inforciaverant,
940 3394 978 3453 et
1000 3377 1170 3454 clausum
1194 3392 1398 3454 tenuerant
1422 3392 1551 3453 contra
1575 3394 1707 3483 gentes
1732 3394 1897 3469 nostras,
1921 3377 2037 3455 verbo

613 3528 652 3587 et
670 3510 766 3587 facto
786 3509 998 3588 resistendo
1019 3508 1180 3598 eisdem,
1202 3508 1341 3586 vocatis
1360 3508 1546 3614 partibus,
1568 3508 1681 3615 super
1699 3510 1773 3586 hoc
1789 3507 1928 3615 inquiri
1949 3506 2038 3586 feci·

612 3670 696 3719 mus
716 3643 911 3719 veritatem
931 3673 939 3716 :
961 3640 1110 3718 Auditis
1130 3641 1244 3748 igitur
1272 3639 1362 3716 dicti
1387 3640 1549 3717 Rolandi
1573 3639 1803 3728 racionibus,
1828 3659 1866 3717 et
1884 3641 1961 3717 visa
1983 3642 2039 3717 in-

611 3790 743 3879 questa
764 3772 952 3880 predicta,
977 3800 1045 3877 per
1065 3770 1253 3878 judicium
1277 3788 1404 3847 nostre
1427 3771 1553 3860 curie,
1579 3770 1724 3849 dictum
1747 3771 1820 3847 fnit
1839 3769 1944 3875 quod
1961 3770 2039 3847 for-

612 3902 779 3979 talicium
802 3903 889 3979 dicti
910 3903 1067 3979 manerii
1087 3902 1253 3981 totaliter
1273 3902 1374 3979 dirui
1393 3899 1592 3993 faciemus,
1614 3918 1653 3978 et
1672 3901 1845 4008 ejusdem
1864 3900 2038 3978 fortalicii

613 4049 760 4137 portam
788 4032 906 4139 frangi
933 4051 972 4109 et
1001 4033 1160 4122 destrui,
1189 4032 1297 4110 salvis
1321 4031 1608 4110 remanentibus
1635 4032 1811 4109 domibus
1839 4032 2039 4109 circadis·
2068 4126 2075 4137 ι

615 4181 696 4239 turn
712 4160 939 4240 fortalicium
959 4164 1224 4256 existentibus,
1243 4180 1279 4241 et
1293 4165 1415 4241 dictus
1429 4161 1624 4239 Rolandus
1636 4162 1677 4238 in
1691 4160 1894 4239 Castelleto
1908 4181 2039 4240 nostro

613 4293 811 4371 Parisiensi
829 4291 1025 4371 tenebitur
1044 4320 1241 4400 quousque
1263 4293 1353 4369 dicti
1373 4291 1488 4369 frater
1506 4309 1546 4367 et
1562 4290 1781 4398 complices,
1802 4292 1978 4382 Parisius,
1998 4293 2038 4369 in

614 4424 815 4504 Castelleto
843 4423 986 4501 fuerint
1010 4423 1179 4513 adducti,
1211 4424 1367 4533 ejusque
1393 4438 1473 4501 tota
1498 4440 1596 4500 terra
1620 4424 1669 4500 ad
1694 4452 1848 4500 manum
1873 4441 2039 4502 nostram

613 4555 824 4633 remanebit
840 4581 1039 4662 quousque
1058 4554 1179 4631 dictus
1197 4554 1389 4633 Rolandus
1407 4554 1585 4661 proinde,
1607 4572 1685 4631 tam
1703 4553 1815 4632 nobis
1834 4582 1948 4662 quam
1969 4556 2041 4634 dic-

614 4687 662 4763 tis
681 4686 857 4794 injuriam
880 4684 1012 4792 passis,
1035 4686 1243 4764 secundum
1264 4687 1461 4766 arbitrium
1480 4703 1668 4777 nostrum,
1691 4685 1889 4763 emendam
1909 4689 2041 4792 presti—

614 4818 702 4894 terit
728 4834 1024 4923 competentem,
1046 4846 1088 4895 ac
1113 4816 1255 4895 eisdem
1279 4816 1492 4897 reddiderit
1516 4846 1633 4925 equos
1654 4835 1692 4894 et
1714 4818 1805 4896 alias
1828 4845 2039 4895 res‘eorum

615 4946 705 5040 sibi,
721 4966 765 5025 ut
783 4949 1010 5056 premissum
1027 4965 1098 5039 est,
1120 4948 1280 5038 ablatas,
1295 4966 1334 5028 et
1353 4951 1402 5028 de
1419 4950 1604 5028 fructibus
1621 4949 1718 5026 dicte
1736 4967 1836 5027 terre
1852 4949 1954 5027 dicto
1968 4951 2043 5026 Ro·

616 5078 729 5157 lando
754 5080 792 5155 in
812 5081 978 5186 prisione
999 5097 1128 5159 nostra
1147 5082 1465 5160 ministrabuntur
1489 5082 1668 5189 expense,
1690 5098 1730 5159 et
1748 5080 1796 5158 de
1816 5081 1869 5159 eis
1889 5081 2039 5157 interim

616 5210 681 5287 fiet
700 5210 890 5289 sufficiens
908 5212 1072 5317 provisio
1093 5213 1174 5321 ejus
1193 5215 1300 5293 uxori
1322 5231 1360 5291 et
1378 5212 1508 5293 liberis
1526 5242 1596 5320 pro
1617 5213 1788 5321 expensis
1807 5237 1952 5290 eorum.

671 5342 848 5419 Mercurii
864 5358 950 5447 post
964 5342 1200 5421 Trinitatem.
