5817 7292
1016 1067 1285 1179 nuousrns
1313 1087 1378 1160 rr
1406 1074 1609 1160 rnocss.
1946 1086 2019 1156 oar

603 1232 783 1341 ponebat,
801 1258 917 1338 quare
937 1229 1086 1309 dicebat
1104 1258 1143 1308 se
1159 1256 1237 1306 non
1251 1227 1390 1307 debere
1406 1226 1583 1333 compelli
1600 1225 1649 1303 ad
1663 1222 1970 1331 respondendum
1983 1223 2024 1300 iu
2060 1230 2191 1285 Parnm
2203 1228 2246 1290 Ν.

603 1362 810 1443 continenti
831 1361 928 1439 dicte
945 1359 1138 1468 peticioni,
1153 1360 1351 1466 presertim
1366 1387 1454 1436 cum
1472 1358 1511 1434 in
1530 1355 1638 1434 dictis
1656 1356 1740 1435 loco
1754 1372 1793 1433 et
1808 1353 2024 1432 senescallia
2123 1322 2186 1365 mi

604 1510 729 1572 utatur
742 1493 830 1601 jure
852 1492 1008 1598 script03
1026 1519 1119 1599 quas
1137 1490 1306 1569 raciones
1321 1488 1444 1567 dictus
1465 1486 1690 1565 senescallus
1704 1484 1903 1563 admittere
1918 1512 2025 1562 recu-

603 1624 709 1713 savit,
730 1623 798 1702 sed
816 1622 1091 1729 pronunciavit,
1111 1620 1302 1729 premissis
1321 1648 1398 1697 non
1418 1618 1669 1707 obstantibus,
1692 1618 1810 1695 dictos
1828 1613 2026 1719 religiosos

604 1782 717 1860 super
728 1754 917 1860 premissis
928 1752 1053 1831 statim
1066 1751 1206 1831 debere
1220 1750 1462 1859 respondere,
1475 1748 1674 1855 premissas
1691 1747 1861 1824 raciones
1870 1772 1938 1851 per
1948 1744 2025 1821 dic-

603 1902 662 1962 tos
674 1883 869 1995 religiosos
881 1884 1091 1991 propositas
1108 1911 1186 1961 non
1205 1884 1422 1974 adrnittens3
1442 1882 1608 1959 inhibuit
1623 1882 1735 1959 etiam
1752 1896 1791 1957 et
1811 1878 2023 1968 interdixit,

603 2015 673 2092 sub
696 2042 793 2122 pena
814 2014 1084 2124 quinquaginta
1104 2013 1305 2102 librarum,
1325 2012 1511 2089 advocatis
1534 2030 1572 2089 et
1594 2010 1815 2089 consiliariis
1837 2010 2025 2088 dictorum

602 2140 746 2219 abbatis
773 2160 811 2220 et
832 2161 1033 2221 conventus
1060 2170 1108 2219 ne
1133 2142 1334 2219 consilium
1354 2169 1422 2219 seu
1444 2140 1697 2247 patrocinium
1720 2140 1791 2218 sibi
1818 2156 2027 2248 prestarent

602 2300 716 2379 super
728 2272 935 2379 premissis,
953 2289 992 2351 et
1004 2272 1159 2352 notariis
1173 2272 1318 2351 ibidem
1334 2272 1577 2378 presentibus
1592 2301 1640 2349 ne
1660 2273 1707 2348 de
1725 2271 1904 2378 predictis
1917 2270 2027 2349 dictis

601 2403 786 2511 religiosis
809 2403 972 2483 lacerent
996 2403 1193 2511 publicum
1216 2403 1508 2481 instrumentum
1522 2435 1540 2494 ς,
1561 2430 1607 2480 ex
1632 2402 1771 2510 quibus
1793 2402 1969 2481 omnibus
1989 2418 2026 2479 et

602 2534 760 2642 singulis
770 2534 1008 2639 supradictis,
1018 2534 1180 2641 religiosi
1196 2533 1374 2638 predicti,
1388 2532 1596 2610 sencientes
1610 2562 1650 2611 se
1664 2550 1702 2611 et
1715 2532 1910 2610 ecclesiam
1920 2561 2025 2611 suam

601 2690 670 2769 per
691 2664 814 2770 ipsum
835 2663 1082 2742 senescallum
1105 2662 1275 2741 indebite
1296 2662 1520 2769 pergravari,
1538 2661 1587 2738 ad
1606 2662 1839 2740 audienciam
1860 2679 2025 2739 nostram

603 2794 643 2869 in
662 2794 806 2900 scriptis
823 2793 1126 2902 appellaverunt:
1143 2792 1229 2871 Visa
1248 2792 1363 2899 igitur
1381 2792 1555 2898 inquesta
1575 2809 1614 2869 et
1629 2822 1807 2899 processu
1828 2794 2023 2898 predictis,

603 2952 671 3029 per
684 2923 873 3031 judicium
892 2924 994 3001 curie
1014 2938 1160 3014 nostre,
1179 2921 1323 3000 dictum
1342 2920 1415 2998 luit
1431 2922 1647 3027 predictum
1662 2924 1908 3000 senescallum
1929 2922 2026 3001 male

603 3052 826 3159 processisse
846 3053 885 3129 in
904 3050 1097 3158 predictis,
1125 3052 1284 3129 maxime
1309 3050 1478 3129 iaciendo
1506 3051 1755 3131 inbibiciones
1780 3053 1967 3159 predictas
1989 3072 2026 3131 et

604 3182 824 3290 denegando
838 3182 926 3259 dicti
939 3181 1012 3259 loci
1025 3182 1299 3273 ostensionem,
1318 3198 1355 3257 et
1369 3181 1537 3287 precepit
1551 3182 1671 3287 quod,
1687 3184 1823 3259 vocatis
1836 3181 2023 3288 partibus,

603 3312 650 3389 ad
668 3312 794 3391 locum
819 3311 1102 3390 contensiosum
1126 3311 1291 3401 accedat,
1314 3327 1352 3387 et
1378 3338 1424 3389 eo
1444 3311 1522 3386 viso
1546 3329 1746 3418 cognoscat
1767 3313 1814 3390 de
1834 3313 1966 3417 plano,
1990 3331 2026 3390 et

602 3442 742 3550 absque
764 3440 884 3520 libelli
907 3440 1130 3529 tradicione,
1153 3438 1201 3518 de
1227 3440 1325 3516 dicta
1346 3466 1482 3517 manus
1509 3440 1749 3545 apposicioue
1772 3458 1811 3517 et
1830 3440 1911 3548 ejus
1932 3440 2025 3521 liac-

603 3573 731 3662 cione,
754 3589 806 3659 et,
829 3572 860 3649 si
882 3570 1067 3647 invenerit
1084 3570 1136 3647 ita
1154 3597 1250 3657 esse,
1273 3569 1389 3646 dictas
1410 3567 1560 3645 furebas
1579 3567 1687 3646 faciat
1709 3570 1809 3647 dirui
1829 3587 1868 3647 et
1886 3570 2024 3649 factum

603 3700 823 3809 hujusmodi
841 3698 952 3777 nobis
964 3714 1223 3805 competenter
1242 3698 1452 3785 emendari,
1469 3713 1508 3772 et
1525 3714 1654 3800 postea
1668 3697 1716 3773 de
1731 3700 1929 3803 questione
1944 3728 2025 3805 par-

604 3830 703 3909 cium
723 3828 936 3936 principali,
958 3843 1112 3935 propter
1132 3854 1245 3933 quam
1261 3854 1394 3903 manus
1414 3841 1541 3902 nostra
1556 3824 1628 3901 luit
1646 3826 1812 3932 apposita
1827 3827 1866 3903 in
1881 3828 2026 3933 predic-

603 3960 667 4050 tis,
687 3961 823 4039 vocatis
841 3958 1029 4067 partibus,
1052 3973 1268 4065 cognoscat,
1286 3973 1324 4035 et
1343 3957 1487 4035 eisdem
1503 3955 1677 4032 exhibeat
1688 3954 1838 4061 justicie
1858 3958 2024 4064 comple-

603 4109 787 4169 mentum.

659 4221 788 4301 Martis
801 4237 887 4329 post
902 4218 1319 4329 Sanctum-Georgium.

660 4352 711 4429 M.
733 4351 948 4458 Stephanus
967 4350 1015 4428 de
1033 4350 1213 4430 Housseia
1232 4350 1446 4459 reportavit.

660 4616 736 4697 vll.
767 4614 850 4692 Lite
875 4630 994 4703 mota,
1022 4640 1148 4693 eoram
1166 4613 1358 4722 preposito
1387 4614 1604 4706 Parisiensi,
1631 4613 1731 4691 inter
1754 4612 1956 4693 Girardum
1977 4613 2024 4690 de

603 4746 832 4836 Silvanecto,
846 4746 1043 4835 clericum,
1056 4772 1101 4823 ex
1114 4761 1220 4852 parte
1235 4773 1325 4836 una,
1341 4762 1379 4823 et
1389 4744 1568 4853 Egidium
1581 4743 1629 4821 de
1639 4744 1817 4852 Carpent,
1832 4772 1876 4821 ex
1888 4744 2022 4836 altera,
2062 4727 2068 4737 ’

603 4905 716 4987 super
735 4906 781 4956 eo
796 4879 900 4985 quod
916 4875 1100 4984 petebant
1113 4875 1235 4955 dictus
1253 4875 1435 4955 Girardus
1455 4892 1493 4953 et
1511 4890 1634 4953 rector
1657 4876 1907 4955 universitatis
1924 4875 2026 4953 Pari·

603 5009 734 5087 siensis
754 5024 792 5087 et
805 5005 922 5115 aliqui
935 5006 1101 5116 magistri
1117 5008 1165 5085 de
1182 5006 1279 5084 dicta
1293 5005 1548 5099 universitate,
1562 5034 1632 5113 pro
1653 5006 1752 5084 dicta
1769 5005 2020 5093 universitate,

604 5153 642 5215 et
659 5138 759 5217 dicto
775 5138 952 5232 Girardo,
969 5136 1102 5216 scolari
1117 5165 1205 5228 suo,
1225 5153 1269 5217 ut
1285 5136 1476 5227 dicebant,
1494 5137 1698 5244 quamdam
1713 5136 2024 5216 informacionem

603 5295 669 5348 scu
689 5268 902 5376 inquestam
925 5296 995 5376 per
1014 5266 1157 5347 dictum
1181 5268 1415 5375 prepositum
1437 5266 1586 5361 lactem,
1611 5268 1660 5346 ad
1686 5266 2021 5346 denunciacionem

605 5397 809 5475 amicorum
829 5398 948 5507 ipsius
963 5398 1129 5489 Girardi,
1146 5398 1396 5477 asserencium
1415 5398 1559 5477 dictum
1573 5398 1792 5488 Girardum,
1807 5426 1873 5503 per
1882 5395 2020 5472 factum
