5817 7292
845 1082 850 1091 ·
943 1060 1016 1131 636
1037 1056 1040 1059 ’
1521 1055 1611 1128 LES
1640 1052 1781 1127 OLIM.

718 1213 847 1265 aarum
859 1212 902 1275 tv,
940 1201 1073 1277 Petrus
1092 1198 1258 1277 Barbarii
1279 1198 1421 1275 dictum
1441 1196 1601 1274 militem
1620 1194 1767 1273 fecisset
1782 1192 1873 1299 poni
1894 1192 2123 1287 indefecta,
2144 1198 2365 1310 peteretque

778 1303 841 1346 tttt.

942 1330 1184 1409 commodum
1205 1330 1293 1406 dicti
1315 1328 1482 1407 delectus
1506 1327 1578 1404 sibi
1601 1324 1822 1434 adjudicari,
1853 1342 1952 1402 certa
1972 1325 2035 1402 die
2056 1356 2170 1433 super
2189 1330 2263 1408 hoc
2278 1362 2368 1437 par-

939 1462 1041 1541 tibus
1061 1462 1257 1568 assignata,
1280 1477 1318 1537 et
1331 1476 1573 1565 procuratore
1594 1457 1682 1533 dicti
1699 1456 1828 1533 militis
1847 1456 1945 1533 dicta
1962 1456 2025 1535 die
2045 1479 2306 1565 comparente,
2327 1482 2369 1541 et

899 1654 900 1658 η
940 1610 1091 1700 petente
1112 1591 1331 1668 dilacionem
1352 1590 1409 1667 sui
1430 1587 1576 1665 consilii
1601 1587 1769 1665 habendi
1796 1586 1868 1665 sihi
1888 1586 1986 1678 dari,
2010 1606 2048 1667 et
2065 1588 2130 1696 jus
2149 1619 2265 1698 super
2293 1592 2367 1671 hoc

941 1724 1012 1803 sibi
1031 1722 1156 1811 reddi,
1179 1721 1280 1799 dicto
1300 1718 1478 1799 Barberio
1496 1718 1773 1798 contradicente
1794 1734 1832 1795 et
1852 1736 2089 1823 proponente
2110 1720 2250 1799 dictam
2270 1723 2364 1801 dila—

940 1856 1088 1937 cionem
1103 1852 1202 1931 dicto
1217 1850 1461 1959 procuratori,
1474 1847 1522 1926 de
1534 1847 1806 1927 consuetudine
1824 1848 2028 1939 Castelleti,
2045 1879 2122 1928 non
2136 1878 2218 1929 esse
2232 1882 2365 1933 conce-

941 1986 1103 2063 dendam
1127 1983 1195 2061 sed
1220 1982 1352 2089 pocius
1384 1980 1667 2088 denegandam
1694 1978 1867 2072 tandem,
1889 1978 2029 2057 auditis
2052 1982 2222 2088 partibus
2246 2002 2283 2062 et
2303 2014 2362 2063 ea·

940 2144 1026 2193 rum
1040 2114 1265 2204 racionibus‚
1287 2114 1408 2193 dictus
1423 2111 1649 2219 prepositus,
1663 2109 1966 2217 interloquendo,
1981 2112 2238 2216 pronunciavit
2255 2117 2359 2221 quod

938 2246 1061 2324 dictus
1084 2261 1305 2352 procurator
1330 2245 1468 2322 dictam
1488 2242 1713 2323 dilacionem
1734 2270 1812 2319 non
1834 2241 2008 2331 haberet;
2033 2272 2054 2319 a
2077 2271 2150 2350 quo
2170 2244 2355 2351 judicato,

938 2393 1129 2483 tamquam
1150 2404 1171 2451 a
1190 2374 1283 2454 falso
1305 2392 1343 2451 et
1362 2402 1486 2480 pravo,
1504 2374 1625 2453 dictus
1641 2390 1859 2478 procurator
1878 2371 1927 2448 ad
1946 2389 2114 2452 nostram
2132 2374 2270 2457 curiam
2290 2404 2357 2480 ap-

938 2505 1111 2612 pellavit:
1126 2504 1273 2582 Auditis
1295 2503 1408 2612 igitur
1432 2503 1600 2611 partibus
1628 2520 1665 2580 ct
1685 2530 1815 2580 earum
1835 2500 2049 2579 racionibus
2065 2501 2275 2593 intellectis,
2289 2534 2357 2610 per

939 2634 1041 2711 curie
1056 2651 1182 2713 nostre
1192 2624 1396 2741 judicium,
1413 2634 1557 2711 dictum
1570 2632 1642 2710 fuit
1656 2632 1776 2740 quod,
1795 2632 1935 2741 rejecto
1951 2632 2051 2709 dicto
2061 2632 2233 2740 judicato
2248 2651 2285 2711 et
2296 2662 2359 2739 pe-

939 2765 1040 2843 nitus
1060 2765 1242 2855 obmisso,
1264 2764 1361 2841 dicte
1381 2782 1505 2871 partes
1528 2765 1568 2840 in
1594 2791 1725 2840 eorum
1750 2792 1859 2840 causa
1878 2762 2073 2870 principali
2093 2763 2254 2843 ulterius
2273 2793 2358 2871 pro-

939 2895 1073 2975 cedent
1092 2913 1205 3003 prout
1224 2894 1337 2975 fuerit
1352 2896 1510 2975 racionis
1530 2911 1569 2973 et
1588 2911 1705 2975 status
1720 2892 1819 2981 dicte
1838 2922 1948 2972 cause
1963 2893 2133 3005 requirit.

994 3028 1192 3106 Dominica
1211 3026 1387 3133 predicta.

996 3157 1181 3237 Thibotot
1199 3155 1413 3262 reportavit..

994 3424 1058 3500 Vl.¹
1076 3422 1175 3500 Mota
1187 3421 1265 3513 lite,
1281 3448 1406 3497 coram
1422 3422 1627 3499 senescallo
1639 3422 1945 3529 Petragoricensi,
1960 3420 2056 3497 inter
2067 3437 2354 3524 procuratorem

938 3570 1126 3641 nostrum,
1144 3550 1357 3657 pronubis,
1374 3578 1418 3627 ex
1429 3580 1502 3628 una
1521 3568 1643 3658 parte,
1663 3570 1703 3630 et
1719 3552 1894 3631 abbatem
1913 3567 1951 3628 et
1968 3566 2195 3627 conventum
2210 3552 2359 3628 Turtu-

937 3710 1122 3773 racenses,
1156 3711 1198 3759 ex
1223 3680 1354 3771 altera,
1381 3710 1558 3788 supereo
1582 3683 1688 3789 quod
1711 3683 1833 3761 dictus
1860 3697 2077 3788 procurator
2099 3679 2356 3785 proponebat,

937 3832 1065 3892 contra
1084 3814 1203 3890 dictos
1224 3812 1398 3891 abbatem
1423 3826 1462 3890 et
1480 3830 1719 3904 conventum,
1741 3811 1845 3921 quod
1869 3814 1940 3919 ipsi
1966 3828 2159 3889 erexerant
2175 3812 2357 3919 quasdam

936 3944 1084 4023 lurchas
1097 3944 1138 4019 in
1146 3943 1392 4051 jurisdicione
1409 3961 1447 4020 et
1458 3944 1648 4022 territorio
1656 3944 2014 4031 Turturacensibus,
2024 3971 2137 4050 quam
2144 3942 2359 4051 juridiccio

936 4102 1027 4152 nem
1046 4074 1194 4152 dicebat
1208 4072 1310 4151 idem
1329 4092 1561 4181 procurator,
1581 4103 1628 4151 er
1645 4091 1745 4152 certa
1764 4104 1889 4164 causa,
1909 4073 2025 4152 titisse
2045 4090 2183 4181 stesso
2196 4073 2358 4179 positam

936 4204 985 4281 ad
1003 4232 1157 4283 manum
1175 4223 1360 4297 nostram,
1373 4222 1411 4282 et
1427 4205 1481 4282 sic
1495 4204 1648 4312 fregisse
1669 4205 1767 4283 dicte
1785 4233 1920 4285 manus
1935 4221 2062 4283 nostre
2076 4201 2358 4311 opposicionem

935 4333 1129 4443 religiosos
1142 4336 1349 4442 predictos3
1371 4336 1472 4415 unde
1487 4337 1640 4442 petebat
1657 4335 1780 4414 dictus
1794 4352 2015 4443 procurator
2026 4352 2152 4413 noster
2170 4331 2358 4440 predictas

933 4462 1082 4545 ftuchas
1094 4466 1259 4544 totaliter
1273 4466 1385 4559 dirui,
1401 4483 1438 4546 et
1452 4467 1573 4545 dictos
1588 4466 1761 4546 abbatem
1775 4482 1813 4545 et
1825 4483 2051 4545 conventum
2064 4464 2221 4544 nobisin
2232 4491 2357 4541 emen-

935 4594 1021 4671 dam
1042 4596 1279 4703 condignam,
1295 4614 1448 4706 propter
1464 4598 1557 4687 hoc,
1576 4597 1841 4704 condempnari
1854 4629 1864 4687 ς
1879 4612 1984 4705 parte
2004 4595 2193 4675 dictorum
2208 4593 2357 4700 religio

933 4752 1060 4803 sorum
1081 4727 1121 4802 in
1139 4728 1366 4805 contrarium
1390 4746 1649 4835 proponente,
1667 4745 1706 4807 et
1729 4728 1877 4807 dicente
1896 4756 1936 4805 se
1967 4728 2017 4805 ad
2042 4723 2355 4835 respondendum

932 4882 1045 4962 super
1067 4856 1141 4934 hoc
1166 4857 1343 4964 compelli
1368 4886 1444 4937 non
1468 4857 1625 4949 debere,
1648 4858 1719 4934 nisi
1746 4858 1871 4965 prius,
1898 4856 2046 4934 traditis
2069 4855 2141 4935 sibi
2163 4853 2357 4962 peticione

931 5013 1000 5064 seu
1022 4988 1185 5066 articulis
1206 5018 1316 5096 supra
1335 4989 1554 5096 propositis,
1573 5006 1611 5068 ct
1623 4989 1687 5067 die
1702 4989 1751 5067 ad
1765 4988 2052 5070 deliberandum
2068 4988 2139 5067 sibi
2155 5014 2267 5094 super
2277 4987 2360 5065 hoc

931 5117 1132 5225 assignata,
1155 5137 1191 5197 et
1209 5150 1295 5197 cum
1311 5119 1383 5196 hoc
1401 5118 1553 5225 petebat
1574 5119 1644 5199 sibi
1664 5138 1844 5199 mostram
1858 5135 1943 5197 ante
1961 5117 2087 5198 omnia
2108 5118 2191 5195 fieri
2211 5116 2359 5195 debere

929 5246 1005 5329 loci
1016 5249 1118 5327 illius
1133 5250 1199 5332 ubi
1219 5249 1321 5329 furce
1341 5250 1509 5356 predicte
1523 5251 1746 5331 dicebantur
1758 5280 1827 5358 per
1842 5252 1947 5359 ipsos
1955 5267 2093 5338 erecte,
2115 5246 2361 5356 cumplures

932 5396 1056 5459 essent
1073 5378 1176 5460 furc'e
1194 5381 1233 5459 in
1254 5378 1362 5459 dictis
1376 5380 1461 5465 loco
1481 5398 1520 5459 et
1537 5382 1744 5471 territorio,
1766 5399 1804 5460 et
1823 5380 1952 5487 plures
1970 5379 2058 5459 alias
2076 5380 2246 5458 raciones
2264 5407 2362 5485 pro-
