5817 7292
862 1152 932 1222 106
1437 1148 1528 1222 LES
1558 1145 1699 1221 OLIM.

633 1302 763 1355 runnu
776 1298 819 1364 Ν,
857 1291 1060 1383 solvendis3
1083 1292 1153 1399 ipsi
1173 1292 1219 1369 ab
1239 1290 1462 1398 hujusmodi
1482 1287 2096 1397 condempnacione·appellarunt.
2123 1289 2283 1369 Nomina

695 1390 758 1434 Μ’
858 1423 1222 1530 condempnatorum
1239 1439 1277 1499 et
1294 1450 1441 1499 summe
1462 1423 1620 1529 pecunie
1639 1422 1679 1499 in
1699 1422 1888 1500 sentencia
1905 1419 2099 1499 senescalli
2118 1438 2155 1498 et
2171 1422 2211 1498 in
2225 1422 2283 1498 in·

857 1571 987 1662 questa
1007 1555 1189 1661 predicta,
1216 1582 1292 1661 que
1313 1569 1369 1631 est
1389 1554 1492 1659 apud
1510 1554 1669 1642 curiam,
1692 1553 1945 1631 continentur.
1966 1555 2009 1629 ln
2028 1580 2137 1629 causa
2155 1552 2284 1660 appel-

857 1686 1012 1763 lacionis
1032 1686 1121 1764 dicti
1141 1684 1350 1773 senescalli,
1372 1685 1561 1762 sentencia
1585 1684 1658 1762 suit
1677 1710 1746 1789 per
1767 1685 1909 1761 curiam
1927 1684 2145 1764 confirmata
2165 1700 2204 1763 et
2219 1711 2283 1790 ap-

855 1816 1012 1922 pellacio
1027 1817 1235 1923 reprobata.

912 1950 1017 2023 Lune
1038 1963 1124 2024 ante
1143 1949 1279 2023 Ramos
1297 1944 1521 2022 Palmarum.

912 2079 962 2154 M.
979 2077 1202 2185 Pasquerius
1215 2081 1427 2183 reportavit.

911 2208 981 2286 Ista
1010 2207 1306 2317 condempnacio
1337 2208 1482 2285 excedit
1507 2232 1696 2284 summam
1729 2226 1873 2313 septem
1904 2207 2066 2285 millium
2096 2206 2278 2284 librarum

854 2341 1148 2419 Turonensium.

886 2602 1003 2711 „th
1034 2602 1120 2682 Visa
1141 2602 1315 2710 inquesta
1336 2630 1405 2707 per
1423 2600 1603 2679 ballivum
1619 2600 1928 2679 Aurelianensem
1947 2601 2057 2691 facta,
2076 2601 2124 2677 ad
2139 2601 2280 2678 instan-

855 2733 949 2809 ciam
976 2732 1139 2839 Philippi
1166 2736 1332 2841 Bougrat
1352 2733 1400 2809 de
1422 2731 1686 2821 Cheneveriis,
1717 2731 1900 2822 scutiferi,
1934 2731 2060 2810 ballivi
2084 2730 2279 2839 quondam

854 2862 1082 2941 vicecomitis
1099 2862 1401 2951 Meledunensis,
1426 2892 1540 2970 super
1553 2880 1675 2940 morte
1687 2862 1847 2943 Guilloti
1863 2864 1912 2940 de
1925 2862 2100 2971 Buignon
2116 2879 2153 2939 et
2167 2890 2281 2968 super

854 2994 1018 3072 arbitrali
1048 2994 1238 3072 sentencia
1264 2995 1362 3072 inter
1390 2996 1514 3102 ipsum
1548 2994 1768 3102 Philippum
1799 3012 1837 3072 et
1864 2995 2082 3086 Adelotam,
2110 3020 2279 3071 sororem

854 3126 943 3207 dicti
958 3126 1111 3216 mortui,
1128 3126 1272 3233 prolata
1286 3155 1354 3235 per
1368 3126 1611 3234 Arnulpbum
1626 3127 1674 3204 de
1689 3126 1847 3204 Riveriis
1866 3144 1905 3203 et
1918 3127 2130 3203 lohannem
2146 3126 2195 3201 de
2209 3125 2279 3204 Va-

855 3257 927 3346 dis,
950 3256 1110 3341 arbitros
1130 3286 1150 3332 a
1171 3256 1280 3333 dictis
1297 3256 1465 3364 partibus
1482 3258 1638 3347 electos,
1658 3256 1755 3333 dicta
1775 3257 1949 3364 inquesta
1968 3254 2041 3333 luit
2055 3283 2124 3362 per
2135 3256 2277 3332 curiam

781 3432 785 3439 ·
853 3385 1032 3477 anullata3
1053 3403 1112 3475 et,
1137 3388 1167 3464 si
1195 3386 1319 3465 dictus
1344 3386 1541 3494 Philippus
1567 3386 1781 3463 addictam
1807 3386 2023 3463 arbitralem
2049 3386 2277 3463 sentenciam

853 3517 1093 3597 anullandam
1114 3518 1172 3596 vel
1192 3517 1455 3625 redigendam,
1479 3518 1527 3595 ad
1546 3517 1744 3594 arbitrium
1767 3517 1859 3594 boni
1878 3516 1963 3604 viri,
1985 3515 2185 3624 negocium
2206 3515 2277 3591 hu-

848 3650 1018 3757 jusmodi
1044 3650 1244 3756 diligenter
1263 3666 1523 3756 prosequatur,
1549 3666 1675 3726 vocata
1701 3648 1844 3726 adhoc
1870 3663 1974 3754 parte
2001 3645 2170 3754 adversa,
2193 3672 2277 3721 exe-

852 3780 958 3858 cucio
979 3779 1078 3859 dicte
1098 3780 1287 3859 sentencie
1307 3781 1461 3857 interim
1481 3779 1747 3886 suspendetur.
1912 3776 1916 3781 ’

907 3913 1015 3990 Lune
1035 3930 1118 3989 ante
1138 3912 1289 3989 Pascha.

908 4044 1107 4123 Tollardus
1126 4044 1338 4152 reportavit.

907 4308 1012 4383 LXII.
1043 4308 1138 4386 Cum
1160 4307 1274 4385 abbas
1295 4324 1333 4385 et
1349 4324 1553 4385 conventus
1571 4306 1788 4385 monasterii
1805 4303 2138 4383 Sancti-Laurencii
2154 4304 2202 4381 de
2218 4304 2277 4382 ab

850 4436 954 4512 bacia
980 4438 1082 4514 curie
1108 4457 1234 4517 nostre
1259 4438 1455 4546 conquesti
1477 4437 1653 4532 luissent,
1675 4466 1790 4545 super
1808 4466 1873 4527 eo,
1896 4454 1940 4515 ut
1958 4436 2152 4525 dicebant,
2173 4433 2276 4542 quod

851 4567 1120 4657 thesaurarius,
1144 4569 1307 4646 decanus
1326 4587 1363 4645 et
1380 4569 1586 4675 capitulum
1609 4569 1764 4648 ecclesie
1781 4570 1880 4647 beati
1897 4568 2036 4675 Hylarii
2055 4566 2277 4643 Pictavensis

852 4726 919 4775 seu
939 4698 1101 4774 ministri
1124 4724 1273 4787 eorum,
1300 4700 1339 4774 in
1358 4714 1459 4775 terra
1481 4718 1518 4776 et
1530 4700 1699 4806 justicia,
1720 4728 1791 4808 pro
1808 4698 1969 4776 indiviso
1991 4695 2182 4774 communi
2205 4696 2276 4772 eis·

852 4826 940 4904 dem
963 4827 1146 4935 religiosis
1166 4845 1204 4906 et
1222 4828 1514 4922 Pictavensibus,
1536 4830 1605 4907 sita
1624 4832 1663 4908 in
1680 4831 1830 4939 dyocesi
1849 4826 2183 4915 Autissiodorensi,
2200 4856 2274 4932 que

851 4958 1044 5066 quondam
1060 4958 1131 5036 luit
1147 4960 1359 5039 communis
1375 4978 1443 5067 pro
1459 4960 1621 5039 indiviso
1635 4962 1824 5039 dictorum
1839 4956 2111 5036 Pictavensium
2123 4972 2161 5033 et
2175 4956 2275 5034 Odo

852 5089 910 5167 nis
924 5091 972 5169 de
988 5089 1134 5168 Soliaco
1150 5108 1187 5166 et
1204 5091 1410 5182 Francisie,
1429 5091 1568 5169 sororis
1585 5093 1774 5201 ejusdem,
1795 5090 1891 5167 acin
1907 5087 2063 5196 expletis
2082 5105 2120 5166 et
2134 5087 2274 5166 emolu-

852 5222 990 5300 mentis
1007 5220 1178 5330 ejusdem
1191 5219 1342 5328 justicie
1363 5221 1522 5330 aliisque
1541 5223 1774 5311 redditibus,
1797 5222 2044 5330 proventibus
2064 5237 2102 5298 et
2119 5219 2273 5327 expletis

852 5354 1067 5445 hominum,
1081 5370 1283 5441 terrarum,
1297 5352 1520 5446 hoscorum,
1533 5372 1759 5432 essartornm
1773 5370 1811 5430 et
1818 5352 1981 5429 aliorum
1994 5354 2164 5462 plurium
2175 5380 2272 5431 com·

853 5484 1031 5561 munibus
1056 5484 1155 5561 inter
1179 5485 1279 5591 ipsos
1298 5512 1368 5590 pro
1394 5485 1573 5573 indiviso,
1597 5484 1752 5562 eosdem
1774 5483 1970 5591 religiosos
1990 5484 2030 5561 in
2052 5512 2184 5562 eorum
2206 5483 2274 5560 sai·
