5817 7292
1042 1097 1308 1203 enormes
1334 1115 1396 1186 nr
1424 1097 1629 1188 enocns.
1974 1118 2045 1184 217

628 1273 861 1344 montensem
877 1256 933 1332 vel
950 1272 1137 1361 ponantur
1155 1257 1323 1343 nomina,
1344 1256 1375 1332 si
1397 1255 1535 1360 placet,
1554 1277 1732 1335 unacum
1750 1253 1848 1345 aliis,
1864 1273 1901 1332 et
1914 1255 1961 1331 sit
1976 1283 2048 1332 una
2089 1263 2218 1398 Pflupop
2232 1265 2277 1326 lv.

628 1387 830 1464 sentencia.
2210 1386 2215 1396 '

685 1516 838 1594 Sabbati
858 1535 942 1623 post
962 1518 1110 1597 octabas
1126 1517 1346 1623 Epiphanie.

687 1650 787 1754 Roya
806 1649 1019 1753 reportavit.

688 1909 845 1987 XLVIII.
877 1911 975 1987 Cum
1004 1927 1233 2018 proponeret
1262 1911 1301 1989 in
1332 1911 1434 1989 curia
1463 1929 1587 1989 nostra
1616 1927 1836 2015 procurator
1857 1907 1992 2013 prioris
2016 1923 2055 1984 et

632 2058 835 2119 conventus
859 2039 1402 2146 Sancti-Martini-dessampis
1419 2041 1650 2129 Parisienais,
1672 2055 1801 2119 contra
1826 2038 2053 2118 comitissam

634 2168 681 2246 de
692 2170 825 2248 Drocis
840 2171 938 2247 etde
953 2171 1223 2260 Monte-Furti,
1235 2171 1341 2276 quod
1355 2171 1452 2248 dicta
1465 2171 1669 2259 comitissa,
1686 2170 2052 2276 bonaquorumdam

633 2300 824 2404 hospitum
837 2326 994 2378 suorum
1010 2300 1148 2378 invilla
1161 2301 1462 2407 Sancti-Hyllarii
1475 2361 1483 2390 ,
1498 2319 1652 2408 propter
1668 2302 1740 2378 hoc
1751 2300 1859 2408 quod
1872 2301 1962 2379 dicti
1974 2301 2056 2378 boa·

611 2430 728 2535 'pites
741 2431 790 2508 ad
804 2430 1024 2510 mandatnm
1042 2431 1142 2508 dicte
1158 2433 1346 2510 comitisse
1366 2433 1569 2512 noluerant
1583 2433 1638 2510 ire
1659 2432 1706 2509 ad
1717 2432 1927 2539 juvandum
1949 2460 2055 2538 repa-

632 2589 714 2636 rare
734 2578 916 2651 castrum,
939 2557 1008 2640 seu
1031 2563 1167 2640 turrim
1188 2563 1506 2651 Montis-Fortis,
1528 2581 1693 2668 ceperat,
1715 2592 1783 2652 seu
1803 2563 1882 2668 capi
1903 2561 2052 2655 lecerat,

633 2691 672 2766 in
695 2693 949 2798 prejudicium
976 2693 1164 2772 dictorum
1195 2693 1475 2801 religiosorum,
1506 2695 1692 2798 ipsosque,
1709 2691 1963 2797 perturbando
1989 2721 2055 2770 seu

634 2821 870 2900 molestando
890 2823 938 2900 de
958 2851 1055 2900 novo
1076 2840 1114 2902 et
1132 2823 1272 2930 injuste
1292 2824 1330 2898 in
1350 2824 1485 2900 saisina
1500 2823 1650 2929 justicie
1672 2823 1770 2900 dicte
1792 2822 1895 2911 ville,
1917 2851 2055 2928 propo-

634 2952 760 3032 nendo
775 2953 897 3030 dictas
909 2954 1056 3059 prisias,
1073 2971 1230 3061 propter
1249 2951 1431 3030 debatum
1447 2953 1615 3059 parcium
1636 2953 1684 3030 ad
1699 2981 1853 3030 manum
1870 2971 2052 3042 nostram,

633 3100 826 3189 tamquam
844 3085 1063 3190 superioris,
1083 3083 1196 3162 luisse
1216 3084 1374 3190 positas,
1396 3101 1436 3161 et
1447 3111 1517 3194 per
1533 3084 1704 3164 eamdem
1719 3111 1873 3162 menum
1890 3102 2054 3188 nostram

635 3211 767 3291 factam
787 3212 901 3292 luisse
922 3215 1032 3292 dictis
1051 3214 1236 3320 religiosis
1254 3214 1532 3298 recredenciam
1559 3214 1606 3291 de
1627 3214 1789 3304 eisdem;
1811 3231 2055 3321 propterque

634 3345 811 3450 petebant
830 3346 920 3422 dicti
939 3344 1104 3452 religiosi
1125 3344 1265 3424 dictam
1284 3346 1512 3436 comitissam
1533 3345 1800 3451 condempnari
1823 3363 1861 3424 et
1880 3346 2057 3452 compelli

635 3474 683 3550 ad
696 3477 919 3556 cessandum
933 3505 955 3554 a
969 3475 1256 3584 perturbacione
1271 3493 1311 3553 et
1324 3476 1599 3583 impedimento
1614 3476 1807 3581 predictis,
1825 3493 1864 3554 et
1877 3476 1926 3556 ad
1937 3505 2059 3554 emen-

635 3606 802 3685 dandum
821 3608 965 3686 eisdem
987 3606 1127 3690 factum
1147 3607 1380 3713 predictum,
1399 3607 1623 3714 dictamque.
1636 3607 1913 3686 recredenciam
1934 3607 1989 3684 eis
2011 3607 2059 3684 ad

636 3735 956 3818 deliberacionem
970 3739 1158 3830 converti;
1174 3739 1275 3816 dicta
1290 3737 1478 3816 comitissa
1494 3739 1533 3815 in
1551 3740 1796 3824 contrarium,
1813 3737 1987 3844 pluribus
2003 3768 2059 3816 ra-

638 3866 826 3955 cionibua.
843 3887 1080 3975 proponente
1099 3886 1137 3946 et
1157 3869 1305 3947 dicente
1324 3898 1365 3948 se
1381 3895 1462 3948 esse
1478 3869 1518 3944 in
1535 3869 1671 3954 saisina
1685 3867 1845 3946 faciendi
1859 3868 2057 3975 premissa,

639 4012 676 4071 et
693 4014 845 4102 petente
865 3999 1003 4078 dictam
1026 4027 1181 4078 manum
1202 4017 1368 4084 nostram
1397 3999 1446 4076 de
1478 3999 1585 4077 dictis
1609 3999 1733 4104 prisiis
1752 4000 1917 4079 amoveri
1943 4016 1980 4077 et
2000 4027 2061 4078 eas

637 4125 687 4202 ad
700 4154 855 4205 manum
865 4157 970 4208 suam
983 4132 1113 4236 reponi
1124 4164 1134 4210 a
1145 4130 1323 4211 Pluribus
1335 4129 1500 4210 articulis
1517 4130 1604 4208 binc
1619 4129 1710 4206 inde
1725 4129 1873 4211 traditis
1886 4129 2060 4207 adfinem

638 4257 869 4363 predictum,
888 4277 926 4338 et
944 4261 1114 4366 inquesta
1134 4289 1249 4369 super
1266 4261 1320 4338 eis
1337 4261 1386 4338 de
1403 4260 1582 4338 mandato
1599 4260 1701 4338 curie
1717 4277 1844 4338 nostre
1858 4259 1972 4349 lacta,
1986 4261 2059 4342 visa

607 4463 615 4475 ,
640 4406 678 4466 et
694 4387 893 4497 diligenter
906 4391 1128 4481 examinata,
1149 4391 1238 4499 quia
1257 4392 1451 4473 inventum
1474 4391 1592 4468 extitit
1611 4391 1867 4470 intencionem
1887 4392 1985 4470 dicte
1998 4421 2060 4468 co·

638 4520 782 4598 mitisse
798 4521 1026 4600 sufficienter
1043 4549 1124 4602 esse
1137 4523 1350 4630 probatam,
1371 4523 1411 4598 in
1428 4551 1514 4602 casu
1530 4521 1718 4628 predicto,
1734 4551 1802 4629 per
1817 4523 1918 4600 curie
1936 4539 2061 4604 nostre

635 4649 839 4757 judicium,
856 4653 999 4732 dictum
1016 4653 1089 4732 fuit
1104 4671 1143 4732 et
1160 4653 1454 4762 pronunciatum
1476 4653 1613 4731 dictam
1633 4681 1788 4731 manum
1814 4669 2000 4742 nostram,
2021 4656 2061 4730 in

640 4778 749 4858 dictis
762 4783 889 4888 prisiis
908 4784 1132 4890 appositam,
1154 4785 1317 4863 amoveri
1338 4784 1494 4872 debere,
1517 4802 1555 4862 et
1574 4812 1635 4862 aas
1653 4784 1702 4862 nd
1717 4812 1871 4863 manum
1887 4784 1985 4863 diste
2001 4814 2064 4862 co·

639 4911 782 4990 mitiese
803 4913 943 4992 debere
964 4917 1114 5021 reponi,
1137 4915 1236 4993 salva
1260 4943 1374 5022 super
1397 4916 1486 5006 boc,
1510 4915 1619 4997 dictis
1642 4915 1842 5023 religiosis.
1866 4917 2062 5022 questione

641 5043 891 5149 proprietatis.

697 5174 795 5254 Iovia
813 5195 900 5256 ante
919 5178 1098 5259 Sanctum
1118 5178 1374 5264 Vincendum.
1503 5225 1507 5237 .

699 5305 928 5389 Russelletus
945 5311 1157 5415 reportavit.
1201 5385 1205 5393 .

730 5611 783 5653 HS
804 5613 886 5654 omi.
910 5615 945 5655 tn
