5817 7292
1011 1125 1280 1232 succensa
1307 1145 1371 1215 nr
1398 1126 1604 1217 esoces.
1935 1141 2014 1217 atis

596 1313 661 1360 seu
686 1282 900 1390 regentibus
924 1311 970 1359 ne
996 1285 1065 1389 ipsi
1095 1299 1290 1360 uterentur
1312 1283 1370 1359 vel
1396 1284 1623 1389 impedirent
1649 1282 1793 1360 dictum
1817 1303 2014 1391 precepto»
2053 1274 2240 1368 narrarint,

595 1441 675 1490 rem
702 1415 738 1489 in
761 1412 956 1519 predictis;
982 1443 999 1490 a
1026 1441 1103 1520 quo
1124 1414 1310 1520 judicato,
1335 1430 1514 1520 tanquam
1539 1414 1686 1519 iniquo,
1709 1411 1782 1490 suit
1800 1442 1869 1520 per
1892 1415 2013 1492 dictos
2114 1395 2177 1437 Μ’

594 1544 766 1620 consules
779 1573 845 1621 seu
858 1563 1028 1653 regentes
1044 1544 1089 1620 ad
1106 1561 1270 1622 nostram
1286 1546 1428 1622 curiam
1441 1543 1670 1650 appellatum
1683 1577 1692 1620 ε
1707 1545 1804 1624 Visis
1818 1543 1932 1651 igitur
1946 1573 2014 1649 per

592 1675 733 1750 curiam
755 1693 916 1752 nostram
936 1675 1169 1782 processibus
1189 1676 1382 1782 predictis,
1406 1675 1482 1752 illis
1500 1677 1658 1751 maxime
1678 1676 1743 1781 qui
1764 1704 1888 1752 coram
1911 1674 2011 1752 dicto

593 1804 796 1882 senescallo
817 1821 854 1880 et
877 1805 958 1912 ejus
982 1807 1234 1882 commissario
1255 1805 1340 1882 sacti
1360 1807 1528 1896 luerunt,
1550 1833 1619 1911 per
1638 1806 1740 1883 curie
1766 1821 1892 1881 nostre
1908 1803 2013 1910 judi-

594 1935 711 2022 cium,
727 1936 868 2012 dimum
883 1935 955 2012 luit
966 1936 1064 2012 male
1079 1935 1191 2012 luisse
1203 1937 1411 2040 judicatum
1426 1953 1464 2012 et
1478 1936 1575 2012 bene
1591 1936 1833 2041 appellatum,
1843 1934 2013 2041 judicato

594 2081 631 2140 et
655 2066 889 2170 processibus
914 2065 1090 2171 predictis
1115 2067 1302 2142 dictorum
1327 2065 1518 2142 senescalli
1545 2084 1582 2141 et
1607 2065 1848 2142 commissarii
1875 2065 1921 2140 ab
1948 2091 2010 2156 eo,

593 2210 746 2298 propter
759 2195 886 2300 plures
902 2194 1070 2272 delectus
1086 2197 1124 2270 in
1142 2197 1195 2272 eis
1209 2212 1393 2301 repertos,
1411 2196 1578 2273 totaliter
1593 2195 1807 2287 annullatis,
1821 2195 2012 2302 dictasque

592 2339 715 2428 partes
725 2325 772 2401 ad
782 2325 921 2402 dictum
928 2326 1096 2433 judicem
1108 2326 1374 2416 biterrensem,
1388 2355 1500 2404 suum
1512 2326 1760 2416 ordinarium,
1770 2325 2010 2416 remittendo,

592 2453 698 2530 salvis
711 2454 819 2531 dictis
832 2455 1014 2562 partibus,
1031 2456 1265 2563 processibus
1281 2485 1408 2534 earum
1426 2456 1563 2533 habitis
1576 2485 1702 2533 coram
1722 2455 1872 2534 arbitris
1889 2481 2014 2562 supra·

593 2583 717 2673 dictis3
737 2602 789 2672 et,
809 2586 987 2692 quianon
1010 2602 1065 2662 cst
1085 2586 1306 2690 inquisitum
1329 2585 1376 2662 de
1397 2587 1558 2692 injuriis,
1577 2587 1749 2690 dampnis
1765 2605 1802 2663 et
1822 2574 2012 2663 violenciis

593 2739 678 2788 cum
699 2714 943 2791 multitudine
958 2730 1186 2791 armatorum
1201 2742 1269 2820 per
1290 2715 1407 2790 dictos
1425 2713 1599 2791 consules
1617 2744 1685 2791 seu
1701 2731 1872 2821 regentes
1891 2715 2009 2804 lactis,

593 2857 636 2917 ut
657 2842 861 2932 dicebatur,
880 2860 1007 2920 contra
1028 2844 1169 2920 dictum
1191 2861 1467 2950 preceptorem,
1485 2861 1523 2920 et
1540 2843 1831 2935 inanimalibus,
1849 2845 2010 2950 pascuis,

594 2972 790 3050 arboribus
809 2989 846 3049 et
865 2973 1072 3052 aliisbouis
1087 2973 1175 3050 dicti
1195 2974 1423 3079 preceptoris
1436 2989 1474 3049 et
1487 2972 1587 3050 dicte
1602 2973 1739 3050 domus
1755 2974 2009 3062 Sancti-Petri,

546 3203 550 3208 Ι
594 3102 816 3210 inquiretur,
831 3103 966 3180 vocatis
981 3104 1166 3210 partibus,
1182 3103 1228 3179 de
1248 3104 1409 3210 injuriis,
1427 3103 1616 3208 dampnis,
1630 3103 1822 3181 violenciis
1836 3119 1875 3180 et
1890 3131 2013 3182 armo·

590 3261 675 3308 rum
696 3235 913 3339 portacione
932 3235 1120 3340 predictis.

646 3363 746 3440 lovis
760 3380 848 3470 post
863 3358 973 3442 Oculi
995 3365 1082 3443 mei.

647 3491 807 3601 blangoo
829 3494 1038 3600 reportavit.
1081 3544 1085 3552 -

648 3763 721 3836 Lx.
753 3760 835 3836 Lite
845 3777 943 3836 mota
957 3761 1055 3836 inter
1063 3761 1278 3866 episcopum
1289 3759 1639 3836 Claromontensem
1652 3774 1688 3833 et
1698 3757 1778 3863 ejus
1790 3757 2012 3861 capitulum,

593 3917 635 3964 ex
655 3915 730 3963 una
749 3901 870 3993 parte',
891 3904 928 3964 et
947 3907 1228 3994 procuratorem
1245 3905 1432 3976 nostrum,
1452 3914 1522 3992 pro
1541 3887 1671 3977 nobis,
1690 3912 1733 3962 ex
1750 3886 1880 3972 altera,
1903 3913 2015 3991 super

593 4017 758 4123 eoquod
775 4016 920 4095 dicebat
938 4019 1062 4096 dictus
1082 4020 1279 4126 episcopus
1299 4017 1403 4128 qnod
1424 4016 1576 4093 collario
1595 4015 1835 4125 dignitatum,
1852 4015 2015 4120 preben-

593 4146 727 4223 darum
749 4165 786 4224 et
806 4146 976 4226 omnium
996 4149 1154 4226 aliorum
1170 4147 1441 4226 beneficiorum
1462 4173 1538 4251 que
1558 4146 1705 4222 confert
1721 4145 1917 4251 episcopus
1932 4143 2016 4223 Cla-

594 4278 859 4366 romontensis,
882 4280 974 4354 dum
996 4278 1097 4367 vivit,
1117 4281 1154 4354 in
1170 4277 1322 4354 ecclesia
1338 4277 1655 4364 Claromontensi,
1670 4303 1817 4352 necnon
1836 4276 1875 4350 in
1898 4275 2016 4352 eccle·

593 4408 658 4485 siis
674 4407 782 4484 beate
795 4409 1058 4488 Marcie-Portus
1074 4427 1111 4485 et
1125 4409 1364 4497 Bilionensis,
1381 4425 1418 4484 et
1437 4408 1484 4485 de
1498 4409 1648 4498 Cresto,
1663 4425 1701 4483 et
1720 4406 2012 4494 deVertasione,

595 4539 643 4615 de
663 4538 872 4628 Cornonio,
893 4557 1044 4618 mortuo
1061 4539 1370 4618 Claromontense
1396 4540 1572 4645 episcopo
1594 4539 1826 4628 vacancium,
1848 4553 1886 4613 et
1905 4536 2015 4613 nobis

592 4669 809 4747 tenentibus
827 4670 916 4754 dicti
937 4672 1171 4777 episcopatus
1185 4669 1376 4777 regaliam,
1395 4686 1536 4776 spectat
1548 4669 1598 4745 ad
1611 4668 1855 4747 collacionem
1868 4697 2014 4746 succes·

592 4801 686 4877 soris
706 4775 877 4908 episcopi
894 4801 1227 4889 Claromontensis,
1256 4817 1293 4878 et
1317 4781 1509 4878 consuevit
1533 4799 1634 4876 dicto
1657 4799 1784 4877 futuro
1812 4800 2012 4876 successori

592 4931 785 5020 reservari,
807 4948 843 5008 et
863 4932 983 5038 quod,
1001 4949 1171 5039 tempore
1191 4933 1345 5040 regalis,
1363 4959 1431 5008 nos
1448 4948 1486 5007 et
1498 4931 1780 5036 predecessores
1800 4931 1916 5008 nostri
1936 4959 2013 5008 non

589 5063 853 5140 consuevimus
865 5062 1049 5152 conferre,
1070 5093 1138 5140 nec
1158 5063 1388 5140 contulimus
1403 5061 1527 5169 aliqua
1542 5061 1723 5138 beneficia
1740 5062 1777 5137 in
1794 5063 1939 5139 civitate
1955 5064 2013 5139 vel

594 5188 732 5268 diocesi
744 5192 1132 5284 Claromontensibus;
1149 5195 1256 5286 item,
1273 5192 1446 5268 dicebant
1459 5194 1656 5299 episcopus
1670 5211 1707 5270 et
1718 5193 1922 5298 capitulum
1934 5221 2015 5299 pre·

594 5319 682 5398 dicti
696 5323 799 5428 quod
816 5325 1015 5432 regaliator
1029 5340 1156 5402 noster
1167 5339 1400 5430 perceperat,
1416 5323 1464 5399 de
1476 5322 1573 5401 facto
1584 5340 1621 5400 ot
1635 5324 1787 5431 injuste,
1803 5321 1944 5400 fructus
1959 5351 2014 5398 eo

595 5447 789 5527 elesiarum
813 5454 1070 5535 Sancti-(lirici
1093 5473 1127 5532 et
1149 5453 1449 5542 Nove-Ecclesie,
1473 5483 1547 5560 que
1567 5455 1706 5531 suntin
1722 5453 1908 5528 montanis
1927 5452 2013 5525 sun·

678 5623 729 5664 sas
750 5625 832 5667 osru.
857 5629 902 5670 ru.
1868 5605 1905 5685 57
1980 5697 1984 5710 .
