5817 7292
1003 1063 1274 1168 uNQuurus
1299 1081 1363 1152 rr
1389 1066 1594 1156 Procas,
1936 1089 2006 1162 5³1

592 1216 756 1305 minum,
772 1217 1030 1321 pronunciavit
1044 1219 1255 1325 predictum
1270 1218 1462 1298 Robinum
1473 1209 1592 1302 luisse
1610 1221 1849 1306 deficientem
1866 1227 1907 1306 in
1920 1255 2009 1333 pro-
2048 1238 2178 1298 Parnm
2189 1245 2234 1306 tv,

531 1427 537 1440 ,
592 1345 787 1452 sequendo
804 1346 1096 1454 appellacionem
1112 1351 1335 1456 predictum,
1359 1369 1396 1430 et
1414 1352 1558 1459 ipsum,
1580 1371 1733 1460 propter
1753 1355 1843 1444 hoc,
1861 1385 2009 1436 causam
2110 1332 2172 1376 Μ’

592 1503 698 1556 suam
708 1477 915 1582 predictam
928 1479 1114 1570 amisisse,
1126 1499 1310 1588 quantum
1318 1482 1365 1559 ad
1369 1482 1538 1590 judicem
1549 1499 1588 1562 et
1595 1502 1779 1591 quantum
1790 1486 1837 1563 ad
1846 1501 2008 1591 partem3

592 1634 705 1712 aquo
712 1606 898 1713 judicato,
910 1627 1086 1716 tanqum
1102 1640 1123 1688 a
1138 1611 1230 1690 falso
1247 1628 1284 1690 et
1297 1641 1420 1719 pravo,
1436 1613 1484 1693 ad
1494 1630 1660 1694 nostram
1672 1615 1815 1694 curiam
1827 1615 1931 1694 idem
1943 1616 2013 1692 Ro

592 1736 705 1816 binus
722 1739 940 1844 appellavit;
956 1742 1167 1822 constitutis
1189 1742 1314 1849 igitur,
1332 1744 1371 1822 in
1387 1773 1497 1822 causa
1513 1744 1613 1823 dicte
1628 1744 1910 1850 appellationis,
1926 1774 2012 1850 pre-

592 1867 701 1946 dictis
715 1871 898 1976 partibus,
916 1873 956 1950 in
975 1874 1079 1950 curin
1093 1874 1290 1979 proposuit
1302 1875 1403 1954 idem
1423 1877 1591 1955 Robinus
1606 1877 1730 1982 quod,
1748 1877 1795 1954 de
1810 1894 2012 1954 consuetu-

591 1998 679 2076 dine
697 1999 788 2078 dicti
811 2000 883 2080 loci
904 2002 969 2079 ubi
980 2002 1191 2111 judicatum
1211 2003 1423 2108 predictum
1444 2003 1516 2082 fuit
1534 2004 1687 2092 lactum,
1703 2004 1832 2083 nullus
1851 2003 2013 2085 debebat

591 2155 737 2208 causum
750 2157 857 2208 sunm
866 2133 1056 2223 amittere,
1074 2150 1227 2240 propter
1239 2135 1394 2212 unicum
1407 2134 1597 2214 delectum
1608 2135 1685 2212 diei
1697 2135 1877 2244 assignate
1887 2137 1936 2214 ad
1947 2166 2013 2216 au·

590 2258 774 2338 diendum
789 2263 869 2369 jus,
888 2263 1053 2370 ideoque
1068 2263 1221 2369 petebat
1234 2263 1475 2370 pronunciari
1493 2265 1684 2371 predictos
1697 2265 1876 2344 ballivum
1890 2283 1927 2344 et
1942 2267 2010 2344 ho·

589 2389 710 2468 mines
728 2392 827 2470 male
844 2393 1030 2501 judicasse
1051 2410 1091 2472 et
1111 2395 1392 2500 pronunciasse,
1416 2411 1457 2472 et
1475 2395 1597 2500 ipsum
1618 2394 1809 2474 Robinum
1829 2396 1930 2476 bene
1951 2425 2012 2504 ap

589 2519 769 2626 pellass03
790 2541 1030 2628 procuratore
1050 2523 1239 2602 dictorum
1260 2523 1478 2614 hominum,
1499 2525 1549 2602 ad
1566 2553 1702 2602 eorum
1716 2525 2006 2615 deffensionem,

588 2671 822 2758 proponente
843 2653 950 2758 quod
962 2652 1173 2760 judicatum
1196 2650 1319 2732 fuerat
1336 2653 1600 2732 tantummodo
1622 2653 1730 2759 quod
1750 2655 1873 2732 dictus
1896 2655 2011 2736 Robi-

589 2809 660 2858 nus
674 2781 795 2860 luent
811 2783 1006 2890 negligens
1020 2783 1059 2860 in
1075 2782 1340 2888 prosequendo
1355 2811 1462 2862 suam
1478 2781 1771 2888 appellationem
1785 2785 2007 2890 predictam:

588 2911 761 3017 lnquesta
779 2913 892 3020 igitur
909 2939 1023 3019 super
1036 2911 1241 3018 premissis,
1260 2911 1499 2990 demandato
1517 2929 1645 2991 nostre
1667 2912 1789 3002 curie.
1806 2913 1918 3002 lacta,
1935 2915 2010 2992 visu

587 3058 626 3119 et
648 3042 847 3149 diligenter
871 3043 1090 3132 examinata,
1117 3043 1205 3149 quia
1229 3043 1421 3120 inventum
1443 3060 1514 3132 est,
1537 3071 1605 3149 per
1626 3043 1899 3124 confessionem
1923 3075 2010 3151 pro-

586 3173 766 3250 curatoris
781 3175 967 3252 dictorum
984 3174 1202 3262 hominum,
1219 3173 1355 3249 dictam
1368 3174 1680 3253 consuetudinem
1691 3202 1761 3280 per
1773 3175 1917 3254 dictum
1932 3177 2008 3254 Ro-

584 3302 719 3380 binum
738 3304 966 3410 propositam
987 3331 1066 3380 esse
1081 3329 1225 3391 veram,
1244 3317 1282 3378 et
1296 3301 1383 3406 quia
1399 3302 1595 3381 inventum
1610 3319 1666 3378 est
1679 3302 1908 3380 sufficienter
1921 3330 2010 3409 pro-

584 3433 731 3522 batam,
745 3461 813 3540 per
825 3433 962 3539 ipsum,
973 3432 1079 3538 quod
1090 3432 1188 3510 dicta
1201 3431 1294 3518 dios,
1312 3457 1356 3508 er
1368 3454 1442 3536 qut
1457 3430 1721 3508 diciturluisso
1732 3431 1942 3539 negligens,
1960 3435 2007 3508 ad

585 3564 816 3644 audiendum
825 3564 889 3671 jus
905 3580 984 3644 orat
1002 3563 1072 3642 sihi
1094 3562 1286 3667 assignata,
1305 3576 1343 3638 et
1355 3561 1461 3666 quod
1474 3562 1773 3667 condempnatus
1792 3560 2007 3643 luitsecuu-

586 3696 678 3774 duru
702 3697 859 3772 modum
880 3721 948 3800 per
976 3693 1102 3798 ipsum
1125 3690 1317 3768 Robinum
1338 3691 1514 3794 superius
1536 3691 1788 3798 propositum,
1813 3719 1881 3794 per
1901 3692 2006 3770 curie

586 3840 712 3900 nostre
727 3823 931 3928 judicium,
951 3822 1096 3898 dictum
1121 3818 1192 3896 luit
1215 3817 1404 3922 predictos
1428 3819 1603 3896 homines
1621 3819 1719 3895 male
1737 3818 1942 3924 judicasse,
1968 3838 2006 3896 et

585 3953 728 4030 dictum
747 3951 936 4031 liobiuum
952 3952 1051 4032 bene
1060 3948 1286 4055 appellasse,
1306 3964 1347 4026 et
1361 3949 1468 4052 quod
1484 3948 1555 4053 ipsi
1579 3945 1653 4023 hoc
1672 3945 1945 4037 emendabunt,
1966 3965 2006 4026 et

584 4081 793 4162 remanebit
804 4107 915 4160 causa
929 4110 981 4158 un
993 4080 1097 4162 curia
1107 4095 1234 4158 nostra
1248 4078 1288 4156 in
1304 4091 1400 4156 stetu
1420 4076 1550 4183 inquo
1567 4091 1664 4164 erat,
1680 4093 1850 4183 tempore
1866 4077 2003 4182 prolati

578 4213 736 4318 judicati
750 4211 922 4318 predicti.

637 4343 738 4420 lovis
755 4341 964 4449 postorali
982 4341 1069 4420 moi.

637 4473 743 4552 Croci
762 4471 974 4578 reportavit.

636 4735 764 4812 xxlx.
795 4734 879 4812 Lite
896 4748 1014 4821 moto,
1032 4731 1073 4810 iu
1090 4730 1192 4812 curia
1207 4747 1350 4819 nocua,
1368 4729 1468 4808 inter
1484 4728 1704 4835 episcopum
1718 4727 1997 4820 Belvacansem‚

582 4894 626 4942 ex
644 4893 718 4942 rma
736 4880 858 4970 parte,
875 4879 919 4940 et
938 4861 1137 4941 domiuum
1151 4861 1203 4942 de
1219 4859 1448 4940 bello-Saltu
1465 4875 1507 4937 et
1524 4859 1573 4936 de
1591 4857 1772 4948 orontio,
1798 4886 1845 4936 ex
1864 4857 1998 4948 altera,

580 5025 692 5102 super
711 4995 844 5074 senoina
864 4993 1087 5102 provisionis
1107 5005 1145 5070 et
1168 4989 1506 5078 administracionis
1523 4988 1715 5068 bonorum
1735 4988 1999 5095 temporalium

583 5126 720 5204 domus
732 5124 994 5204 SanctiLarnri
1008 5123 1056 5202 de
1065 5122 1248 5213 Bnetolio‚
1265 5121 1498 5202 Belvacensis
1507 5119 1679 5210 diocesis,
1693 5148 1762 5226 pro
1774 5118 1997 5200 covidelicet

584 5255 688 5361 quod
702 5255 824 5336 dictus
837 5256 1034 5363 episcopus
1042 5253 1197 5337 diceba
1209 5253 1313 5361 quod
1327 5253 1406 5360 ipse
1423 5269 1502 5335 erat
1512 5252 1554 5333 iu
1567 5253 1703 5334 saisina
1721 5249 1943 5356 provisionis
1960 5265 2001 5322 et

584 5383 1116 5470 administracionislronntum
1127 5383 1391 5491 temporalium
1399 5382 1500 5462 dicte
1510 5377 2000 5485 domus,etquodipseemt

1863 5527 1913 5609 67.
