5817 7292
934 1062 1008 1133 csc
1058 1016 1061 1023 ⁴
1514 1057 1603 1130 nes
1633 1056 1772 1132 ortu.

705 1218 835 1269 Parum
850 1212 892 1274 tv,
933 1197 1133 1278 Castelleto
1154 1197 1382 1287 remanebit,
1397 1174 1423 1273 ¹a
1443 1224 1521 1304 quo
1531 1197 1723 1306 judicato,
1744 1215 1938 1302 tamquam
1950 1195 2042 1275 salso
2061 1216 2102 1276 et
2116 1228 2243 1306 pravo,
2264 1234 2356 1309 pro·

767 1306 830 1349 ¹³⁸⁴
932 1346 1081 1409 curator
1103 1328 1290 1407 dictorum
1311 1326 1574 1434 religiosorum
1594 1328 1641 1405 ad
1666 1339 1832 1405 nosram
1853 1327 1995 1405 curiam
2014 1329 2235 1436 appellavit:
2256 1336 2355 1415 Visis

931 1460 1046 1569 igitur
1070 1459 1283 1538 racionibus
1305 1475 1342 1536 et
1363 1456 1602 1564 processibus
1630 1458 1983 1565 utriusquepartis,
2005 1488 2076 1565 per
2097 1462 2202 1541 curie
2227 1483 2354 1545 nostre

927 1592 1137 1699 judicium,
1160 1590 1303 1667 dictum
1322 1589 1395 1665 luit
1411 1589 1624 1694 predictum
1644 1588 1878 1694 prepositum
1891 1589 1989 1667 bene
2005 1591 2194 1698 judicasse
2214 1612 2253 1673 et
2269 1625 2356 1701 pro-

932 1739 1141 1800 curatorem
1163 1720 1352 1798 dictorum
1363 1718 1628 1826 religiosorum
1643 1719 1741 1797 male
1760 1718 1985 1825 appellasse,
2007 1737 2046 1801 et
2057 1724 2162 1828 quod
2183 1724 2252 1831 ipsi
2272 1727 2355 1803 reli·

930 1852 1024 1959 giosi
1044 1851 1117 1928 boc
1137 1848 1402 1929 emendabunt.
2056 1868 2064 1882 ⁸

987 1981 1144 2061 Veneris
1167 1998 1254 2058 ante
1271 1980 1559 2058 Pentbecosten.

989 2115 1039 2190 M.
1054 2113 1096 2187 ll.
1114 2110 1162 2187 de
1181 2109 1363 2207 Briencon
1378 2110 1591 2219 reportavit.

990 2375 1100 2454 XXV.
1130 2374 1212 2452 Lite
1236 2390 1354 2463 mota,
1376 2401 1501 2451 coram
1521 2371 1711 2479 preposito
1736 2372 1900 2479 episcopi
1919 2374 2148 2463 Parisiensis,
2164 2355 2267 2453 inter
2285 2378 2352 2454 Ni-

933 2504 1083 2583 colaum
1104 2504 1250 2583 dictum
1268 2503 1304 2582 le
1323 2504 1516 2613 Pinguier,
1538 2503 1694 2582 nomine
1714 2532 1785 2583 suo
1805 2520 1843 2581 et
1860 2503 2030 2591 Nicolae,
2052 2506 2133 2614 ejus
2149 2508 2286 2596 uxoris,
2304 2536 2352 2585 ex

933 2653 1037 2742 parte
1056 2664 1149 2726 una,
1174 2652 1212 2713 et
1229 2635 1495 2723 Thomassam,
1517 2632 1688 2711 relictam
1711 2632 1875 2711 defuncti
1897 2633 2040 2715 Galteri
2059 2635 2097 2713 le
2121 2636 2283 2726 Barbier,
2308 2665 2352 2714 ex

933 2767 1065 2857 altera,
1087 2794 1258 2874 supereo
1279 2762 1383 2873 quod
1408 2765 1558 2843 dicebat
1577 2765 1699 2843 dictus
1720 2763 1896 2843 Nicolaus
1917 2767 2023 2873 quod
2042 2769 2219 2877 magister
2237 2770 2355 2875 Roge-

933 2928 999 2977 rus
1017 2896 1261 2985 Pastorellus,
1281 2895 1454 2985 clericus,
1477 2894 1681 3003 quamdam
1702 2894 1878 2984 domum,
1894 2896 2004 2973 sitam
2023 2897 2201 2987 Parisios,
2218 2899 2257 2974 in
2274 2900 2353 2975 vico

935 3028 1294 3117 sancti-salvatoris,
1320 3056 1406 3104 cum
1424 3000 1590 3133 quodam
1608 3025 1759 3132 jardino
1780 3024 1905 3104 eidem
1928 3028 2123 3136 contiguo,
2139 3058 2225 3106 eum
2240 3030 2355 3136 perti-

935 3160 1077 3239 nenciis
1095 3159 1386 3239 eorumdem'de
1409 3158 1549 3266 quibus
1568 3156 1661 3235 laeta
1681 3156 1802 3233 luerat
1816 3158 1999 3248 ostensio,
2019 3187 2116 3267 quos
2136 3176 2179 3236 ut
2195 3187 2281 3236 suos
2300 3177 2355 3236 te-

874 3324 877 3331 ·
936 3288 1049 3367 nebat
1064 3306 1102 3366 et
1114 3289 1348 3398 possidebat,
1365 3286 1487 3366 dictus
1501 3289 1679 3395 magister
1690 3289 1870 3394 Rogerus,
1889 3289 2013 3365 eidem
2030 3288 2194 3379 Nicolao,
2208 3279 2350 3394 prose,

937 3446 1053 3495 uxore
1074 3446 1160 3511 sua,
1181 3417 1387 3495 heredibus
1407 3419 1485 3495 suis
1509 3434 1548 3496 et
1566 3444 1713 3494 causam
1734 3417 1781 3496 ab
1801 3418 1893 3524 ipsis
1911 3417 2134 3495 habentibus
2153 3435 2190 3494 et
2208 3417 2353 3496 babitu·

934 3549 1002 3636 ris,
1035 3547 1269 3637 vendiderat,
1299 3547 1506 3643 tpadiderat
1528 3564 1566 3625 et
1589 3548 1630 3624 in
1660 3548 1931 3653 possessionem
1954 3575 2022 3653 per
2049 3546 2249 3625 dominum
2273 3545 2352 3623 loci

935 3678 1063 3755 induci
1078 3676 1216 3755 fecerat
1237 3678 1482 3765 eorumdem,
1503 3705 1572 3784 pro
1591 3677 1718 3784 precio
1735 3678 1863 3786 viginti
1878 3677 2058 3756 librarum
2070 3677 2352 3764 Parisiensium,

936 3806 1137 3916 dequibus
1156 3806 1280 3886 eidem
1301 3806 1527 3885 satisfactum
1542 3806 1681 3899 fuerat,
1694 3826 1810 3914 prout
1826 3809 1866 3885 in
1879 3780 2107 3915 quibusdam
2120 3805 2257 3905 litteris
2267 3806 2357 3885 Cas-

933 3938 1067 4030 telleti,
1083 3966 1197 4045 super
1218 3940 1315 4017 dicta
1329 3939 1551 4033 vendicione
1572 3937 1771 4029 conlectis,
1788 3938 1938 4017 dicebat
1953 3939 2073 4016 dictus
2086 3936 2260 4015 Nicolaus
2273 3937 2354 4042 ple-

933 4069 1019 4145 nius
1028 4067 1231 4147 contineri.
1252 4071 1359 4160 Item,
1386 4068 1535 4147 dicebat
1551 4069 1675 4147 dictus
1693 4068 1867 4147 Nicolaus
1887 4068 1992 4176 quod
2015 4067 2113 4145 dicta
2137 4066 2352 4153 Thomassa,

935 4224 1010 4305 que
1032 4197 1169 4277 dictam
1185 4199 1360 4289 domum,
1383 4228 1470 4277 cum
1485 4200 1570 4309 ejus
1587 4200 1845 4306 pertinenciis,
1862 4228 1883 4276 a
1897 4198 2000 4277 dicto
2014 4198 2192 4305 magistro
2208 4199 2353 4305 Rogero

934 4329 984 4407 ad
1004 4328 1190 4438 locagium
1210 4347 1399 4421 tenuerat,
1423 4332 1565 4409 dictum
1587 4331 1795 4421 Nicolaum,
1816 4332 1865 4410 ad
1886 4330 2092 4437 predictam
2118 4328 2275 4405 domum
2293 4355 2355 4403 ve-

934 4460 1104 4538 nientem
1121 4478 1182 4551 ut,
1202 4489 1263 4551 ea,
1284 4478 1363 4539 tam
1385 4462 1424 4538 in
1448 4463 1683 4568 possessione
1702 4490 1817 4569 quam
1845 4462 1886 4538 in
1904 4460 2150 4568 proprietate,
2172 4488 2215 4537 ex
2237 4458 2354 4535 causis

934 4590 1127 4695 predictis,
1140 4608 1184 4681 ut
1196 4591 1375 4671 dominus
1393 4609 1573 4684 uteretur,
1593 4620 1670 4671 non
1681 4592 1846 4683 admisit,
1865 4610 1902 4670 et
1914 4591 2050 4669 dictam
2066 4588 2226 4666 domum
2236 4587 2281 4665 ab
2291 4615 2355 4663 eo

936 4720 1040 4813 dem,
1060 4738 1252 4827 tamquam
1274 4722 1441 4811 domino,
1463 4722 1607 4829 pluries
1627 4724 1804 4831 requisita
1822 4724 1921 4800 exire
1941 4739 1980 4798 et
2004 4719 2130 4799 eidem
2151 4716 2350 4805 dimittere,

935 4850 1062 4928 minus
1076 4851 1177 4959 juste
1193 4870 1231 4930 et
1250 4853 1329 4931 sine
1345 4882 1453 4931 causa
1472 4854 1689 4933 racionabili
1708 4853 1907 4941 recusavit,
1926 4878 2043 4960 quare
2060 4848 2211 4956 petebat
2229 4843 2354 4922 dictus

935 4980 1110 5059 Nicolaus
1123 4981 1328 5088 predictam
1343 4984 1518 5074 domum,
1534 5015 1622 5064 cum
1636 4986 1738 5064 dicto
1745 4983 1897 5093 jardino
1913 5000 1951 5061 et
1964 4978 2190 5089 appendiciis
2204 5002 2356 5088 eorum-

935 5109 1023 5189 dem
1037 5111 1085 5188 ad
1100 5140 1157 5206 se,
1169 5132 1360 5222 tamqnam
1375 5116 1590 5205 dominum,
1604 5117 1643 5193 in
1657 5116 1891 5223 possessione
1903 5130 1942 5191 et
1957 5113 2200 5221 proprietate,
2218 5136 2263 5185 ex
2275 5134 2359 5185 cau·

919 5242 986 5321 sir
996 5242 1173 5349 predictis
1187 5245 1375 5352 pertinere
1388 5244 1531 5325 debere
1544 5275 1613 5353 per
1625 5246 1852 5325 sentenciam
1863 5241 1955 5321 dicti
1967 5239 2146 5349 prepositi
2159 5236 2355 5327 declarari,

936 5389 973 5450 et
993 5372 1133 5452 dictam
1153 5374 1435 5455 Themessama
1454 5376 1554 5454 dicta
1573 5377 1688 5455 domo
1705 5374 1857 5482 expelli,
1876 5373 1976 5451 dicta
1992 5371 2198 5449 Thomassa
2214 5368 2254 5444 in
2271 5394 2361 5445 oon·
