5817 7292
1049 1111 1316 1223 nuoudrns
1342 1133 1407 1206 nr
1432 1117 1638 1208 esoces.
1982 1141 2056 1212 273

633 1298 769 1349 nemus
790 1271 829 1347 in
855 1272 944 1350 villa
973 1275 1192 1354 Nove-Ville
1218 1303 1305 1353 cum
1329 1274 1412 1382 ejus
1434 1275 1691 1382 pertinenciis,
1714 1277 1875 1381 exceptis
1900 1277 2057 1356 ediliciis
2097 1286 2282 1350 Pmurrrlv.

632 1403 771 1480 domus
791 1420 830 1480 et
848 1404 1060 1482 molendini
1078 1435 1148 1512 per
1168 1405 1313 1484 dictum
1333 1406 1380 1485 G.
1402 1403 1585 1484 edificatis
1604 1406 1765 1494 ibidem,
1786 1433 1862 1511 que
1887 1407 2056 1486 edificata
2158 1379 2220 1422 Μ’

632 1534 755 1612 dictus
771 1533 817 1613 G.
834 1536 1046 1613 seeundum
1066 1554 1239 1614 tenorem
1260 1538 1458 1645 cujusdam
1478 1537 1631 1614 alterius
1652 1536 1794 1626 littere,
1817 1535 1940 1641 sigillo
1966 1538 2055 1616 dicti

629 1665 811 1742 lobannis
831 1666 999 1744 defuncti
1021 1667 1199 1774 sigillata,
1220 1669 1309 1744 inde
1327 1668 1468 1774 poterit
1483 1695 1672 1756 amovere,
1690 1684 1729 1744 et
1748 1667 1908 1772 exceptis
1923 1695 2056 1774 campo

630 1795 696 1901 qui
715 1796 788 1872 fuit
806 1795 988 1888 Modreti,
1011 1797 1078 1904 qui
1097 1797 1213 1876 debet
1232 1799 1503 1905 quinquaginta
1523 1825 1644 1876 unum
1663 1796 1808 1876 solidos
1829 1813 1867 1874 et
1886 1797 2056 1904 quinque

630 1953 792 2032 capones
804 1928 1000 2016 redditum
1022 1928 1113 2005 item
1128 1947 1228 2006 terra
1247 1957 1323 2036 que
1343 1929 1416 2006 fuit
1435 1930 1536 2007 Petri
1557 1929 1605 2006 de
1626 1929 1837 2016 Haricuria,
1850 1954 1925 2034 que
1942 1927 2057 2006 debet

630 2058 901 2165 quinquaginta
926 2060 1024 2136 duos
1049 2059 1193 2136 solidos
1221 2077 1387 2166 quatuor
1410 2061 1586 2138 denarios
1618 2087 1705 2136 cum
1735 2058 1867 2147 obolo,
1894 2074 2056 2164 quatuor

628 2213 789 2293 capones
808 2215 895 2265 cum
915 2188 1078 2266 dimidio
1096 2175 1238 2266 etcum
1257 2217 1337 2266 uuo
1354 2190 1546 2295 quarterio
1570 2190 1723 2296 coponis
1746 2189 1938 2281 redditus,
1963 2189 2056 2266 item

627 2333 820 2423 terraque
839 2318 914 2394 fuit
933 2321 1084 2425 loguet,
1106 2347 1181 2425 que
1198 2320 1314 2398 debet
1329 2320 1480 2427 triginta
1500 2337 1577 2397 tres
1597 2320 1740 2398 solidos
1759 2349 1845 2397 cum
1857 2319 1980 2397 tribus
1995 2347 2055 2396 ca·

627 2445 792 2552 ponibus
813 2448 1001 2537 redditus,
1024 2479 1100 2556 que
1120 2462 1310 2557 exceptata
1330 2451 1574 2529 continentur
1593 2452 1633 2527 in
1656 2450 1779 2528 littera
1799 2451 1983 2558 predicta,
2007 2451 2055 2528 si-

626 2577 726 2685 gillis
750 2579 899 2657 ballivie
920 2581 1233 2688 Rotbomagensis
1257 2599 1296 2659 et
1323 2583 1413 2658 dicti
1438 2581 1606 2658 defuncti
1630 2583 1662 2658 J.
1689 2581 1870 2690 sigillata3
1895 2581 1986 2659 item
2015 2581 2053 2656 in

626 2707 740 2785 feodo
755 2710 804 2787 de
814 2713 933 2800 Mara,
948 2738 1037 2787 cum
1053 2711 1136 2818 ejus
1145 2713 1402 2817 pertinenciis,
1419 2739 1575 2788 manum
1589 2728 1773 2803 nostram,
1788 2711 1939 2788 racione
1953 2710 2052 2786 dicte

627 2839 758 2944 garde,
783 2867 862 2917 non
890 2867 1143 2946 apponemus,
1169 2841 1262 2918 item
1286 2842 1326 2916 in
1353 2839 1492 2930 leodis,
1518 2839 1689 2916 releveiis
1718 2856 1757 2916 et
1777 2839 2053 2916 hereditatibus

627 2969 807 3075 antiquis,
821 2970 967 3048 situatis
984 2971 1023 3048 in
1037 2971 1245 3077 parrochiis
1263 2971 1313 3047 de
1327 2970 1462 3059 Yville,
1478 2970 1779 3078 d'Espaingnart,
1797 2969 1845 3047 de
1864 2969 1982 3059 Vitol,
2005 2968 2051 3045 de

626 3099 788 3194 Vitocel,
806 3101 858 3178 du
872 3103 1018 3191 Trunc,
1035 3100 1296 3191 d'Anfreville,
1313 3101 1360 3177 de
1376 3100 1412 3179 la
1428 3100 1592 3206 Puyllie,
1611 3101 1658 3176 de
1675 3100 1987 3188 Sancto-Albino,
2003 3099 2051 3176 de

624 3228 806 3319 Fraxinis,
829 3231 877 3307 de
897 3232 1420 3321 Sancto-Nicolao·in-Bosco,
1443 3232 1496 3307 du
1521 3230 1624 3318 Teil,
1645 3231 1692 3307 de
1712 3229 1894 3318 Torville,
1916 3230 1963 3306 de
1985 3230 2053 3307 Se-

625 3359 853 3466 meleingne,
866 3361 915 3439 de
926 3362 1174 3455 Quatremare
1189 3363 1278 3439 etin
1287 3360 1556 3466 omnibusque
1571 3360 1815 3438 continentur
1829 3360 1869 3436 in
1884 3359 1976 3437 locis
1985 3361 2051 3466 qui

625 3509 803 3568 vocantur
828 3490 882 3569 les
905 3492 1223 3580 Nouviaus-Bans,
1245 3491 1312 3568 ubi
1332 3491 1449 3569 abbas
1473 3507 1512 3568 et
1536 3506 1742 3568 conventus
1762 3491 1810 3568 de
1829 3489 2053 3568 becco-Hel-

625 3619 728 3727 loyni
744 3637 782 3697 et
795 3621 1001 3728 capitulum
1014 3621 1252 3728 Ebroycense
1267 3621 1484 3729 percipiunt
1496 3621 1680 3712 decimas,
1695 3648 1851 3698 manum
1867 3637 2048 3709 nostram,

624 3753 778 3829 racione
795 3752 895 3829 dicte
909 3752 1042 3858 garde,
1060 3781 1312 3859 apponemus,
1331 3752 1398 3829 sed
1414 3779 1569 3828 manum
1584 3767 1766 3837 nostram,
1785 3750 1936 3826 racione
1953 3749 2051 3826 dicte

625 3881 759 3988 garde,
781 3907 861 3960 non
879 3909 1113 3988 apponemus
1132 3882 1174 3958 in
1193 3882 1466 3989 conquestibus
1486 3879 1591 3959 lactis
1608 3907 1678 3985 per
1695 3879 1841 3955 dictum
1857 3877 1903 3956 G.
1918 3878 1958 3952 in
1971 3907 2052 3982 pre·

627 4011 735 4089 dictis
746 4012 951 4118 parrochiis
962 4013 1168 4102 contentis,
1186 4029 1223 4089 et
1238 4011 1407 4118 quittatis
1422 4010 1523 4088 dicto
1536 4009 1581 4090 G.
1596 4025 1640 4086 ut
1653 4009 1803 4098 dicitur,
1820 4034 1890 4113 per
1905 4007 2049 4086 dictum

625 4140 749 4218 lilium
764 4167 893 4228 suum,
913 4140 961 4218 de
979 4142 1118 4247 quibus
1137 4141 1181 4218 fit
1198 4142 1348 4220 mencio
1366 4141 1408 4218 in
1426 4139 1595 4246 prodicta
1613 4137 1737 4216 littera
1756 4137 1911 4245 sigillata
1926 4137 2049 4243 sigillo

624 4271 775 4350 ballivie
794 4271 1106 4380 Rotbomagensis
1130 4289 1169 4349 et
1188 4273 1278 4350 dieti
1304 4273 1336 4349 J.
1365 4271 1414 4349 de
1441 4269 1653 4358 Haricuria,
1680 4268 1874 4374 quondam
1900 4267 2047 4358 militis,

626 4431 729 4480 nunc
751 4399 942 4492 debincti;
963 4419 1019 4490 et,
1040 4402 1072 4480 si
1091 4402 1245 4509 aliquod
1265 4403 1427 4480 dubium
1451 4399 1657 4507 superbiis
1678 4398 1889 4488 emerserit,
1912 4399 2050 4476 scietur

624 4533 759 4610 veritas
776 4561 846 4639 per
862 4533 1034 4640 parcium
1054 4551 1298 4624 sacramenta,
1322 4549 1377 4624 et,
1399 4532 1430 4610 si
1449 4559 1546 4638 opus
1561 4528 1692 4620 fuerit,
1714 4528 1986 4608 nichilominus
2006 4558 2049 4606 ex

625 4662 750 4741 officio
769 4679 899 4743 nostro
914 4662 1065 4769 plenius
1084 4661 1265 4742 faciemus
1282 4663 1476 4741 veritatem
1500 4660 1652 4768 inquiri.

681 4793 811 4872 Martis
828 4811 915 4902 post
930 4792 1268 4874 Circumcisionem
1285 4793 1455 4872 Domini.

682 5059 803 5135 Lxssl.
835 5056 1050 5136 Senescallo
1066 5058 1351 5136 Carcassonensi
1366 5057 1424 5133 vel
1439 5056 1520 5165 ejus
1536 5055 1664 5135 locum
1681 5055 1844 5145 tenenti,
1863 5053 2046 5132 salutern:

626 5187 724 5265 Cum
734 5217 803 5294 per
817 5190 1049 5295 inquestam,
1062 5217 1132 5295 per
1142 5216 1207 5266 vos
1220 5215 1289 5266 seu
1301 5187 1601 5266 commissarium
1609 5202 1791 5278 vestrum,
1807 5186 1855 5262 de
1871 5185 2046 5262 mandato

627 5317 837 5397 litterarum
852 5337 1081 5410 nostrarum,
1098 5319 1248 5408 laetam,
1267 5335 1307 5398 et
1323 5333 1450 5396 nostre
1471 5318 1574 5396 curie
1590 5333 1832 5424 reportatam,
1855 5315 1925 5422 ipsi
1944 5313 2045 5390 curie

628 5464 755 5526 nostre
783 5467 929 5529 constet
960 5450 1068 5560 quod
1094 5451 1340 5558 Raymundus
1365 5447 1537 5539 Fmdoli,
1567 5448 1697 5537 miles,
1728 5463 1768 5525 et
1790 5445 1907 5550 ipsius
1937 5440 2045 5527 socii,

712 5620 765 5664 aas
784 5621 868 5665 otiu.
891 5624 938 5664 111.
1880 5595 1920 5654 35
