5817 7292
1042 1092 1311 1203 suousrss
1336 1112 1400 1185 ιι
1426 1099 1634 1190 rences
1976 1125 2049 1201 ιιι

628 1255 717 1363 ipsis
743 1252 898 1333 notariis
923 1278 1038 1359 super
1058 1253 1249 1333 ιιιιιιοιιι
1272 1253 1438 1361 ipsorum
1461 1256 1679 1365 sigillandas
1699 1258 1823 1367 sgrllo
1842 1265 1992 1370 capituli
2014 1286 2054 1346 ct
2089 1276 2275 1342 Ριιιιιιιιιι

475 1400 482 1415 ·
627 1384 821 1465 senescalli
850 1384 1175 1491 Petrngoricensis,
1205 1412 1226 1463 ιι
1253 1402 1422 1491 tempore
1452 1386 1738 1467 constitucionis
1768 1388 1913 1468 ibidem
1940 1395 2052 1504 sigilli
2142 1371 2206 1416 Μ

627 1516 840 1595 communis
863 1516 1041 1623 predicti
1069 1515 1197 1595 dicti
1189 1516 1429 1622 inquisitores
1458 1517 1726 1607 inhibuerunt,
1756 1536 1800 1601 ut
1825 1521 1976 1613 dicitur,
2004 1527 2053 1608 de

626 1676 723 1726 noro
743 1676 792 1725 ne
812 1647 860 1725 de
880 1664 1005 1725 cetero
1025 1645 1121 1725 fides
1140 1646 1365 1727 adhibentur
1389 1647 1528 1727 litteris
1546 1665 1586 1729 et
1603 1648 1866 1736 instrumentis
1884 1655 2053 1733 notario-

625 1806 730 1871 rum,
753 1779 894 1857 tutem
917 1806 985 1856 sue
1008 1778 1212 1857 creationis
1232 1777 1459 1857 bsbencium
1482 1779 1659 1888 sigillatas
1677 1782 1791 1864 unico
1810 1782 1935 1891 sigillo
1954 1788 2054 1894 cepi-

625 1910 697 1989 tuli
708 1928 746 1989 ιι
757 1908 1081 1988 senescallinostri
1092 1909 1367 2016 predictorum,
1380 1928 1589 1995 statuentes
1600 1909 1717 1995 iidem
1729 1914 1900 1993 adbiberi
1913 1916 2053 2002 debere

626 2040 761 2119 litteris
778 2058 817 2121 ct
836 2040 1098 2119 instrumentis
1117 2040 1352 2123 notariouun
1368 2041 1597 2126 habentium
1610 2043 1755 2123 litteras
1767 2074 1837 2128 sue
1850 2048 2054 2132 creecionis

623 2170 801 2281 sigillatas
815 2169 898 2249 solo
913 2170 1039 2281 sigillo
1054 2171 1245 2251 communi
1261 2170 1371 2253 uobis
1391 2189 1429 2253 et
1448 2173 1616 2279 capitulo
1626 2193 1857 2266 memoretoz
1875 2207 1951 2284 qus
1969 2209 2055 2285 prc-

622 2302 733 2379 missa
754 2303 796 2378 is
817 2301 1069 2411 prejudicium)
1088 2301 1277 2385 dictorum
1295 2301 1451 2408 capituli
1474 2320 1512 2383 ct
1530 2305 1694 2393 dentosis
1713 2307 1929 2389 redundare
1948 2309 2053 2397 vide-

622 2434 772 2527 brnen,
794 2450 838 2512 ut
857 2432 1048 2523 dicebantc
1069 2460 1139 2513 nos
1157 2461 1272 2541 super
1293 2433 1485 2539 premissis
1504 2433 1764 2519 resederimus
1780 2438 1974 2523 veritatem
1994 2441 2053 2523 in-

622 2566 745 2673 quiris
762 2566 849 2644 Vise
868 2564 984 2673 igitur
1002 2564 1174 2673 ιιηιιιιιιι
1193 2593 1308 2670 super
1327 2564 1507 2670 predictis
1524 2564 1574 2644 de
1593 2566 1773 2647 mandato
1791 2585 1922 2649 nostro
1940 2569 2049 2662 bots,

624 2712 780 2803 propter
800 2694 984 2801 qcrosdsm
1006 2693 1174 2773 ιιιιιιιιιι
1198 2694 1239 2771 in
1258 2723 1301 2771 ea
1320 2710 1507 2799 repertos,
1526 2694 1615 2801 quia
1634 2724 1711 2779 non
1737 2714 1795 2776 est
1817 2718 2052 2805 compertum

622 2856 708 2915 nos,
721 2854 791 2934 per
800 2842 1080 2933 procuratorem
1091 2842 1265 2905 nostmrn
1278 2824 1317 2903 in
1328 2824 1523 2930 predictis,
1535 2824 1720 2931 legittime
1735 2825 1909 2909 defensos
1917 2829 2048 2921 luisse,

623 2986 666 3035 ex
688 2986 812 3047 causa,
832 2956 935 3034 curia
958 2971 1086 3035 nostre
1108 2955 1294 3035 ordinavit
1318 2954 1422 3061 quod
1439 2956 1673 3062 procreatos
1693 2974 1824 3037 nostro
1844 2960 2052 3070 Petrngori-

623 3088 724 3166 oensi
740 3088 807 3165 fiet
825 3088 933 3194 copie
951 3086 1195 3165 articulorum
1212 3086 1251 3163 in
1269 3086 1440 3192 inquesta
1458 3087 1628 3193 predicte
1646 3103 1914 3170 contentorum
1932 3110 1973 3171 ct
1988 3122 2052 3171 no

622 3220 769 3297 minum
796 3219 949 3297 testium
975 3218 1015 3293 in
1045 3246 1088 3295 cs
1116 3217 1408 3323 productorum,
1440 3235 1480 3294 ιι
1506 3218 1612 3324 quod
1640 3220 1719 3325 ipse
1749 3217 1859 3299 dictis
1886 3223 2050 3301 articulis

621 3350 754 3429 iterato
773 3348 1036 3457 respondebit,
1054 3364 1091 3429 et
1106 3346 1346 3433 defensiones
1361 3364 1508 3431 uostns
1526 3376 1640 3454 super
1653 3350 1708 3427 eis
1727 3349 1776 3427 ad
1789 3349 1946 3457 plenum
1962 3382 2050 3460 pro·

620 3498 754 3589 ponet,
772 3499 810 3560 ct
824 3480 1031 3563 ιοιιιιιιιοι
1045 3478 1241 3569 articulos,
1264 3478 1294 3556 si
1309 3478 1493 3571 voluerit,
1508 3478 1635 3573 ledet,
1654 3508 1699 3559 ιι
1715 3481 1963 3589 probcciones
1980 3513 2049 3591 pro

619 3632 724 3720 porte
740 3630 867 3693 nostra
881 3640 996 3723 snper
1008 3610 1188 3719 predictis
1202 3610 1408 3718 producet,
1432 3629 1471 3689 et
1487 3610 1594 3719 quod
1610 3610 1708 3691 salvs
1725 3614 1976 3697 remanebunt
1995 3634 2050 3695 st·

618 3744 842 3824 testaciones
857 3746 1014 3827 testium
1030 3771 1073 3822 ex
1092 3758 1195 3848 parte
1217 3742 1405 3823 dictorum
1421 3742 1574 3853 capituli
1594 3759 1633 3821 et
1646 3744 1809 3824 cantoris
1822 3745 1863 3824 in
1877 3744 2049 3852 inquests

619 3875 789 3980 predicte
797 3874 1085 3981 productorum
1102 3872 1202 3955 selvo
1220 3873 1340 3953 eciem
1356 3873 1478 3980 quod,
1495 3889 1624 3954 contre
1641 3888 1756 3951 testes
1774 3873 1941 3978 parcium
1961 3875 2048 3955 hinc

620 4004 711 4082 inde
729 4005 1004 4111 productorum
1028 4020 1066 4085 ιι
1085 4002 1438 4111 producendorum,
1460 4002 1540 4109 ipsc
1559 4019 1683 4109 partos
1701 4002 1791 4085 hinc
1810 4003 1900 4086 inde
1921 4005 2046 4088 dicere

618 4136 766 4243 possint
778 4152 818 4214 ιι
834 4164 949 4243 snper
968 4135 1192 4219 eommdcm
1207 4134 1363 4215 testium
1383 4132 1717 4240 reprobsoionibus
1733 4162 1812 4241 qus
1823 4134 1965 4215 luerint
1979 4137 2047 4215 ed-

619 4268 803 4347 mittcnde
818 4266 1064 4375 probationes
1078 4265 1261 4374 legittime
1274 4266 1525 4373 recipientun
1537 4282 1700 4373 etsuper
1712 4264 1891 4349 omnibns
1902 4267 2047 4374 predio-

619 4402 668 4477 tis
684 4399 857 4507 inquests
871 4398 1055 4505 predicte,
1067 4398 1147 4506 jem
1163 4397 1355 4487 inchoate,
1369 4394 1533 4503 perlecta
1548 4414 1587 4477 ιι
1606 4396 1810 4503 complete,
1824 4414 1870 4482 ut
1884 4400 2046 4505 premis·

620 4560 703 4613 snm
724 4548 800 4621 est,
821 4530 1035 4611 remittetur
1054 4528 1102 4607 ad
1121 4528 1264 4613 ιιιιιιιιι
1279 4528 1496 4637 judicanda.

678 4664 806 4743 Mortis
825 4678 912 4771 post
929 4659 1079 4743 octrbss
1097 4658 1321 4769 Epipbsnis.

497 4884 503 4895 ¹
676 4797 727 4875 Μ.
748 4794 795 4875 G.
818 4794 867 4873 dc
886 4794 981 4873 U'sco
1001 4792 1214 4899 reportavit.

661 5060 766 5138 xvi
798 5059 896 5138 Cum
912 5056 1156 5165 significasset
1171 5056 1281 5135 nobis
1296 5071 1517 5163 poenitor
1530 5053 1675 5139 obbatis
1685 5072 1723 5133 ιι
1736 5054 1888 5163 ospitidi
1901 5056 2045 5138 Sancti·

619 5190 819 5268 Frontonis
839 5187 1154 5297 Pcusgoriccnsis
1172 5188 1279 5294 qued
1293 5187 1433 5268 domus
1451 5215 1526 5293 qne
1542 5186 1738 5298 quondam
1755 5186 1829 5270 luit
1846 5185 2044 5272 Guillelmi

619 5319 1059 5409 Guidonis,ednsnnu1u
1076 5336 1243 5403 nososm
1258 5346 1327 5425 pro
1345 5318 1492 5400 delictis
1512 5318 1650 5427 ipsius,
1669 5336 1713 5399 ut
1732 5318 1881 5407 dicitur,
1902 5318 2041 5425 posits,

621 5450 757 5529 babilis
777 5469 817 5529 ιι
836 5466 1052 5557 competens
1072 5451 1246 5533 existeret
1265 5450 1314 5532 sd
1331 5451 1537 5533 tenendum
1559 5451 1701 5531 cunam
1726 5476 1966 5533 communem
1985 5445 2044 5523 in-

1863 5602 1912 5663 51.
