5817 7292
1025 1064 1293 1173 ssouarss
1316 1082 1380 1155 ss
1406 1064 1610 1156 ruccas.
1956 1080 2029 1155 sos

613 1222 812 1311 Coulliaci,
826 1222 874 1301 ad
884 1222 991 1333 cujus
1003 1223 1217 1303 refectionis
1228 1222 1555 1303 contribuciouem
1568 1220 1718 1299 dicebat
1728 1245 1794 1299 eos
1805 1222 2029 1319 teucrium
2070 1239 2256 1299 assaumis.

613 1354 762 1433 racione
781 1354 963 1463 generalis
982 1354 1266 1433 consuetudinis
1282 1354 1494 1433 castellania
1504 1350 1684 1439 Creciaci,
1699 1352 1739 1426 in
1752 1378 1826 1457 qua
1840 1369 1879 1429 et
1897 1354 2030 1460 deque

615 1482 827 1562 castellania
845 1504 934 1563 sunt
953 1486 1052 1565 dicte
1065 1485 1169 1579 viIIe,
1184 1514 1296 1592 quam
1315 1485 1487 1593 pluribus
1502 1482 1583 1561 aIiis
1595 1480 1824 1571 raciouibus3
1840 1480 1951 1559 dictis
1962 1483 2034 1561 bo-

2134 1330 2197 1373 Im.

615 1613 782 1693 minibus
797 1617 1024 1694 contrarium
1036 1617 1287 1713 asserentibus
1303 1634 1341 1695 et
1356 1616 1571 1694 dicentibus
1580 1613 1684 1721 quod
1694 1640 1783 1701 nos,
1797 1628 1876 1689 tam
1886 1613 2035 1690 racione

614 1745 761 1852 pedagii
783 1749 888 1853 quod
908 1744 1049 1824 ibidem
1069 1747 1315 1854 percipimus,
1329 1724 1441 1854 quani
1456 1746 1630 1853 pluribus
1644 1740 1971 1832 aliisracionibus,
1989 1745 2037 1820 ad

617 1874 786 1983 ejusdem
804 1877 928 1982 pontis
942 1876 1188 1955 resectionem
1203 1876 1449 1955 tenebamur:
1467 1876 1655 1971 Tandem,
1673 1874 1929 1954 mandavimus
1943 1875 2039 1951 veri-

615 2022 731 2083 tatem
747 2034 859 2111 super
873 2005 1084 2112 premissis,
1103 2005 1273 2112 partibus
1287 2008 1442 2095 vocatis,
1461 2005 1617 2115 inquiri,
1636 2022 1690 2094 et,
1704 2005 1794 2111 quia
1807 2032 1877 2111 per
1890 2004 2040 2111 inques·

616 2152 712 2223 tam,
730 2164 842 2241 super
863 2136 935 2213 boc
954 2136 1003 2213 de
1019 2138 1194 2213 mandato
1214 2153 1344 2213 nostro
1359 2137 1492 2213 factam
1509 2153 1547 2213 et
1559 2162 1628 2241 per
1642 2134 1784 2211 curiam
1799 2151 1966 2211 nostram
1981 2133 2039 2210 di-

617 2262 777 2371 ligenter
796 2265 1020 2373 inspectam,
1034 2264 1174 2343 auditis
1192 2266 1389 2373 utriusque
1409 2267 1525 2372 partis
1538 2264 1771 2353 racionibua,
1793 2290 1870 2341 non
1890 2283 2042 2371 apparet

619 2393 739 2472 dictos
758 2394 932 2475 homines
952 2395 1098 2504 aliquid
1115 2394 1327 2501 probavisse
1348 2396 1551 2502 quominus
1570 2394 1771 2471 addictam
1787 2368 2042 2473 coniribucio-

619 2552 706 2601 nem
725 2542 936 2618 teneantur,
951 2545 998 2604 et
1017 2556 1061 2603 ex
1079 2542 1186 2631 parte
1206 2525 1294 2603 dicti
1309 2526 1508 2633 prepositi,
1524 2524 1678 2601 uomina
1693 2541 1839 2612 nostro,
1856 2524 2044 2602 sufficien-

618 2670 677 2731 ter
693 2655 894 2759 pr'obatum
911 2671 966 2732 est
978 2653 1099 2761 quod,
1113 2652 1160 2731 de
1171 2653 1443 2730 consuetudine
1455 2651 1668 2729 castellania
1679 2652 1843 2731 Creciaci
1853 2651 2038 2759 predicte,

620 2783 794 2859 homines
811 2783 984 2860 villarum
1005 2800 1043 2859 et
1063 2782 1234 2862 locorum
1254 2781 1604 2888 circumpositorum
1622 2780 1840 2858 castellania
1855 2782 2040 2887 predicte,

621 2912 659 2987 in
680 2912 820 3019 quibus
839 2931 928 2991 sunt
946 2930 1096 3019 pontes,
1120 2940 1165 2991 er
1186 2912 1261 2989 iliis
1283 2911 1463 3019 pontibus
1482 2913 1745 2990 aisiamentum
1764 2910 1966 3001 babentes,
1988 2928 2044 2989 te-

621 3059 760 3121 nentur
767 3043 814 3121 ad
826 3042 1142 3122 contribuendum
1153 3043 1346 3121 refectioni
1359 3043 1528 3149 ipsorum
1539 3043 1736 3149 poncium,
1751 3016 1934 3149 duociens
1946 3069 2044 3148 opus

622 3188 693 3263 est,
715 3174 884 3278 quamvis
904 3202 989 3263 nos,
1003 3174 1041 3249 iu
1056 3172 1167 3251 dictis
1179 3173 1277 3250 villis
1293 3190 1330 3251 et
1344 3172 1541 3280 pontibus,
1556 3172 1763 3280 pedagium
1775 3171 2043 3278 percipiamus:

621 3302 691 3379 Per
710 3304 812 3381 curie
834 3321 961 3383 nostre
975 3302 1164 3410 judicium
1187 3302 1330 3381 dictum
1356 3302 1430 3379 fuit
1454 3302 1643 3409 predictos
1662 3301 1838 3381 homines
1855 3303 1976 3379 teneri
1996 3303 2044 3380 ad

621 3432 939 3513 contribuendum
957 3432 1152 3511 refectioni
1173 3434 1300 3539 pontis
1320 3432 1503 3511 Coulliaci
1523 3430 1739 3538 supradicti.

677 3564 778 3643 Iovis
796 3564 836 3641 in
853 3563 949 3643 Iesto
964 3563 1063 3643 beati
1076 3563 1281 3643 Vincencii.

679 3696 728 3772 M.
750 3694 874 3773 Droco
893 3693 1105 3805 reportavit.

680 3957 807 4035 XXIII.
838 3956 958 4048 Cum,
980 3956 1020 4035 in
1037 3950 1140 4037 curia
1154 3958 1397 4037 dominorum
1412 3975 1512 4036 terre
1528 3956 1576 4035 de
1591 3960 1760 4045 Hantou,
1778 3956 1848 4034 site
1866 3956 2045 4043 Parisius,

625 4084 691 4166 lite
707 4102 807 4165 mota
822 4086 921 4165 iuter
940 4086 1167 4167 Gaufridum
1182 4089 1217 4167 Ie
1236 4091 1394 4179 Bretnn,
1406 4116 1450 4166 ex
1464 4104 1568 4195 parte
1584 4114 1675 4176 una,
1688 4104 1727 4164 et
1744 4085 1951 4163 Fulconem
1970 4086 2046 4164 dic-

626 4232 706 4293 tum
728 4214 765 4292 le
784 4216 975 4313 Francois,
997 4244 1041 4295 ex
1064 4216 1200 4307 altera,
1223 4244 1335 4324 super
1355 4217 1583 4325 proprietate
1608 4216 1803 4324 cujusdam
1824 4215 1962 4293 domus
1981 4243 2049 4293 seu

627 4346 794 4455 graugie,
810 4346 880 4429 site
895 4346 1073 4437 Parisius,
1089 4347 1128 4424 in
1146 4348 1227 4425 vico
1237 4347 1496 4437 Rosariorum,
1514 4375 1591 4454 que
1604 4348 1798 4453 quondam
1813 4346 1886 4423 suit
1900 4346 2049 4424 Thome

628 4476 762 4555 d’Ierre
778 4493 815 4553 et
834 4476 1024 4565 Jebanue,
1043 4478 1125 4587 ejus
1140 4477 1236 4567 filie,
1253 4506 1368 4587 quam
1384 4477 1510 4555 dictus
1524 4475 1729 4556 GauIridus
1745 4476 1793 4552 ad
1808 4504 1848 4555 se
1864 4476 2051 4553 asserebat

627 4606 836 4713 pertinere,
850 4623 983 4713 petens
999 4608 1071 4685 sibi
1092 4608 1295 4718 adjudicari
1314 4611 1473 4688 eandem
1486 4608 1667 4716 ,predicti
1682 4607 1828 4699 domini
1839 4606 1943 4686 dicto
1957 4606 2052 4686 Gau·

628 4736 727 4817 Iride
747 4737 953 4845 predictam
974 4738 1133 4818 domum
1154 4768 1220 4819 seu
1243 4740 1432 4850 grangiam
1453 4738 1749 4849 adjudicassent,
1772 4753 1811 4817 et
1828 4768 1849 4815 a
1869 4738 1970 4817 dido
1988 4739 2052 4845 ju-

629 4868 769 4958 dicato,
790 4886 967 4977 tanquam
992 4900 1012 4947 a
1033 4870 1126 4951 salso
1148 4890 1187 4951 et
1204 4900 1334 4980 pravo,
1353 4871 1477 4950 dictus
1495 4871 1612 4949 Fulco
1633 4868 1681 4947 ad
1698 4869 1934 4977 prepositum
1953 4869 2053 4945 Pari-

630 4998 791 5078 sieusem
815 4998 1052 5107 appellasset,
1081 5002 1183 5083 idem
1208 5003 1434 5111 prepositus,
1463 5002 1504 5078 iu
1533 5000 1631 5079 dicta
1655 4998 1921 5109 appellacionis
1943 5026 2053 5077 causa

631 5129 853 5237 procedens,
869 5134 1129 5238 pronunciavit
1147 5134 1245 5212 bene
1259 5132 1474 5243 judicatum
1494 5149 1533 5211 et
1551 5132 1651 5209 male
1669 5131 1900 5239 appellatum
1918 5128 2052 5217 suissea

632 5288 651 5337 a
668 5260 777 5369 cujus
793 5264 973 5369 prepositi
988 5264 1175 5373 judicato,
1194 5282 1387 5373 tamquam
1410 5262 1504 5343 salso
1528 5281 1566 5343 et
1582 5290 1712 5371 pravo,
1729 5262 1853 5340 dictus
1871 5259 1989 5339 FuIco
2006 5259 2053 5334 ad

633 5405 796 5467 nostram
811 5392 953 5470 curiam
965 5394 1100 5476 iterato
1109 5394 1328 5503 appellavit:
1347 5392 1497 5473 Auditis
1506 5394 1633 5503 igitur,
1648 5393 1803 5471 incuria
1817 5407 1960 5477 nostra,
1978 5387 2057 5464 dic-

1916 5541 1952 5601 52
