5817 7292
862 1093 939 1165 266
1443 1087 1534 1172 Lus
1554 1085 1698 1160 ¹OLlltl.

635 1247 764 1299 renuas
777 1245 820 1308 lv·
916 1236 1020 1311 Lune
1035 1247 1121 1336 post
1134 1230 1284 1309 octabas
1295 1226 1517 1336 Epiphania.

696 1338 760 1379 Μ’
916 1365 966 1444 Μ.
985 1366 1126 1473 Spnon
1146 1363 1194 1440 de
1208 1361 1417 1440 Rabuissoa
1429 1360 1644 1466 reportavit.

916 1497 1110 1576 Scribetur
1137 1494 1263 1574 abbati
1286 1491 1555 1579 Cisterciensi,
1573 1491 1632 1566 cui
1662 1489 1792 1566 subest
1818 1489 1961 1568 dictum
1993 1494 2283 1582 monasterium,

858 1630 962 1736 quod
977 1628 1129 1705 dictum
1143 1623 1338 1713 abbatem,
1356 1622 1560 1699 monachos
1574 1637 1616 1698 et
1638 1647 1850 1711 conversos,
1875 1639 1914 1698 et
1933 1650 2065 1700 eorum
2082 1625 2285 1732 complices

859 1759 928 1837 sibi
945 1757 1133 1844 subditos,
1149 1755 1275 1832 taliter
1286 1754 1418 1860 puniat
1429 1749 1537 1860 quod
1548 1768 1653 1828 metu
1668 1779 1764 1857 pene
1782 1750 1831 1828 de
1844 1770 1971 1830 cetero
1993 1755 2130 1833 similia
2143 1773 2286 1835 nonat-

858 1905 1061 1995 tempteut,
1078 1902 1118 1964 et
1132 1885 1254 1992 quod,
1269 1885 1320 1962 ob
1336 1883 1525 1962 defectum
1542 1883 1639 1989 ejus,
1654 1911 1730 1960 uon
1746 1900 1917 1988 oporteat
1931 1884 2131 1964 dominum
2143 1890 2284 1996 Regem
2355 1901 2358 1912 '

859 2017 1001 2097 de‘alio
1016 2018 1187 2096 remedio
1201 2017 1411 2124 providere.

913 2284 987 2362 LV.
1021 2282 1118 2360 Cum
1135 2279 1249 2358 abbas
1264 2297 1302 2356 et
1320 2294 1524 2356 conventus
1537 2275 1752 2354 monasterii
1765 2278 2058 2387 Fontis-Frigidi
2074 2307 2282 2386 conquere-
2397 2373 2401 2378 Ι

858 2430 989 2491 rentur
1008 2411 1056 2488 de
1073 2437 1187 2487 manu
1207 2408 1352 2486 domini
1378 2407 1505 2514 Regis,
1527 2437 1596 2513 per
1615 2407 1733 2514 ipsius
1751 2426 1882 2516 gentes
1907 2410 2072 2516 apposita
2090 2409 2131 2486 in
2148 2409 2280 2488 saisina

857 2545 931 2622 alte
941 2542 1091 2651 justicie
1111 2558 1316 2618 castrorum
1335 2539 1383 2616 de
1400 2539 1708 2618 Sancto-Nazario
1724 2557 1762 2618 et
1778 2541 1827 2618 de
1846 2540 2158 2632 Sancta-Valeria,
2172 2556 2279 2646 pete·

856 2692 1030 2782 rentque,
1051 2673 1226 2780 pluribus
1242 2671 1470 2761 nacionibus,
1495 2671 1632 2748 dictam
1655 2699 1811 2750 manum
1832 2673 1921 2750 inde
1940 2672 2120 2763 amoueri3
2141 2687 2179 2750 et
2192 2699 2279 2776 pro-

856 2822 1005 2883 curator
1018 2803 1163 2882 domini
1180 2802 1291 2908 Regis
1307 2799 1523 2880 senescallie
1536 2801 1838 2882 Carcassoneusis
1856 2803 1986 2910 plures
1998 2804 2038 2880 iu
2052 2801 2278 2880 contrarium

854 2952 1084 3043 proponeret
1100 2934 1282 3022 raciones,
1302 2949 1340 3010 et
1358 2934 1407 3010 de
1427 2932 1525 3009 dicta
1536 2933 1686 3040 justicia
1703 2934 1811 3012 dietis
1831 2933 2016 3044 religiosis
2036 2934 2084 3011 de
2103 2931 2279 3012 mandato

856 3067 997 3144 domini
1017 3066 1127 3174 Regis
1151 3063 1223 3141 sub
1242 3063 1388 3172 ydonee
1412 3064 1592 3142 caucione
1619 3061 1714 3141 faeta
1735 3064 1867 3144 firisset
1895 3065 2132 3144 recredencia
2158 3091 2278 3170 usque

854 3199 902 3277 ad
921 3225 1075 3304 presens
1096 3194 1392 3301 parlamentum:
1411 3195 1598 3282 Tandem,
1614 3194 1688 3272 visa
1708 3196 1879 3302 inquesta
1898 3223 2011 3299 super
2023 3195 2096 3272 hoc
2116 3194 2164 3272 de
2179 3221 2280 3272 man-

854 3330 941 3405 dato
958 3327 1061 3404 curie
1077 3342 1205 3402 nostre
1223 3325 1336 3416 sacta,
1350 3353 1418 3430 per
1433 3324 1669 3430 ipsiuscurie
1686 3343 1812 3404 nostre
1827 3327 2032 3434 judicium,
2048 3325 2191 3404 dictum
2203 3323 2277 3402 suit

854 3475 892 3535 et
906 3445 1196 3563 pronunciatum
1212 3454 1317 3562 quod
1332 3484 1466 3534 manus
1478 3456 1645 3563 predicta
1662 3457 1804 3536 domini
1821 3459 1946 3564 Regis,
1967 3457 2007 3532 in
2022 3454 2200 3562 predictis
2212 3483 2277 3559 ap-

853 3587 990 3694 posita,
1011 3587 1102 3664 inde
1118 3588 1361 3676 amovebitur,
1385 3603 1423 3664 et
1437 3586 1602 3694 predicta
1621 3589 1859 3666 recredencia
1874 3587 1982 3664 cedet
1997 3587 2049 3664 eis
2068 3585 2108 3664 in
2128 3583 2274 3664 delibe-

852 3719 1057 3807 racionem,
1072 3717 1310 3805 salvotameu
1324 3718 1365 3793 in
1380 3717 1573 3805 omnibus,
1590 3747 1704 3824 super
1719 3718 1906 3825 hoc,jure
1919 3716 2063 3796 domini
2074 3715 2186 3822 Regis
2198 3733 2273 3793 tam

851 3851 889 3924 in
903 3849 1140 3956 possessione
1158 3876 1272 3955 quam
1293 3850 1331 3925 in
1345 3849 1584 3955 proprietate.

906 3981 1014 4057 Luae
1031 3978 1212 4085 predicta.

906 4112 955 4189 ll.
973 4113 1019 4190 H.
1030 4110 1196 4190 Cuillier
1207 4111 1422 4216 reportavit.

903 4373 994 4450 LVI.
1024 4374 1223 4450 Processus
1246 4401 1314 4480 per
1333 4376 1382 4452 M.
1408 4375 1585 4482 Egidium
1613 4373 1659 4451 de
1679 4372 1854 4452 Reminio
1875 4374 1992 4452 lactus
2015 4402 2129 4480 super
2152 4401 2273 4452 recre-

849 4503 980 4579 dencia
996 4503 1251 4608 quorumdam
1271 4504 1408 4581 civium
1430 4506 1673 4583 Remensium
1690 4504 1762 4582 fuit
1778 4534 1847 4614 per
1863 4507 2003 4584 curiam
2024 4505 2269 4611 approbatus,

847 4648 962 4738 prout
975 4634 1191 4710 continetur
1204 4634 1243 4708 in
1263 4633 1362 4712 libro
1381 4652 1610 4714 arrestorum
1624 4638 1809 4742 presentis
1820 4636 2056 4744 parlamenti.

901 4894 1007 4974 LVll.
1038 4893 1135 4971 Cum
1162 4920 1286 4970 coram
1312 4893 1514 4972 senescallo
1539 4891 1785 4974 Belli-Codri
1814 4892 2041 4972 Gulllelmus
2074 4889 2121 4968 de
2149 4889 2268 4993 Nuga-

843 5039 942 5110 reto,
959 5022 1069 5100 miles
1087 5040 1225 5113 nomer,
1247 5040 1374 5102 contra
1390 5024 1562 5104 homines
1577 5025 1663 5104 ville
1684 5026 1732 5104 de
1754 5024 1931 5114 Lunello,
1948 5021 2120 5129 peciisset
2133 5047 2267 5125 quem

842 5156 929 5232 dam
950 5155 1179 5232 sentenciam
1201 5153 1414 5232 arbitralem
1438 5185 1553 5264 super
1571 5157 1653 5264 ejus
1672 5184 1802 5236 manso
1822 5153 2026 5234 Tarinaleti
2049 5170 2088 5232 et
2111 5151 2266 5259 quibus-

840 5287 928 5364 dam
955 5284 1038 5362 aliis
1062 5284 1176 5372 locis,
1206 5284 1254 5362 de
1275 5286 1414 5394 quibus
1437 5289 1537 5366 inter
1560 5317 1625 5366 eos
1648 5288 1770 5367 suerat
1794 5287 1833 5364 in
1859 5302 1981 5366 certos
2008 5283 2169 5362 arbitros
2195 5307 2264 5358 seu

839 5415 1077 5494 arbitratores
1095 5443 1220 5493 coram
1234 5415 1370 5496 eodem
1390 5419 1591 5496 senescallo
1610 5417 1941 5523 compromissum,
1964 5443 2032 5521 per
2044 5415 2164 5520 ipsos,
2191 5437 2261 5517 pro
