<?xml version="1.0" encoding="UTF-8"?>
<!DOCTYPE html PUBLIC "-//W3C//DTD XHTML 1.0 Transitional//EN"
    "http://www.w3.org/TR/xhtml1/DTD/xhtml1-transitional.dtd">
<html xmlns="http://www.w3.org/1999/xhtml" xml:lang="en" lang="en">
 <head>
  <title>
</title>
<meta http-equiv="Content-Type" content="text/html;charset=utf-8" />
  <meta name='ocr-system' content='tesseract 3.04.00' />
  <meta name='ocr-capabilities' content='ocr_page ocr_carea ocr_par ocr_line ocrx_word'/>
</head>
<body>
  <div class='ocr_page' id='page_1' title='image "./lesolimouregist00pargoog_0717.png"; bbox 0 0 5817 7292; ppageno 0'>
   <div class='ocr_carea' id='block_1_1' title="bbox 998 1021 2003 1131">
    <p class='ocr_par' dir='ltr' id='par_1_1' title="bbox 998 1021 2003 1131">
     <span class='ocr_line' id='line_1_1' title="bbox 998 1021 2003 1131; baseline 0.004 -18"><span class='ocrx_word' id='word_1_1' title='bbox 998 1024 1266 1131; x_wconf 68' lang='lat' dir='ltr'><strong>saoneres</strong></span> <span class='ocrx_word' id='word_1_2' title='bbox 1292 1040 1356 1112; x_wconf 83' lang='lat' dir='ltr'><strong>er</strong></span> <span class='ocrx_word' id='word_1_3' title='bbox 1382 1021 1587 1115; x_wconf 78' lang='lat' dir='ltr'><strong>rnocts.</strong></span> <span class='ocrx_word' id='word_1_4' title='bbox 1929 1046 2003 1117; x_wconf 79' lang='lat' dir='ltr'><strong>ors</strong></span> 
     </span>
    </p>
   </div>
   <div class='ocr_carea' id='block_1_2' title="bbox 448 1180 2226 1941">
    <p class='ocr_par' dir='ltr' id='par_1_2' title="bbox 448 1180 2226 1813">
     <span class='ocr_line' id='line_1_2' title="bbox 448 1180 2226 1293; baseline -0.003 -29"><span class='ocrx_word' id='word_1_5' title='bbox 448 1190 451 1195; x_wconf 80' lang='grc'><strong>’</strong></span> <span class='ocrx_word' id='word_1_6' title='bbox 586 1213 661 1293; x_wconf 91' lang='lat' dir='ltr'><strong>que</strong></span> <span class='ocrx_word' id='word_1_7' title='bbox 678 1186 757 1292; x_wconf 88' lang='lat' dir='ltr'><strong>ipse</strong></span> <span class='ocrx_word' id='word_1_8' title='bbox 769 1183 862 1261; x_wconf 87' lang='lat' dir='ltr'><strong>dicit</strong></span> <span class='ocrx_word' id='word_1_9' title='bbox 872 1210 912 1260; x_wconf 86' lang='lat' dir='ltr'><strong>se</strong></span> <span class='ocrx_word' id='word_1_10' title='bbox 925 1182 1158 1272; x_wconf 78' lang='lat' dir='ltr'><strong>sustinuisse,</strong></span> <span class='ocrx_word' id='word_1_11' title='bbox 1175 1199 1328 1288; x_wconf 89' lang='lat' dir='ltr'><strong>propter</strong></span> <span class='ocrx_word' id='word_1_12' title='bbox 1342 1180 1530 1259; x_wconf 84' lang='lat' dir='ltr'><strong>delectum</strong></span> <span class='ocrx_word' id='word_1_13' title='bbox 1544 1180 1632 1257; x_wconf 90' lang='lat' dir='ltr'><strong>dicti</strong></span> <span class='ocrx_word' id='word_1_14' title='bbox 1646 1181 1828 1259; x_wconf 88' lang='lat' dir='ltr'><strong>Johanuis</strong></span> <span class='ocrx_word' id='word_1_15' title='bbox 1841 1183 1881 1258; x_wconf 89' lang='lat' dir='ltr'><strong>in</strong></span> <span class='ocrx_word' id='word_1_16' title='bbox 1900 1184 2003 1262; x_wconf 85' lang='lat' dir='ltr'><strong>solu·</strong></span> <span class='ocrx_word' id='word_1_17' title='bbox 2042 1193 2171 1249; x_wconf 74' lang='lat' dir='ltr'><strong>Pmrm</strong></span> <span class='ocrx_word' id='word_1_18' title='bbox 2182 1196 2226 1259; x_wconf 74' lang='lat' dir='ltr'><strong>lv,</strong></span> 
     </span>
     <span class='ocr_line' id='line_1_3' title="bbox 586 1286 2166 1420; baseline -0.003 -27"><span class='ocrx_word' id='word_1_19' title='bbox 586 1316 693 1393; x_wconf 90' lang='lat' dir='ltr'><strong>cione</strong></span> <span class='ocrx_word' id='word_1_20' title='bbox 720 1312 841 1392; x_wconf 89' lang='lat' dir='ltr'><strong>debiti</strong></span> <span class='ocrx_word' id='word_1_21' title='bbox 866 1311 1088 1420; x_wconf 88' lang='lat' dir='ltr'><strong>supradicti,</strong></span> <span class='ocrx_word' id='word_1_22' title='bbox 1111 1312 1293 1418; x_wconf 81' lang='lat' dir='ltr'><strong>quociens</strong></span> <span class='ocrx_word' id='word_1_23' title='bbox 1315 1312 1362 1389; x_wconf 89' lang='lat' dir='ltr'><strong>de</strong></span> <span class='ocrx_word' id='word_1_24' title='bbox 1389 1311 1463 1389; x_wconf 89' lang='lat' dir='ltr'><strong>hoe</strong></span> <span class='ocrx_word' id='word_1_25' title='bbox 1491 1309 1673 1417; x_wconf 83' lang='lat' dir='ltr'><strong>conqueri</strong></span> <span class='ocrx_word' id='word_1_26' title='bbox 1699 1308 1876 1401; x_wconf 85' lang='lat' dir='ltr'><strong>voluerit,</strong></span> <span class='ocrx_word' id='word_1_27' title='bbox 1904 1315 2005 1391; x_wconf 88' lang='lat' dir='ltr'><strong>curia</strong></span> <span class='ocrx_word' id='word_1_28' title='bbox 2102 1286 2166 1365; x_wconf 51' lang='grc' dir='ltr'><strong>ω’</strong></span> 
     </span>
     <span class='ocr_line' id='line_1_4' title="bbox 586 1441 2008 1552; baseline -0.001 -29"><span class='ocrx_word' id='word_1_29' title='bbox 586 1462 731 1534; x_wconf 88' lang='lat' dir='ltr'><strong>nostra,</strong></span> <span class='ocrx_word' id='word_1_30' title='bbox 752 1444 889 1523; x_wconf 83' lang='lat' dir='ltr'><strong>vocatis</strong></span> <span class='ocrx_word' id='word_1_31' title='bbox 903 1444 1072 1552; x_wconf 86' lang='lat' dir='ltr'><strong>partibus</strong></span> <span class='ocrx_word' id='word_1_32' title='bbox 1091 1458 1129 1521; x_wconf 88' lang='lat' dir='ltr'><strong>et</strong></span> <span class='ocrx_word' id='word_1_33' title='bbox 1141 1442 1295 1533; x_wconf 88' lang='lat' dir='ltr'><strong>auditis,</strong></span> <span class='ocrx_word' id='word_1_34' title='bbox 1312 1441 1503 1521; x_wconf 83' lang='lat' dir='ltr'><strong>exhibebit</strong></span> <span class='ocrx_word' id='word_1_35' title='bbox 1516 1442 1659 1521; x_wconf 88' lang='lat' dir='ltr'><strong>eisdem</strong></span> <span class='ocrx_word' id='word_1_36' title='bbox 1674 1441 1825 1549; x_wconf 85' lang='lat' dir='ltr'><strong>justicie</strong></span> <span class='ocrx_word' id='word_1_37' title='bbox 1844 1443 2008 1550; x_wconf 85' lang='lat' dir='ltr'><strong>eomple-</strong></span> 
     </span>
     <span class='ocr_line' id='line_1_5' title="bbox 587 1571 2005 1683; baseline -0.003 -30"><span class='ocrx_word' id='word_1_38' title='bbox 587 1592 778 1683; x_wconf 88' lang='lat' dir='ltr'><strong>mentum,</strong></span> <span class='ocrx_word' id='word_1_39' title='bbox 800 1573 898 1652; x_wconf 83' lang='lat' dir='ltr'><strong>salva</strong></span> <span class='ocrx_word' id='word_1_40' title='bbox 922 1574 1082 1653; x_wconf 85' lang='lat' dir='ltr'><strong>emenda</strong></span> <span class='ocrx_word' id='word_1_41' title='bbox 1112 1574 1268 1651; x_wconf 91' lang='lat' dir='ltr'><strong>domino</strong></span> <span class='ocrx_word' id='word_1_42' title='bbox 1291 1574 1383 1681; x_wconf 82' lang='lat' dir='ltr'><strong>Regi</strong></span> <span class='ocrx_word' id='word_1_43' title='bbox 1412 1590 1539 1651; x_wconf 89' lang='lat' dir='ltr'><strong>contra</strong></span> <span class='ocrx_word' id='word_1_44' title='bbox 1566 1573 1748 1651; x_wconf 89' lang='lat' dir='ltr'><strong>Jacobum</strong></span> <span class='ocrx_word' id='word_1_45' title='bbox 1774 1571 2005 1678; x_wconf 90' lang='lat' dir='ltr'><strong>predictum,</strong></span> 
     </span>
     <span class='ocr_line' id='line_1_6' title="bbox 587 1701 1949 1813; baseline -0.004 -30"><span class='ocrx_word' id='word_1_46' title='bbox 587 1706 738 1785; x_wconf 80' lang='lat' dir='ltr'><strong>racione</strong></span> <span class='ocrx_word' id='word_1_47' title='bbox 756 1704 841 1783; x_wconf 85' lang='lat' dir='ltr'><strong>facti</strong></span> <span class='ocrx_word' id='word_1_48' title='bbox 861 1705 1039 1813; x_wconf 80' lang='lat' dir='ltr'><strong>predicti,</strong></span> <span class='ocrx_word' id='word_1_49' title='bbox 1062 1703 1110 1782; x_wconf 92' lang='lat' dir='ltr'><strong>ad</strong></span> <span class='ocrx_word' id='word_1_50' title='bbox 1128 1704 1246 1810; x_wconf 82' lang='lat' dir='ltr'><strong>ipsius</strong></span> <span class='ocrx_word' id='word_1_51' title='bbox 1270 1704 1414 1781; x_wconf 89' lang='lat' dir='ltr'><strong>domini</strong></span> <span class='ocrx_word' id='word_1_52' title='bbox 1434 1702 1546 1810; x_wconf 84' lang='lat' dir='ltr'><strong>Regis</strong></span> <span class='ocrx_word' id='word_1_53' title='bbox 1564 1702 1761 1780; x_wconf 85' lang='lat' dir='ltr'><strong>arbitrium</strong></span> <span class='ocrx_word' id='word_1_54' title='bbox 1780 1701 1949 1779; x_wconf 84' lang='lat' dir='ltr'><strong>taxanda.</strong></span> 
     </span>
    </p>

    <p class='ocr_par' dir='ltr' id='par_1_3' title="bbox 642 1831 1913 1941">
     <span class='ocr_line' id='line_1_7' title="bbox 642 1831 1913 1941; baseline -0.006 -27"><span class='ocrx_word' id='word_1_55' title='bbox 642 1836 741 1914; x_wconf 82' lang='lat' dir='ltr'><strong>Jovis</strong></span> <span class='ocrx_word' id='word_1_56' title='bbox 759 1852 845 1941; x_wconf 88' lang='lat' dir='ltr'><strong>post</strong></span> <span class='ocrx_word' id='word_1_57' title='bbox 859 1834 1279 1941; x_wconf 72' lang='lat' dir='ltr'><strong>Sanctam-Georgium,</strong></span> <span class='ocrx_word' id='word_1_58' title='bbox 1299 1860 1397 1909; x_wconf 91' lang='lat' dir='ltr'><strong>anno</strong></span> <span class='ocrx_word' id='word_1_59' title='bbox 1416 1833 1681 1911; x_wconf 85' lang='lat' dir='ltr'><strong>trecentesimo</strong></span> <span class='ocrx_word' id='word_1_60' title='bbox 1700 1831 1913 1910; x_wconf 86' lang='lat' dir='ltr'><strong>undecimo.</strong></span> 
     </span>
    </p>
   </div>
   <div class='ocr_carea' id='block_1_3' title="bbox 642 1966 1003 2075">
    <p class='ocr_par' dir='ltr' id='par_1_4' title="bbox 642 1966 1003 2075">
     <span class='ocr_line' id='line_1_8' title="bbox 642 1966 1003 2075; baseline -0.014 -30"><span class='ocrx_word' id='word_1_61' title='bbox 642 1967 772 2075; x_wconf 85' lang='lat' dir='ltr'><strong>Voyssi</strong></span> <span class='ocrx_word' id='word_1_62' title='bbox 792 1966 1003 2073; x_wconf 75' lang='lat' dir='ltr'><strong>reportavit.</strong></span> 
     </span>
    </p>
   </div>
   <div class='ocr_carea' id='block_1_4' title="bbox 502 2218 2008 4769">
    <p class='ocr_par' dir='ltr' id='par_1_5' title="bbox 583 2218 2008 4018">
     <span class='ocr_line' id='line_1_9' title="bbox 640 2218 2008 2333; baseline 0.001 -29"><span class='ocrx_word' id='word_1_63' title='bbox 640 2225 745 2304; x_wconf 87' lang='lat' dir='ltr'><strong>CVll.</strong></span> <span class='ocrx_word' id='word_1_64' title='bbox 777 2226 1009 2331; x_wconf 90' lang='lat' dir='ltr'><strong>Cum,super</strong></span> <span class='ocrx_word' id='word_1_65' title='bbox 1023 2218 1249 2331; x_wconf 76' lang='lat' dir='ltr'><strong>quibusdam</strong></span> <span class='ocrx_word' id='word_1_66' title='bbox 1263 2226 1506 2332; x_wconf 86' lang='lat' dir='ltr'><strong>pecuniarum</strong></span> <span class='ocrx_word' id='word_1_67' title='bbox 1516 2226 1947 2333; x_wconf 80' lang='lat' dir='ltr'><strong>summisquaslacobus</strong></span> <span class='ocrx_word' id='word_1_68' title='bbox 1958 2227 2008 2305; x_wconf 90' lang='lat' dir='ltr'><strong>de</strong></span> 
     </span>
     <span class='ocr_line' id='line_1_10' title="bbox 584 2355 2004 2463; baseline 0.001 -29"><span class='ocrx_word' id='word_1_69' title='bbox 584 2356 799 2435; x_wconf 88' lang='lat' dir='ltr'><strong>Chartauta</strong></span> <span class='ocrx_word' id='word_1_70' title='bbox 816 2355 988 2433; x_wconf 90' lang='lat' dir='ltr'><strong>Johanne</strong></span> <span class='ocrx_word' id='word_1_71' title='bbox 1007 2355 1190 2463; x_wconf 90' lang='lat' dir='ltr'><strong>Prepositi</strong></span> <span class='ocrx_word' id='word_1_72' title='bbox 1211 2355 1259 2433; x_wconf 83' lang='lat' dir='ltr'><strong>de</strong></span> <span class='ocrx_word' id='word_1_73' title='bbox 1278 2355 1650 2445; x_wconf 87' lang='lat' dir='ltr'><strong>Castro-Nantbonis,</strong></span> <span class='ocrx_word' id='word_1_74' title='bbox 1669 2382 1714 2432; x_wconf 82' lang='lat' dir='ltr'><strong>ex</strong></span> <span class='ocrx_word' id='word_1_75' title='bbox 1737 2357 1847 2434; x_wconf 85' lang='lat' dir='ltr'><strong>certis</strong></span> <span class='ocrx_word' id='word_1_76' title='bbox 1865 2356 2004 2448; x_wconf 85' lang='lat' dir='ltr'><strong>causis,</strong></span> 
     </span>
     <span class='ocr_line' id='line_1_11' title="bbox 584 2484 2003 2593; baseline 0 -28"><span class='ocrx_word' id='word_1_77' title='bbox 584 2486 761 2593; x_wconf 82' lang='lat' dir='ltr'><strong>pecierat,</strong></span> <span class='ocrx_word' id='word_1_78' title='bbox 781 2485 881 2562; x_wconf 89' lang='lat' dir='ltr'><strong>dicto</strong></span> <span class='ocrx_word' id='word_1_79' title='bbox 895 2484 1066 2562; x_wconf 84' lang='lat' dir='ltr'><strong>lohanne</strong></span> <span class='ocrx_word' id='word_1_80' title='bbox 1086 2484 1322 2562; x_wconf 86' lang='lat' dir='ltr'><strong>solucionem</strong></span> <span class='ocrx_word' id='word_1_81' title='bbox 1337 2485 1543 2592; x_wconf 88' lang='lat' dir='ltr'><strong>plenariam</strong></span> <span class='ocrx_word' id='word_1_82' title='bbox 1559 2502 1772 2593; x_wconf 87' lang='lat' dir='ltr'><strong>opponente</strong></span> <span class='ocrx_word' id='word_1_83' title='bbox 1789 2514 1904 2593; x_wconf 87' lang='lat' dir='ltr'><strong>super</strong></span> <span class='ocrx_word' id='word_1_84' title='bbox 1915 2488 2003 2577; x_wconf 90' lang='lat' dir='ltr'><strong>hoc,</strong></span> 
     </span>
     <span class='ocr_line' id='line_1_12' title="bbox 586 2612 2006 2721; baseline 0 -29"><span class='ocrx_word' id='word_1_85' title='bbox 586 2615 752 2721; x_wconf 86' lang='lat' dir='ltr'><strong>partibus</strong></span> <span class='ocrx_word' id='word_1_86' title='bbox 765 2614 914 2704; x_wconf 89' lang='lat' dir='ltr'><strong>auditis,</strong></span> <span class='ocrx_word' id='word_1_87' title='bbox 928 2614 1089 2705; x_wconf 87' lang='lat' dir='ltr'><strong>testibus</strong></span> <span class='ocrx_word' id='word_1_88' title='bbox 1102 2614 1272 2720; x_wconf 85' lang='lat' dir='ltr'><strong>receptis,</strong></span> <span class='ocrx_word' id='word_1_89' title='bbox 1288 2614 1449 2721; x_wconf 84' lang='lat' dir='ltr'><strong>visisque</strong></span> <span class='ocrx_word' id='word_1_90' title='bbox 1464 2612 1771 2720; x_wconf 87' lang='lat' dir='ltr'><strong>deposicionibus</strong></span> <span class='ocrx_word' id='word_1_91' title='bbox 1784 2617 2006 2694; x_wconf 86' lang='lat' dir='ltr'><strong>eorumdem</strong></span> 
     </span>
     <span class='ocr_line' id='line_1_13' title="bbox 586 2743 2007 2851; baseline -0.001 -30"><span class='ocrx_word' id='word_1_92' title='bbox 586 2762 623 2821; x_wconf 89' lang='lat' dir='ltr'><strong>et</strong></span> <span class='ocrx_word' id='word_1_93' title='bbox 641 2744 777 2822; x_wconf 86' lang='lat' dir='ltr'><strong>litteris</strong></span> <span class='ocrx_word' id='word_1_94' title='bbox 793 2756 831 2821; x_wconf 86' lang='lat' dir='ltr'><strong>et</strong></span> <span class='ocrx_word' id='word_1_95' title='bbox 844 2743 1106 2822; x_wconf 86' lang='lat' dir='ltr'><strong>instrumentis</strong></span> <span class='ocrx_word' id='word_1_96' title='bbox 1119 2770 1234 2849; x_wconf 83' lang='lat' dir='ltr'><strong>super</strong></span> <span class='ocrx_word' id='word_1_97' title='bbox 1247 2744 1321 2821; x_wconf 93' lang='lat' dir='ltr'><strong>hoc</strong></span> <span class='ocrx_word' id='word_1_98' title='bbox 1339 2771 1361 2820; x_wconf 89' lang='lat' dir='ltr'><strong>a</strong></span> <span class='ocrx_word' id='word_1_99' title='bbox 1380 2744 1491 2820; x_wconf 87' lang='lat' dir='ltr'><strong>dictis</strong></span> <span class='ocrx_word' id='word_1_100' title='bbox 1509 2743 1680 2850; x_wconf 84' lang='lat' dir='ltr'><strong>partibus</strong></span> <span class='ocrx_word' id='word_1_101' title='bbox 1696 2743 1908 2851; x_wconf 88' lang='lat' dir='ltr'><strong>productis,</strong></span> <span class='ocrx_word' id='word_1_102' title='bbox 1928 2772 2007 2822; x_wconf 89' lang='lat' dir='ltr'><strong>cer·</strong></span> 
     </span>
     <span class='ocr_line' id='line_1_14' title="bbox 584 2872 2006 2983; baseline -0.001 -31"><span class='ocrx_word' id='word_1_103' title='bbox 584 2894 666 2952; x_wconf 90' lang='lat' dir='ltr'><strong>tum</strong></span> <span class='ocrx_word' id='word_1_104' title='bbox 682 2873 894 2983; x_wconf 87' lang='lat' dir='ltr'><strong>judicatum</strong></span> <span class='ocrx_word' id='word_1_105' title='bbox 917 2902 987 2979; x_wconf 88' lang='lat' dir='ltr'><strong>per</strong></span> <span class='ocrx_word' id='word_1_106' title='bbox 1002 2873 1144 2951; x_wconf 90' lang='lat' dir='ltr'><strong>curiam</strong></span> <span class='ocrx_word' id='word_1_107' title='bbox 1167 2889 1349 2966; x_wconf 87' lang='lat' dir='ltr'><strong>nostram,</strong></span> <span class='ocrx_word' id='word_1_108' title='bbox 1367 2873 1406 2949; x_wconf 92' lang='lat' dir='ltr'><strong>in</strong></span> <span class='ocrx_word' id='word_1_109' title='bbox 1428 2872 1661 2979; x_wconf 87' lang='lat' dir='ltr'><strong>parlamento</strong></span> <span class='ocrx_word' id='word_1_110' title='bbox 1680 2874 1865 2981; x_wconf 81' lang='lat' dir='ltr'><strong>presenti,</strong></span> <span class='ocrx_word' id='word_1_111' title='bbox 1888 2875 2006 2953; x_wconf 88' lang='lat' dir='ltr'><strong>latum</strong></span> 
     </span>
     <span class='ocr_line' id='line_1_15' title="bbox 585 3002 2004 3109; baseline 0 -28"><span class='ocrx_word' id='word_1_112' title='bbox 585 3002 715 3083; x_wconf 88' lang='lat' dir='ltr'><strong>luisset</strong></span> <span class='ocrx_word' id='word_1_113' title='bbox 742 3030 810 3109; x_wconf 92' lang='lat' dir='ltr'><strong>pro</strong></span> <span class='ocrx_word' id='word_1_114' title='bbox 833 3002 935 3081; x_wconf 90' lang='lat' dir='ltr'><strong>&#39;dicto</strong></span> <span class='ocrx_word' id='word_1_115' title='bbox 962 3002 1131 3081; x_wconf 76' lang='lat' dir='ltr'><strong>iohanne</strong></span> <span class='ocrx_word' id='word_1_116' title='bbox 1159 3020 1286 3081; x_wconf 86' lang='lat' dir='ltr'><strong>contra</strong></span> <span class='ocrx_word' id='word_1_117' title='bbox 1310 3003 1491 3081; x_wconf 90' lang='lat' dir='ltr'><strong>Jacobum</strong></span> <span class='ocrx_word' id='word_1_118' title='bbox 1519 3003 1754 3109; x_wconf 89' lang='lat' dir='ltr'><strong>predictum,</strong></span> <span class='ocrx_word' id='word_1_119' title='bbox 1782 3020 1821 3081; x_wconf 89' lang='lat' dir='ltr'><strong>et</strong></span> <span class='ocrx_word' id='word_1_120' title='bbox 1849 3003 2004 3092; x_wconf 87' lang='lat' dir='ltr'><strong>deinde,</strong></span> 
     </span>
     <span class='ocr_line' id='line_1_16' title="bbox 585 3132 2006 3239; baseline 0.001 -29"><span class='ocrx_word' id='word_1_121' title='bbox 585 3134 686 3212; x_wconf 84' lang='lat' dir='ltr'><strong>dioto</strong></span> <span class='ocrx_word' id='word_1_122' title='bbox 710 3133 851 3211; x_wconf 89' lang='lat' dir='ltr'><strong>Jacobo</strong></span> <span class='ocrx_word' id='word_1_123' title='bbox 881 3133 1039 3219; x_wconf 89' lang='lat' dir='ltr'><strong>domino</strong></span> <span class='ocrx_word' id='word_1_124' title='bbox 1062 3132 1153 3239; x_wconf 84' lang='lat' dir='ltr'><strong>Regi</strong></span> <span class='ocrx_word' id='word_1_125' title='bbox 1180 3149 1370 3211; x_wconf 76' lang='lat' dir='ltr'><strong>asserente</strong></span> <span class='ocrx_word' id='word_1_126' title='bbox 1401 3132 1543 3210; x_wconf 87' lang='lat' dir='ltr'><strong>curiam</strong></span> <span class='ocrx_word' id='word_1_127' title='bbox 1569 3134 1775 3239; x_wconf 87' lang='lat' dir='ltr'><strong>predictam</strong></span> <span class='ocrx_word' id='word_1_128' title='bbox 1806 3162 1947 3213; x_wconf 85' lang='lat' dir='ltr'><strong>errasse</strong></span> <span class='ocrx_word' id='word_1_129' title='bbox 1966 3136 2006 3211; x_wconf 91' lang='lat' dir='ltr'><strong>in</strong></span> 
     </span>
     <span class='ocr_line' id='line_1_17' title="bbox 584 3262 2008 3372; baseline -0.001 -29"><span class='ocrx_word' id='word_1_130' title='bbox 584 3281 760 3372; x_wconf 90' lang='lat' dir='ltr'><strong>compoto</strong></span> <span class='ocrx_word' id='word_1_131' title='bbox 776 3263 961 3342; x_wconf 82' lang='lat' dir='ltr'><strong>dictarum</strong></span> <span class='ocrx_word' id='word_1_132' title='bbox 985 3263 1153 3371; x_wconf 89' lang='lat' dir='ltr'><strong>parcium</strong></span> <span class='ocrx_word' id='word_1_133' title='bbox 1172 3290 1285 3368; x_wconf 88' lang='lat' dir='ltr'><strong>super</strong></span> <span class='ocrx_word' id='word_1_134' title='bbox 1303 3264 1377 3341; x_wconf 93' lang='lat' dir='ltr'><strong>hoc</strong></span> <span class='ocrx_word' id='word_1_135' title='bbox 1396 3262 1604 3351; x_wconf 89' lang='lat' dir='ltr'><strong>audiendo,</strong></span> <span class='ocrx_word' id='word_1_136' title='bbox 1626 3280 1664 3340; x_wconf 89' lang='lat' dir='ltr'><strong>et</strong></span> <span class='ocrx_word' id='word_1_137' title='bbox 1683 3263 1836 3342; x_wconf 87' lang='lat' dir='ltr'><strong>obtenta</strong></span> <span class='ocrx_word' id='word_1_138' title='bbox 1853 3263 2008 3343; x_wconf 88' lang='lat' dir='ltr'><strong>licencia</strong></span> 
     </span>
     <span class='ocr_line' id='line_1_18' title="bbox 583 3393 2008 3503; baseline 0 -30"><span class='ocrx_word' id='word_1_139' title='bbox 583 3395 687 3503; x_wconf 89' lang='lat' dir='ltr'><strong>qnod</strong></span> <span class='ocrx_word' id='word_1_140' title='bbox 700 3394 835 3473; x_wconf 88' lang='lat' dir='ltr'><strong>iterato</strong></span> <span class='ocrx_word' id='word_1_141' title='bbox 849 3394 1019 3473; x_wconf 86' lang='lat' dir='ltr'><strong>raciones</strong></span> <span class='ocrx_word' id='word_1_142' title='bbox 1038 3394 1120 3501; x_wconf 87' lang='lat' dir='ltr'><strong>ejus</strong></span> <span class='ocrx_word' id='word_1_143' title='bbox 1133 3420 1248 3499; x_wconf 91' lang='lat' dir='ltr'><strong>super</strong></span> <span class='ocrx_word' id='word_1_144' title='bbox 1260 3393 1333 3472; x_wconf 90' lang='lat' dir='ltr'><strong>hoc</strong></span> <span class='ocrx_word' id='word_1_145' title='bbox 1348 3394 1571 3471; x_wconf 86' lang='lat' dir='ltr'><strong>audirentur</strong></span> <span class='ocrx_word' id='word_1_146' title='bbox 1584 3423 1594 3467; x_wconf 75' lang='lat' dir='ltr'><strong>a</strong></span> <span class='ocrx_word' id='word_1_147' title='bbox 1607 3393 1755 3472; x_wconf 83' lang='lat' dir='ltr'><strong>Vocatis</strong></span> <span class='ocrx_word' id='word_1_148' title='bbox 1767 3394 1883 3501; x_wconf 86' lang='lat' dir='ltr'><strong>igitur</strong></span> <span class='ocrx_word' id='word_1_149' title='bbox 1897 3395 2008 3473; x_wconf 87' lang='lat' dir='ltr'><strong>dictis</strong></span> 
     </span>
     <span class='ocr_line' id='line_1_19' title="bbox 583 3510 2006 3632; baseline -0.001 -28"><span class='ocrx_word' id='word_1_150' title='bbox 583 3526 772 3631; x_wconf 83' lang='lat' dir='ltr'><strong>partibus,</strong></span> <span class='ocrx_word' id='word_1_151' title='bbox 794 3540 833 3601; x_wconf 87' lang='lat' dir='ltr'><strong>et</strong></span> <span class='ocrx_word' id='word_1_152' title='bbox 851 3510 989 3602; x_wconf 80' lang='lat' dir='ltr'><strong>auditis</strong></span> <span class='ocrx_word' id='word_1_153' title='bbox 1006 3520 1142 3601; x_wconf 87' lang='lat' dir='ltr'><strong>iterato</strong></span> <span class='ocrx_word' id='word_1_154' title='bbox 1160 3522 1341 3601; x_wconf 89' lang='lat' dir='ltr'><strong>omnibus</strong></span> <span class='ocrx_word' id='word_1_155' title='bbox 1353 3548 1427 3629; x_wconf 87' lang='lat' dir='ltr'><strong>que</strong></span> <span class='ocrx_word' id='word_1_156' title='bbox 1444 3524 1543 3600; x_wconf 88' lang='lat' dir='ltr'><strong>dicte</strong></span> <span class='ocrx_word' id='word_1_157' title='bbox 1558 3541 1683 3628; x_wconf 84' lang='lat' dir='ltr'><strong>partes</strong></span> <span class='ocrx_word' id='word_1_158' title='bbox 1702 3524 1791 3601; x_wconf 86' lang='lat' dir='ltr'><strong>hinc</strong></span> <span class='ocrx_word' id='word_1_159' title='bbox 1810 3525 1899 3602; x_wconf 92' lang='lat' dir='ltr'><strong>inde</strong></span> <span class='ocrx_word' id='word_1_160' title='bbox 1916 3553 2006 3632; x_wconf 88' lang='lat' dir='ltr'><strong>pro·</strong></span> 
     </span>
     <span class='ocr_line' id='line_1_20' title="bbox 585 3652 2007 3759; baseline -0.001 -27"><span class='ocrx_word' id='word_1_161' title='bbox 585 3681 724 3758; x_wconf 88' lang='lat' dir='ltr'><strong>ponere</strong></span> <span class='ocrx_word' id='word_1_162' title='bbox 743 3653 961 3743; x_wconf 88' lang='lat' dir='ltr'><strong>voluerunt,</strong></span> <span class='ocrx_word' id='word_1_163' title='bbox 984 3668 1022 3731; x_wconf 87' lang='lat' dir='ltr'><strong>et</strong></span> <span class='ocrx_word' id='word_1_164' title='bbox 1040 3652 1318 3729; x_wconf 85' lang='lat' dir='ltr'><strong>deliberacione</strong></span> <span class='ocrx_word' id='word_1_165' title='bbox 1338 3653 1467 3730; x_wconf 90' lang='lat' dir='ltr'><strong>habita</strong></span> <span class='ocrx_word' id='word_1_166' title='bbox 1490 3680 1603 3758; x_wconf 83' lang='lat' dir='ltr'><strong>super</strong></span> <span class='ocrx_word' id='word_1_167' title='bbox 1629 3652 1703 3729; x_wconf 89' lang='lat' dir='ltr'><strong>hiis</strong></span> <span class='ocrx_word' id='word_1_168' title='bbox 1725 3652 1916 3759; x_wconf 82' lang='lat' dir='ltr'><strong>diligenti,</strong></span> <span class='ocrx_word' id='word_1_169' title='bbox 1937 3682 2007 3758; x_wconf 87' lang='lat' dir='ltr'><strong>per</strong></span> 
     </span>
     <span class='ocr_line' id='line_1_21' title="bbox 585 3779 2008 3887; baseline 0.001 -30"><span class='ocrx_word' id='word_1_170' title='bbox 585 3798 767 3859; x_wconf 88' lang='lat' dir='ltr'><strong>arrestum</strong></span> <span class='ocrx_word' id='word_1_171' title='bbox 787 3797 915 3858; x_wconf 87' lang='lat' dir='ltr'><strong>nostre</strong></span> <span class='ocrx_word' id='word_1_172' title='bbox 929 3780 1049 3870; x_wconf 89' lang='lat' dir='ltr'><strong>curio,</strong></span> <span class='ocrx_word' id='word_1_173' title='bbox 1068 3780 1211 3860; x_wconf 91' lang='lat' dir='ltr'><strong>dictum</strong></span> <span class='ocrx_word' id='word_1_174' title='bbox 1224 3780 1295 3859; x_wconf 86' lang='lat' dir='ltr'><strong>luit</strong></span> <span class='ocrx_word' id='word_1_175' title='bbox 1315 3781 1438 3886; x_wconf 90' lang='lat' dir='ltr'><strong>quod,</strong></span> <span class='ocrx_word' id='word_1_176' title='bbox 1454 3808 1533 3859; x_wconf 90' lang='lat' dir='ltr'><strong>uon</strong></span> <span class='ocrx_word' id='word_1_177' title='bbox 1551 3779 1788 3858; x_wconf 86' lang='lat' dir='ltr'><strong>obstantibus</strong></span> <span class='ocrx_word' id='word_1_178' title='bbox 1806 3782 2008 3887; x_wconf 86' lang='lat' dir='ltr'><strong>propositis</strong></span> 
     </span>
     <span class='ocr_line' id='line_1_22' title="bbox 587 3908 2005 4018; baseline 0.001 -31"><span class='ocrx_word' id='word_1_179' title='bbox 587 3938 629 3987; x_wconf 84' lang='lat' dir='ltr'><strong>ex</strong></span> <span class='ocrx_word' id='word_1_180' title='bbox 651 3926 754 4018; x_wconf 89' lang='lat' dir='ltr'><strong>parte</strong></span> <span class='ocrx_word' id='word_1_181' title='bbox 774 3909 863 3986; x_wconf 90' lang='lat' dir='ltr'><strong>dieti</strong></span> <span class='ocrx_word' id='word_1_182' title='bbox 883 3909 1030 3998; x_wconf 81' lang='lat' dir='ltr'><strong>Jacobi,</strong></span> <span class='ocrx_word' id='word_1_183' title='bbox 1052 3908 1266 4015; x_wconf 88' lang='lat' dir='ltr'><strong>predictum</strong></span> <span class='ocrx_word' id='word_1_184' title='bbox 1282 3908 1511 4018; x_wconf 85' lang='lat' dir='ltr'><strong>judicatum,</strong></span> <span class='ocrx_word' id='word_1_185' title='bbox 1531 3926 1661 3989; x_wconf 85' lang='lat' dir='ltr'><strong>contra</strong></span> <span class='ocrx_word' id='word_1_186' title='bbox 1680 3910 1806 4017; x_wconf 85' lang='lat' dir='ltr'><strong>ipsum</strong></span> <span class='ocrx_word' id='word_1_187' title='bbox 1823 3910 2005 3989; x_wconf 75' lang='lat' dir='ltr'><strong>iacobum</strong></span> 
     </span>
    </p>

    <p class='ocr_par' dir='ltr' id='par_1_6' title="bbox 523 4037 2006 4150">
     <span class='ocr_line' id='line_1_23' title="bbox 523 4037 2006 4150; baseline 0.001 -33"><span class='ocrx_word' id='word_1_188' title='bbox 523 4110 527 4117; x_wconf 89' lang='lat'>.</span> <span class='ocrx_word' id='word_1_189' title='bbox 585 4066 654 4147; x_wconf 94' lang='lat' dir='ltr'><strong>pro</strong></span> <span class='ocrx_word' id='word_1_190' title='bbox 667 4039 775 4116; x_wconf 89' lang='lat' dir='ltr'><strong>dicto</strong></span> <span class='ocrx_word' id='word_1_191' title='bbox 799 4037 968 4117; x_wconf 72' lang='lat' dir='ltr'><strong>iohanne</strong></span> <span class='ocrx_word' id='word_1_192' title='bbox 993 4038 1129 4126; x_wconf 89' lang='lat' dir='ltr'><strong>latum,</strong></span> <span class='ocrx_word' id='word_1_193' title='bbox 1150 4054 1272 4115; x_wconf 90' lang='lat' dir='ltr'><strong>ratum</strong></span> <span class='ocrx_word' id='word_1_194' title='bbox 1297 4038 1466 4117; x_wconf 86' lang='lat' dir='ltr'><strong>manebit</strong></span> <span class='ocrx_word' id='word_1_195' title='bbox 1485 4056 1523 4117; x_wconf 88' lang='lat' dir='ltr'><strong>et</strong></span> <span class='ocrx_word' id='word_1_196' title='bbox 1540 4039 1717 4130; x_wconf 86' lang='lat' dir='ltr'><strong>firmum,</strong></span> <span class='ocrx_word' id='word_1_197' title='bbox 1740 4058 1841 4118; x_wconf 79' lang='lat' dir='ltr'><strong>etex</strong></span> <span class='ocrx_word' id='word_1_198' title='bbox 1860 4042 2006 4150; x_wconf 81' lang='lat' dir='ltr'><strong>integro</strong></span> 
     </span>
    </p>

    <p class='ocr_par' dir='ltr' id='par_1_7' title="bbox 586 4167 2007 4280">
     <span class='ocr_line' id='line_1_24' title="bbox 586 4167 2007 4280; baseline 0.003 -33"><span class='ocrx_word' id='word_1_199' title='bbox 586 4168 826 4247; x_wconf 84' lang='lat' dir='ltr'><strong>mandabitur</strong></span> <span class='ocrx_word' id='word_1_200' title='bbox 839 4168 1071 4259; x_wconf 80' lang='lat' dir='ltr'><strong>execucioni,</strong></span> <span class='ocrx_word' id='word_1_201' title='bbox 1083 4184 1122 4245; x_wconf 90' lang='lat' dir='ltr'><strong>et</strong></span> <span class='ocrx_word' id='word_1_202' title='bbox 1132 4168 1240 4275; x_wconf 92' lang='lat' dir='ltr'><strong>quod</strong></span> <span class='ocrx_word' id='word_1_203' title='bbox 1255 4167 1376 4247; x_wconf 88' lang='lat' dir='ltr'><strong>dictus</strong></span> <span class='ocrx_word' id='word_1_204' title='bbox 1389 4169 1548 4249; x_wconf 84' lang='lat' dir='ltr'><strong>lacobus</strong></span> <span class='ocrx_word' id='word_1_205' title='bbox 1560 4170 1635 4247; x_wconf 89' lang='lat' dir='ltr'><strong>hoc</strong></span> <span class='ocrx_word' id='word_1_206' title='bbox 1648 4167 1881 4263; x_wconf 81' lang='lat' dir='ltr'><strong>emendabit3</strong></span> <span class='ocrx_word' id='word_1_207' title='bbox 1896 4171 2007 4280; x_wconf 84' lang='lat' dir='ltr'><strong>cujus</strong></span> 
     </span>
    </p>

    <p class='ocr_par' dir='ltr' id='par_1_8' title="bbox 502 4297 2006 4508">
     <span class='ocr_line' id='line_1_25' title="bbox 502 4297 2006 4411; baseline 0.002 -34"><span class='ocrx_word' id='word_1_208' title='bbox 502 4384 506 4389; x_wconf 60' lang='grc'><strong>,</strong></span> <span class='ocrx_word' id='word_1_209' title='bbox 585 4299 748 4377; x_wconf 83' lang='lat' dir='ltr'><strong>emendo</strong></span> <span class='ocrx_word' id='word_1_210' title='bbox 761 4300 994 4377; x_wconf 77' lang='lat' dir='ltr'><strong>taracionem</strong></span> <span class='ocrx_word' id='word_1_211' title='bbox 1011 4297 1061 4377; x_wconf 83' lang='lat' dir='ltr'><strong>ad</strong></span> <span class='ocrx_word' id='word_1_212' title='bbox 1078 4298 1309 4377; x_wconf 85' lang='lat' dir='ltr'><strong>voluntatem</strong></span> <span class='ocrx_word' id='word_1_213' title='bbox 1330 4299 1475 4378; x_wconf 90' lang='lat' dir='ltr'><strong>domini</strong></span> <span class='ocrx_word' id='word_1_214' title='bbox 1487 4300 1598 4407; x_wconf 83' lang='lat' dir='ltr'><strong>Regis</strong></span> <span class='ocrx_word' id='word_1_215' title='bbox 1617 4302 1720 4379; x_wconf 89' lang='lat' dir='ltr'><strong>curia</strong></span> <span class='ocrx_word' id='word_1_216' title='bbox 1738 4319 1865 4381; x_wconf 86' lang='lat' dir='ltr'><strong>nostra</strong></span> <span class='ocrx_word' id='word_1_217' title='bbox 1885 4330 2006 4411; x_wconf 77' lang='lat' dir='ltr'><strong>reser-</strong></span> 
     </span>
     <span class='ocr_line' id='line_1_26' title="bbox 586 4432 691 4508; baseline -0.019 -1"><span class='ocrx_word' id='word_1_218' title='bbox 586 4432 691 4508; x_wconf 85' lang='lat' dir='ltr'><strong>vavit.</strong></span> 
     </span>
    </p>

    <p class='ocr_par' dir='ltr' id='par_1_9' title="bbox 585 4557 2005 4769">
     <span class='ocr_line' id='line_1_27' title="bbox 643 4557 2005 4669; baseline 0.003 -32"><span class='ocrx_word' id='word_1_219' title='bbox 643 4559 778 4637; x_wconf 85' lang='lat' dir='ltr'><strong>Actum</strong></span> <span class='ocrx_word' id='word_1_220' title='bbox 797 4558 838 4636; x_wconf 92' lang='lat' dir='ltr'><strong>in</strong></span> <span class='ocrx_word' id='word_1_221' title='bbox 857 4560 970 4669; x_wconf 85' lang='lat' dir='ltr'><strong>regali</strong></span> <span class='ocrx_word' id='word_1_222' title='bbox 990 4557 1142 4637; x_wconf 84' lang='lat' dir='ltr'><strong>abbacia</strong></span> <span class='ocrx_word' id='word_1_223' title='bbox 1161 4558 1270 4638; x_wconf 88' lang='lat' dir='ltr'><strong>beate</strong></span> <span class='ocrx_word' id='word_1_224' title='bbox 1289 4558 1404 4639; x_wconf 89' lang='lat' dir='ltr'><strong>Marie</strong></span> <span class='ocrx_word' id='word_1_225' title='bbox 1418 4561 1525 4667; x_wconf 81' lang='lat' dir='ltr'><strong>juxta</strong></span> <span class='ocrx_word' id='word_1_226' title='bbox 1537 4560 1780 4653; x_wconf 77' lang='lat' dir='ltr'><strong>Ponticarum,</strong></span> <span class='ocrx_word' id='word_1_227' title='bbox 1799 4562 1900 4641; x_wconf 82' lang='lat' dir='ltr'><strong>lovis</strong></span> <span class='ocrx_word' id='word_1_228' title='bbox 1918 4580 2005 4641; x_wconf 87' lang='lat' dir='ltr'><strong>ante</strong></span> 
     </span>
     <span class='ocr_line' id='line_1_28' title="bbox 585 4688 1488 4769; baseline 0.001 -3"><span class='ocrx_word' id='word_1_229' title='bbox 585 4690 858 4769; x_wconf 88' lang='lat' dir='ltr'><strong>Pentheoosten</strong></span> <span class='ocrx_word' id='word_1_230' title='bbox 878 4718 976 4769; x_wconf 90' lang='lat' dir='ltr'><strong>anno</strong></span> <span class='ocrx_word' id='word_1_231' title='bbox 995 4688 1260 4769; x_wconf 87' lang='lat' dir='ltr'><strong>trecentesimo</strong></span> <span class='ocrx_word' id='word_1_232' title='bbox 1272 4689 1488 4768; x_wconf 78' lang='lat' dir='ltr'><strong>undecimo</strong></span> 
     </span>
    </p>
   </div>
   <div class='ocr_carea' id='block_1_5' title="bbox 583 4948 2004 5452">
    <p class='ocr_par' dir='ltr' id='par_1_10' title="bbox 583 4948 2004 5452">
     <span class='ocr_line' id='line_1_29' title="bbox 642 4948 2004 5057; baseline 0.003 -31"><span class='ocrx_word' id='word_1_233' title='bbox 642 4948 765 5029; x_wconf 89' lang='lat' dir='ltr'><strong>CVlIl.</strong></span> <span class='ocrx_word' id='word_1_234' title='bbox 787 4948 901 5042; x_wconf 92' lang='lat' dir='ltr'><strong>Cum,</strong></span> <span class='ocrx_word' id='word_1_235' title='bbox 933 4949 972 5027; x_wconf 89' lang='lat' dir='ltr'><strong>in</strong></span> <span class='ocrx_word' id='word_1_236' title='bbox 1001 4976 1110 5029; x_wconf 85' lang='lat' dir='ltr'><strong>causa</strong></span> <span class='ocrx_word' id='word_1_237' title='bbox 1136 4950 1326 5057; x_wconf 87' lang='lat' dir='ltr'><strong>pendente</strong></span> <span class='ocrx_word' id='word_1_238' title='bbox 1349 4978 1474 5029; x_wconf 88' lang='lat' dir='ltr'><strong>coram</strong></span> <span class='ocrx_word' id='word_1_239' title='bbox 1502 4950 1724 5029; x_wconf 85' lang='lat' dir='ltr'><strong>custodibus</strong></span> <span class='ocrx_word' id='word_1_240' title='bbox 1747 4951 2004 5030; x_wconf 87' lang='lat' dir='ltr'><strong>nundinarum</strong></span> 
     </span>
     <span class='ocr_line' id='line_1_30' title="bbox 584 5048 2004 5187; baseline 0.001 -30"><span class='ocrx_word' id='word_1_241' title='bbox 584 5078 929 5187; x_wconf 84' lang='lat' dir='ltr'><strong>Campanie,&#39;super</strong></span> <span class='ocrx_word' id='word_1_242' title='bbox 941 5048 1104 5187; x_wconf 76' lang='lat' dir='ltr'><strong>quddam</strong></span> <span class='ocrx_word' id='word_1_243' title='bbox 1118 5080 1277 5187; x_wconf 81' lang='lat' dir='ltr'><strong>pecunie</strong></span> <span class='ocrx_word' id='word_1_244' title='bbox 1291 5083 1508 5187; x_wconf 85' lang='lat' dir='ltr'><strong>quantitate,</strong></span> <span class='ocrx_word' id='word_1_245' title='bbox 1525 5082 1625 5159; x_wconf 87' lang='lat' dir='ltr'><strong>inter</strong></span> <span class='ocrx_word' id='word_1_246' title='bbox 1641 5082 1875 5164; x_wconf 78' lang='lat' dir='ltr'><strong>Bernardum</strong></span> <span class='ocrx_word' id='word_1_247' title='bbox 1892 5082 2004 5160; x_wconf 79' lang='lat' dir='ltr'><strong>d&#39;An-</strong></span> 
     </span>
     <span class='ocr_line' id='line_1_31' title="bbox 583 5209 2004 5319; baseline -0.001 -33"><span class='ocrx_word' id='word_1_248' title='bbox 583 5209 777 5313; x_wconf 81' lang='lat' dir='ltr'><strong>goissolle,</strong></span> <span class='ocrx_word' id='word_1_249' title='bbox 797 5239 840 5287; x_wconf 82' lang='lat' dir='ltr'><strong>ex</strong></span> <span class='ocrx_word' id='word_1_250' title='bbox 856 5239 932 5289; x_wconf 88' lang='lat' dir='ltr'><strong>una</strong></span> <span class='ocrx_word' id='word_1_251' title='bbox 945 5229 1067 5319; x_wconf 84' lang='lat' dir='ltr'><strong>parte,</strong></span> <span class='ocrx_word' id='word_1_252' title='bbox 1084 5228 1123 5289; x_wconf 90' lang='lat' dir='ltr'><strong>et</strong></span> <span class='ocrx_word' id='word_1_253' title='bbox 1141 5211 1351 5291; x_wconf 72' lang='lat' dir='ltr'><strong>iohannem</strong></span> <span class='ocrx_word' id='word_1_254' title='bbox 1371 5214 1508 5303; x_wconf 89' lang='lat' dir='ltr'><strong>Cristo,</strong></span> <span class='ocrx_word' id='word_1_255' title='bbox 1531 5242 1575 5289; x_wconf 82' lang='lat' dir='ltr'><strong>ex</strong></span> <span class='ocrx_word' id='word_1_256' title='bbox 1594 5212 1727 5302; x_wconf 90' lang='lat' dir='ltr'><strong>altera,</strong></span> <span class='ocrx_word' id='word_1_257' title='bbox 1743 5214 1846 5291; x_wconf 91' lang='lat' dir='ltr'><strong>idem</strong></span> <span class='ocrx_word' id='word_1_258' title='bbox 1863 5212 2004 5289; x_wconf 81' lang='lat' dir='ltr'><strong>lohan-</strong></span> 
     </span>
     <span class='ocr_line' id='line_1_32' title="bbox 585 5341 2003 5452; baseline 0.003 -40"><span class='ocrx_word' id='word_1_259' title='bbox 585 5364 667 5427; x_wconf 88' lang='lat' dir='ltr'><strong>nes,</strong></span> <span class='ocrx_word' id='word_1_260' title='bbox 694 5341 865 5446; x_wconf 88' lang='lat' dir='ltr'><strong>predicto</strong></span> <span class='ocrx_word' id='word_1_261' title='bbox 889 5344 1095 5433; x_wconf 79' lang='lat' dir='ltr'><strong>bernardo,</strong></span> <span class='ocrx_word' id='word_1_262' title='bbox 1122 5344 1162 5421; x_wconf 94' lang='lat' dir='ltr'><strong>in</strong></span> <span class='ocrx_word' id='word_1_263' title='bbox 1189 5344 1361 5452; x_wconf 83' lang='lat' dir='ltr'><strong>nogentis</strong></span> <span class='ocrx_word' id='word_1_264' title='bbox 1386 5345 1538 5451; x_wconf 84' lang='lat' dir='ltr'><strong>triginta</strong></span> <span class='ocrx_word' id='word_1_265' title='bbox 1561 5344 1683 5425; x_wconf 87' lang='lat' dir='ltr'><strong>tribus</strong></span> <span class='ocrx_word' id='word_1_266' title='bbox 1713 5344 1819 5421; x_wconf 88' lang='lat' dir='ltr'><strong>libris</strong></span> <span class='ocrx_word' id='word_1_267' title='bbox 1840 5358 1881 5417; x_wconf 91' lang='lat' dir='ltr'><strong>et</strong></span> <span class='ocrx_word' id='word_1_268' title='bbox 1910 5367 2003 5446; x_wconf 86' lang='lat' dir='ltr'><strong>qua·</strong></span> 
     </span>
    </p>
   </div>
   <div class='ocr_carea' id='block_1_6' title="bbox 0 0 2914 7286">
    <p class='ocr_par' dir='ltr' id='par_1_11' title="bbox 0 0 2914 7286">
     <span class='ocr_line' id='line_1_33' title="bbox 0 0 2914 7286; baseline 0 0"><span class='ocrx_word' id='word_1_269' title='bbox 0 0 2914 7286; x_wconf 95' lang='lat' dir='ltr'><strong> </strong></span> 
     </span>
    </p>
   </div>
  </div>
 </body>
</html>
