5817 7292
1012 1070 1278 1181 nuootrns
1304 1093 1368 1165 nr
1395 1072 1601 1166 enonas.
1939 1088 2017 1163 ssa

599 1232 701 1311 curie
717 1248 845 1310 nostre
853 1231 1057 1340 judicium,
1071 1232 1213 1311 dictum
1225 1231 1298 1311 luit
1308 1234 1411 1340 quod
1425 1233 1553 1310 omnia
1567 1246 1784 1336 attemptata
1795 1256 1863 1335 per
1873 1228 2017 1307 dictum
2055 1242 2185 1295 Panare
2197 1236 2240 1301 lv.

599 1362 797 1442 dominum
818 1361 867 1439 de
884 1363 1027 1441 Noeriis
1047 1381 1084 1441 et
1102 1379 1233 1473 gentes
1249 1392 1332 1441 suas
1347 1363 1550 1469 predictas,
1571 1362 1612 1437 in
1629 1357 1881 1466 prejudicium
1901 1359 2018 1466 ipsius
2116 1334 2179 1379 Μ’

596 1494 775 1601 prepositi
792 1510 830 1572 et
846 1493 944 1572 dicte
959 1524 1094 1572 manus
1109 1512 1253 1587 nostre,
1270 1524 1338 1601 per
1353 1493 1586 1601 prepositum
1599 1508 1771 1569 nostrum
1785 1488 2015 1581 Ville-Nove,

598 1625 646 1702 ad
664 1642 803 1704 statum
821 1626 994 1703 debitum
1010 1644 1253 1733 reponentur,
1276 1644 1315 1703 et
1332 1626 1437 1734 quod
1456 1624 1649 1732 predictus
1666 1621 1845 1699 dominus
1864 1620 1912 1698 de
1925 1621 2021 1699 Noe·

596 1756 683 1845 riis,
707 1757 794 1835 dicti
817 1758 1036 1836 Florencius
1058 1757 1265 1835 Marescalli
1281 1774 1320 1836 et
1338 1758 1466 1837 Guido
1486 1758 1535 1835 de
1560 1754 1689 1834 Briton
1707 1753 1870 1831 reddent
1888 1769 1927 1829 ct
1945 1751 2021 1830 sol-

600 1905 688 1963 vent
708 1886 809 1964 dicto
825 1888 1015 1994 preposito
1035 1888 1216 1965 ducentas
1231 1887 1614 1979 libras'luronenscs,
1630 1912 1699 1991 pro
1718 1883 1907 1989 dampnis,
1927 1883 2022 1991 inju-

601 2017 665 2093 riis
684 2034 722 2093 et
740 2017 919 2095 interesse
939 2017 1134 2124 predictis,
1152 2035 1190 2094 et
1209 2018 1319 2095 nobis
1339 2018 1462 2095 dictus
1480 2015 1660 2092 dominus
1681 2013 1730 2089 de
1748 2013 1894 2091 Noeriis
1917 2013 2021 2091 mille

599 2145 714 2223 libras
732 2150 988 2235 Turonenses,
1011 2147 1134 2224 dictus
1156 2147 1283 2226 Guido
1309 2147 1356 2225 de
1377 2146 1506 2225 Briton
1533 2145 1713 2222 ducentas
1729 2143 1863 2234 libras,
1878 2162 1920 2220 et
1944 2144 2024 2221 dic-

598 2293 660 2353 tus
677 2275 894 2355 Florencius
906 2280 1178 2385 quinquaginta
1195 2278 1309 2355 libras
1325 2280 1583 2365 Turonenses,
1598 2304 1668 2382 pro
1685 2276 1861 2365 emenda,
1881 2277 2023 2381 persol-

597 2423 702 2494 vent,
729 2425 767 2483 et
792 2407 896 2513 quod
922 2407 1021 2485 illud
1039 2407 1143 2515 quod
1166 2408 1262 2487 alter
1281 2436 1413 2486 eorum
1441 2434 1520 2483 non
1544 2406 1685 2511 poterit
1710 2404 1854 2484 solvere
1874 2406 1922 2483 ab
1948 2405 2021 2484 alio

600 2535 780 2643 exigetur.

653 2667 785 2745 Martis
799 2686 884 2775 post
897 2668 1243 2746 Annunciacionem
1266 2668 1507 2745 dominicam.

654 2798 755 2904 Rnya
775 2799 985 2905 reportavit.

655 3061 795 3139 XLVII.
826 3060 909 3139 Lite
929 3077 1046 3151 mota,
1067 3061 1107 3137 in
1119 3061 1224 3139 curia
1241 3077 1385 3149 nostra,
1402 3060 1502 3139 inter
1514 3060 1771 3167 pedagiarium
1785 3080 1957 3139 nostrum
1973 3065 2021 3142 de

600 3191 755 3279 Perona,
772 3219 815 3267 ex
830 3218 903 3267 una
920 3207 1035 3296 parte,
1054 3209 1092 3269 et
1102 3192 1313 3269 iohannem
1323 3191 1518 3269 Britonem
1532 3190 1788 3268 etJohannem
1803 3192 1851 3269 de
1867 3192 2024 3271 Tribus·

602 3320 846 3410 Molendinis,
863 3320 1079 3428 pelliparius
1092 3340 1130 3399 et
1144 3323 1241 3399 cives
1259 3322 1500 3410 Parisienses,
1517 3350 1564 3399 ex
1584 3321 1716 3412 altera,
1733 3350 1906 3427 supereo
1922 3325 2025 3401 vide-

601 3451 689 3529 licet
703 3452 806 3560 quod
823 3452 947 3529 dictus
960 3454 1197 3560 pedagiarius
1218 3453 1366 3530 dicebat
1385 3480 1454 3531 nos
1469 3478 1548 3529 esse
1564 3452 1605 3527 in
1620 3452 1754 3529 saisina
1767 3469 1806 3529 et
1818 3453 1935 3558 ipsos,
1958 3483 2024 3531 no·
2070 3557 2076 3563 ‚

602 3583 704 3661 mine
720 3600 861 3672 nostro,
879 3584 1089 3661 secundum
1105 3584 1418 3661 consuetudinem
1435 3583 1524 3660 dicti
1539 3581 1687 3688 pedagii
1702 3582 1838 3672 nostri,
1853 3584 2023 3689 capiendi

603 3730 641 3788 et
663 3712 834 3803 levandi,
856 3713 1201 3819 quocienscumque
1228 3741 1322 3818 opus
1354 3713 1517 3800 varium,
1542 3739 1611 3817 per
1637 3711 1781 3788 dictum
1804 3712 2022 3818 pedagium,

602 3842 800 3918 transitum
825 3841 996 3930 faciebat,
1021 3870 1089 3947 pro
1114 3842 1288 3948 quolibet
1308 3860 1417 3920 cento
1437 3840 1598 3946 pelbum
1616 3840 1819 3930 variarum,
1842 3840 1939 3917 dnos
1958 3844 2025 3920 de-

603 3971 742 4060 narios,
759 3972 912 4077 quando
928 3970 1161 4049 ducebantur
1176 3972 1215 4047 in
1231 4000 1344 4049 curru
1357 3972 1414 4048 vel
1431 3973 1469 4046 in
1483 3970 1681 4075 quadriga,
1696 3969 1772 4046 sive
1787 3968 1828 4044 in
1839 3967 2023 4060 fardellis,

603 4099 799 4189 trossellis,
813 4099 925 4177 doliis
936 4098 992 4177 vel
1004 4100 1117 4207 gibis‚
1132 4119 1170 4177 et
1181 4102 1375 4189 aliusnon,
1390 4101 1501 4178 dictis
1509 4097 1763 4206 burgensibus
1774 4100 2025 4179 asserentibus

604 4258 644 4309 se
660 4247 698 4307 et
710 4230 804 4308 alios
819 4229 1025 4336 burgenses
1040 4231 1086 4308 de
1102 4231 1279 4321 Parisius,
1296 4231 1527 4337 pelliparius,
1546 4257 1625 4308 esse
1641 4230 1681 4306 in
1696 4229 1830 4309 saisina
1841 4231 2022 4322 solvendi,
2114 4286 2122 4292 -

605 4361 644 4437 in
663 4361 762 4439 dicto
778 4361 953 4468 pedagio,
969 4390 1037 4467 pro
1058 4362 1233 4467 quolibet
1251 4362 1422 4440 trossello
1443 4390 1510 4439 sen
1530 4362 1680 4470 charge,
1699 4360 1920 4440 facientibus
1940 4382 2025 4442 octo

606 4492 725 4570 millia
743 4492 900 4599 pellium
918 4492 1115 4583 variarum,
1135 4494 1267 4572 decem
1287 4511 1323 4571 et
1344 4511 1428 4573 octo
1450 4492 1624 4571 denarios
1642 4520 1730 4570 cum
1750 4492 1865 4587 obolo
1883 4494 2025 4573 solum-

605 4623 734 4713 modo,
751 4622 1075 4731 qualitercumque
1089 4624 1128 4700 in
1145 4653 1259 4701 curru
1271 4623 1331 4701 rel
1343 4624 1382 4701 in
1398 4622 1579 4731 quadriga
1593 4623 1650 4701 vel
1665 4623 1783 4713 aliter,
1799 4625 2025 4730 perdictnm

603 4751 820 4862 pedagium,
840 4752 939 4830 dicte
957 4751 1079 4857 pelles
1093 4753 1192 4831 varie
1213 4754 1474 4843 defferrentur,
1497 4782 1610 4859 super
1623 4753 1697 4831 boc
1713 4753 1852 4859 inquiri
1871 4755 2025 4833 manda·

600 4886 735 4977 vimus,
753 4898 883 4961 vocato
902 4882 950 4960 ad
964 4884 1038 4961 boc
1052 4899 1295 4990 procuratore
1313 4900 1442 4963 nostro
1465 4899 1503 4961 et
1516 4882 1599 4962 aliis
1618 4884 1815 4961 evocandis
1835 4913 1923 4962 cum
1939 4886 2026 4963 dili·

602 5016 742 5123 gencia,
764 5014 970 5102 veritatem,
990 5032 1028 5091 et
1041 5014 1254 5120 inquestam
1274 5042 1388 5122 super
1406 5016 1481 5093 hoc
1493 5013 1628 5093 factam
1642 5013 1690 5091 ad
1702 5031 1869 5094 nostram
1883 5017 2025 5095 curiam

602 5147 809 5255 reportari:
832 5145 916 5239 Qua
935 5140 1012 5223 risa
1038 5160 1076 5223 et
1095 5146 1295 5255 diligenter
1314 5148 1496 5253 inspecta,
1517 5144 1606 5253 quie
1629 5146 1823 5225 inventum
1842 5163 1899 5225 est
1921 5147 2025 5255 quod

605 5278 725 5357 dicun
748 5276 985 5385 pedagiarius
1004 5294 1133 5355 noster
1150 5278 1288 5355 melius
1310 5294 1349 5355 et
1366 5307 1432 5384 per
1451 5277 1577 5383 plures
1594 5294 1709 5358 testes
1726 5306 1833 5357 suam
1852 5276 2024 5355 saisinam

604 5407 824 5511 probaverat
838 5409 877 5485 in
891 5408 1068 5515 predictis
1083 5438 1196 5517 mam
1209 5410 1415 5518 burgenses
1424 5409 1597 5517 superius
1608 5410 1803 5499 nominati,
1816 5436 1886 5513 per
1897 5422 2024 5484 nostre

687 5581 741 5623 crs
760 5582 845 5626 osni.
868 5584 915 5626 nr.
1857 5580 1897 5643 7⁰
