5817 7292
879 1176 950 1251 lot
1452 1180 1542 1254 LES
1573 1180 1713 1255 OLIM.
1833 1175 1836 1179 ⁴

649 1334 833 1402 Pmnmw,
871 1320 1086 1410 Parisiensi,
1109 1319 1316 1426 ceterisque
1331 1319 1547 1429 justiciariis
1569 1324 1706 1401 nostris
1724 1322 2046 1431 quibuscumque,
2062 1338 2195 1401 tenore
2209 1319 2296 1432 pre-

708 1430 771 1475 ¹³⁰⁶'
873 1453 1057 1544 sancium,
1086 1451 1125 1528 in
1149 1452 1333 1529 mandatis
1361 1468 1404 1528 ut
1426 1438 1570 1530 dictum
1594 1453 1804 1543 Matheum,
1831 1453 1871 1529 in
1888 1481 2058 1562 'persona
2083 1452 2141 1530 vel
2165 1452 2294 1550 bonis,

873 1584 1066 1661 occasione
1083 1584 1266 1689 predicta,
1285 1582 1332 1659 de
1349 1600 1474 1660 cetero
1492 1611 1570 1660 non
1584 1582 1805 1675 molestent3
1824 1602 1862 1662 et
1875 1585 1925 1675 si,
1946 1585 1996 1663 ob
2017 1583 2113 1662 hanc
2128 1613 2293 1674 causam,

869 1715 970 1792 bona
990 1714 1114 1821 aliqua
1133 1714 1250 1820 ipsius
1269 1714 1407 1791 Mathai
1433 1715 1556 1793 saisita
1577 1713 1636 1791 vel
1657 1729 1834 1792 arrestata
1859 1714 2016 1805 fuerint,
2041 1715 2191 1804 eadem,
2210 1715 2297 1794 visis

870 1847 1122 1953 presentibus,
1139 1846 1315 1935 liberare,
1337 1846 1417 1924 sine
1437 1846 1641 1924 delacionis
1658 1846 1868 1937 obstaculo,
1890 1876 1968 1925 non
1989 1848 2174 1926 omittant.

926 1978 1104 2056 Mercurii
1122 1978 1163 2055 in
1180 1978 1306 2085 vigilia
1320 1978 1570 2057 Assencionis.

924 2244 1015 2323 XIV.
1048 2244 1145 2322 Cum
1173 2270 1286 2351 super
1307 2241 1477 2349 eoquod
1500 2239 1749 2333 Guillelmus‚
1772 2240 1895 2318 dictus
1915 2241 1951 2319 le
1969 2242 2066 2334 Duc,
2090 2240 2137 2317 de
2158 2242 2293 2349 Broys·

868 2374 989 2464 sellis,
1004 2374 1134 2483 viginti
1147 2402 1292 2481 pannos
1307 2391 1344 2451 et
1361 2372 1432 2449 alia
1445 2374 1546 2451 bona
1557 2371 1732 2462 mobilia,
1749 2400 1824 2479 que
1836 2372 2048 2479 prepositus
2059 2372 2290 2464 Parisiensis,

867 2523 1022 2611 propter
1045 2504 1294 2583 homicidium
1318 2504 1421 2611 quod
1444 2501 1705 2595 Godesredus,
1728 2503 1819 2580 dicti
1843 2502 2038 2582 Guillelmi
2057 2500 2175 2594 filius,
2193 2502 2294 2579 Pari-

868 2635 960 2723 sius,
985 2635 1024 2711 in
1049 2662 1248 2741 personam
1267 2634 1433 2713 Gervasii
1460 2633 1550 2711 dicti
1573 2633 1737 2713 Pizdoue
1761 2632 1991 2711 commisisse
2020 2633 2223 2721 dicebatur,
2244 2634 2293 2711 ad

866 2788 1031 2843 manum·
1042 2782 1225 2859 nostram,
1246 2783 1425 2873 tanquam
1447 2765 1660 2858 commissa,
1676 2782 1869 2871 posuerat,
1886 2794 1954 2843 sua
1973 2792 2053 2842 esse
2072 2763 2234 2853 dicebat,
2255 2780 2294 2841 et

867 2924 909 2988 ea
926 2925 1011 2973 cum
1029 2895 1209 2973 instancia
1227 2897 1298 2975 sibi
1313 2897 1425 2975 reddi
1442 2913 1481 2974 et
1497 2895 1697 2974 deliberari
1713 2896 1882 3004 petebat,
1904 2894 2146 2973 demandato
2164 2910 2292 2973 nostro

865 3024 959 3102 sacta
978 3023 1110 3104 suisset
1129 3027 1301 3133 inquesta
1324 3043 1362 3104 et
1383 3044 1510 3105 nostre
1530 3027 1634 3104 curie
1660 3043 1850 3132 reportata
1870 3059 1879 3102 ε
1899 3025 2090 3115 Tandem,
2114 3024 2214 3101 dicta
2237 3024 2294 3101 in-

866 3174 996 3263 questa
1016 3186 1084 3265 per
1112 3159 1254 3235 curiam
1275 3175 1442 3235 nostram
1461 3156 1538 3235 visa
1563 3174 1602 3234 et
1621 3156 1823 3263 diligenter
1843 3158 2067 3248 examinata,
2089 3156 2292 3263 auditaque

864 3287 1050 3365 relacione
1066 3288 1165 3363 Petri
1188 3287 1236 3364 de
1257 3287 1370 3393 Dyci,
1387 3304 1480 3364 tunc
1493 3286 1675 3393 prepositi
1695 3288 1928 3375 Parisiensis,
1945 3287 2010 3393 qui
2028 3287 2180 3394 prisiam
2196 3285 2294 3365 fece-

863 3435 920 3492 rat
943 3417 1170 3523 predictam,
1193 3416 1353 3492 dicentis
1373 3416 1478 3522 quod
1501 3416 1555 3493 ibi
1577 3431 1683 3492 erant
1700 3415 1831 3522 viginti
1852 3416 1986 3521 panni,
2008 3416 2074 3520 qui
2093 3432 2186 3491 tunc
2204 3416 2293 3495 esti-
2371 3441 2375 3448 ·

864 3547 954 3623 mati
969 3546 1119 3624 fuerant
1133 3562 1360 3654 nonageutas
1380 3564 1417 3623 et
1432 3545 1704 3653 quinquaginta
1720 3545 1834 3622 libras
1848 3545 2088 3636 Parisienses,
2103 3572 2172 3650 per
2185 3546 2290 3625 curie

863 3695 990 3755 nostre
1006 3676 1213 3786 judicium,
1235 3677 1380 3756 dictum
1397 3677 1471 3756 suit
1488 3677 1608 3755 dictos
1623 3705 1768 3782 pannos
1781 3678 1841 3755 vel
1855 3705 1989 3755 eorum
2008 3675 2289 3756 estimacionem

864 3809 990 3887 eidem
1013 3807 1224 3887 Guillelmo
1244 3836 1324 3886 esse
1344 3807 1563 3887 reddendos
1583 3823 1622 3887 et
1637 3807 1913 3887 deliberandos.

918 3943 959 4018 ln
979 3939 1117 4049 vigiliis
1131 3938 1380 4017 Assensionis.

917 4072 1134 4151 Rocelletus
1153 4071 1366 4178 reportavit.

917 4340 993 4416 XV.
1024 4337 1122 4415 Cum
1150 4337 1334 4417 debatum
1361 4355 1458 4417 esset
1478 4340 1578 4416 inter
1598 4340 1817 4446 episcopum
1839 4337 2120 4428 Belvacensem,
2149 4364 2193 4415 ex
2215 4366 2287 4414 una

861 4483 981 4572 parte,
1005 4485 1043 4546 et
1065 4469 1241 4547 abbatem
1266 4487 1304 4547 et
1329 4486 1557 4548 conventum
1583 4469 1632 4548 de
1655 4469 1812 4563 Alneto,
1841 4470 2011 4579 dyocesis
2036 4469 2283 4556 Belvacensis,

862 4626 906 4674 ex
921 4595 1054 4689 altera,
1071 4626 1185 4705 super
1198 4599 1462 4677 combustione
1480 4600 1678 4708 cujusdam
1698 4601 1836 4680 domus
1851 4602 1919 4681 site
1939 4619 2032 4680 tunc
2049 4599 2150 4707 apud
2168 4598 2287 4676 Conr-

859 4726 1009 4818 benval,
1026 4757 1100 4834 que
1122 4728 1274 4818 domus,
1299 4727 1399 4806 dicto
1420 4730 1636 4836 episcopatu
1660 4750 1828 4823 vacante,
1850 4760 1918 4838 per
1941 4732 2061 4810 dictos
2079 4728 2286 4807 monachos

859 4858 1016 4966 injuste,
1033 4876 1071 4935 et
1090 4858 1138 4935 de
1154 4870 1252 4936 no'vo
1267 4860 1498 4967 justiciando
1525 4863 1721 4943 combusta
1739 4864 1879 4954 suerat,
1903 4881 1948 4942 ut
1966 4862 2154 4943 asserebat
2181 4860 2285 4937 idem

859 4989 1071 5094 episcopus,
1090 4989 1137 5067 de
1158 5019 1232 5098 qua
1250 5007 1381 5097 postea
1398 5020 1469 5097 per
1484 4993 1604 5072 dictos
1616 4995 1813 5102 religiosos
1826 4993 1933 5073 locus
1952 4996 2145 5101 predictus
2164 4990 2286 5070 fuerat

857 5119 1067 5212 resaisitus,
1091 5139 1197 5229 parte
1222 5122 1314 5199 dicti
1341 5123 1504 5231 episcopi
1524 5144 1759 5233 proponente
1781 5125 1888 5233 quod
1911 5142 2042 5234 gentes
2064 5124 2182 5231 ipsius
2207 5123 2285 5228 epi·

797 5338 800 5349 ¹
858 5250 959 5355 scopi
983 5252 1200 5331 resaisinam
1223 5252 1431 5360 predictam
1460 5255 1677 5335 levaverunt
1700 5273 1738 5335 et
1761 5271 2044 5361 asportaverunt
2065 5250 2220 5360 pacifice
2245 5268 2284 5329 et

856 5380 936 5459 sine
960 5381 1086 5489 aliqua
1113 5383 1354 5490 opposicione
1379 5385 1570 5466 dictorum
1594 5388 1887 5479 monachorum
1910 5386 2020 5462 dictis
2038 5382 2223 5493 religiosis
2241 5381 2282 5459 in

857 5515 1085 5595 contrarium
1103 5518 1355 5596 asserentibus
1374 5518 1497 5625 quod,
1513 5519 1599 5599 loco
1617 5521 1790 5628 predicto
1809 5518 1995 5609 resaisito,
2016 5517 2088 5625 ipsi
2107 5544 2147 5595 se
2168 5541 2282 5623 super
