5817 7292
1037 1108 1305 1217 nuousrns
1330 1126 1394 1198 nr
1420 1104 1628 1198 esoces.
1969 1131 2038 1202 rer

622 1265 829 1376 culpabiles
848 1265 1011 1344 extitisse
1029 1269 1068 1344 in
1085 1266 1293 1374 premissis,
1312 1294 1381 1373 per
1394 1266 1498 1344 curie
1519 1283 1646 1344 nostre
1662 1264 1869 1373 judicium,
1890 1269 2045 1348 luerunt
2085 1287 2105 1340 Ρ
2107 1302 2217 1341 ιιιιιι
2228 1285 2261 1340 tv

622 1400 671 1477 ad
686 1398 885 1476 emendam
910 1398 1019 1477 nohis
1039 1399 1200 1506 proinde
1221 1399 1438 1477 solvendam
1462 1397 1740 1474 sentencialiter
1758 1398 2043 1506 condempnati,
2148 1379 2209 1421 Μ’

622 1530 797 1610 videlicet
813 1529 936 1607 dictus
954 1531 1086 1608 Petrus
1099 1531 1250 1620 Brison,
1267 1547 1385 1621 sutor,
1404 1530 1445 1606 in
1465 1545 1616 1610 centum
1633 1527 1740 1606 libris
1759 1555 1960 1634 parvorum
1979 1531 2047 1612 bo-

623 1690 761 1740 norum
778 1662 1076 1752 Turonensium,
1097 1663 1304 1752 lohannes,
1326 1663 1408 1770 ejus
1423 1662 1548 1752 frater,
1570 1662 1609 1740 in
1630 1661 1816 1768 sexaginta
1839 1661 1962 1748 libris,
1978 1663 2047 1739 Pa·

623 1811 704 1870 trus
720 1792 869 1881 Brison,
886 1791 990 1870 lilius
1008 1793 1108 1870 Petri
1125 1794 1360 1882 Martellarii,
1377 1794 1418 1870 in
1437 1793 1626 1900 octoginta
1646 1793 1769 1882 libris,
1790 1793 1979 1870 lohannes
2000 1793 2047 1870 de

623 1923 766 2003 Vebrot
776 1924 818 2000 in
836 1924 1024 2032 sexaginta
1044 1922 1168 2014 libris,
1182 1924 1373 2002 Iohannes
1393 1925 1442 2002 de
1462 1925 1549 2002 Bret
1569 1923 1609 2000 in
1629 1923 1813 2031 sexaginta
1827 1922 1948 2012 libris,
1961 1925 2049 2033 Ray-

621 2055 789 2133 mundus
808 2053 935 2132 Garini
956 2055 998 2131 in
1017 2055 1205 2161 sexaginta
1224 2055 1348 2144 libris,
1368 2055 1612 2163 Raymundus
1626 2054 1827 2131 Eremanni
1843 2055 1881 2131 in
1895 2054 2048 2162 triginta

621 2185 743 2272 libris,
764 2184 948 2272 Rolanda,
968 2213 1065 2264 uxor
1081 2185 1260 2262 Bernardi
1281 2185 1445 2275 Triaire,
1464 2186 1503 2262 in
1519 2184 1649 2292 viginti
1663 2184 1784 2274 libris,
1800 2187 1933 2264 Petrus
1946 2185 2046 2264 Cha·

619 2314 789 2395 hannarii
813 2315 853 2390 in
879 2315 1066 2423 sexaginta
1090 2315 1214 2407 libris,
1240 2333 1279 2394 et
1301 2316 1435 2394 Petrus
1461 2315 1655 2405 Columhi,
1676 2317 1821 2420 junior,
1847 2317 1887 2392 in
1914 2315 2045 2394 decem

621 2446 729 2524 libris
748 2462 903 2523 monete
921 2447 1104 2551 predicte.

675 2579 724 2656 Et
743 2594 800 2654 est
817 2576 1043 2655 intencionis
1066 2576 1169 2655 curie
1189 2595 1317 2656 nostre
1336 2578 1442 2684 quod
1463 2578 1574 2656 ceteri
1596 2603 1673 2654 non
1693 2577 1892 2666 nominati,
1915 2580 1980 2685 qui
2006 2580 2045 2656 in

620 2707 812 2814 premissis
831 2725 1083 2795 excesserunt,
1104 2707 1278 2784 similiter
1297 2707 1382 2788 loco
1402 2725 1441 2786 et
1459 2684 1630 2812 tempore
1651 2706 1868 2812 puniantur.

677 2839 782 2916 Lune
796 2836 976 2942 predicta.

676 2969 835 3047 Sanctus
853 2966 1019 3046 Obertus
1036 2968 1248 3074 reportavit.

675 3101 747 3176 Iste
766 3115 844 3177 trcs
862 3098 1036 3207 inqueste
1057 3099 1105 3176 de
1125 3100 1273 3178 Nantho
1292 3099 1421 3177 habui.

673 3362 830 3441 XLVIII.
860 3362 1038 3468 Inqnesta
1068 3361 1307 3451 vivariensis,
1338 3387 1454 3467 super
1484 3359 1747 3440 combustione
1776 3378 1816 3440 ct
1845 3361 2042 3440 dirucione

617 3491 866 3599 quarumdam
886 3492 1109 3583 domorum,
1127 3494 1239 3569 estin
1258 3491 1406 3570 sacculo
1425 3491 1541 3599 hujus
1559 3491 1800 3598 parlamenti,
1819 3509 1856 3570 et
1874 3521 1951 3571 non
1971 3492 2044 3570 lixit

613 3623 797 3730 judicata,
813 3624 902 3732 quia
917 3623 1058 3731 placuit
1069 3624 1224 3701 domino
1236 3623 1340 3732 Regi.

672 3886 798 3962 XLIX.
828 3885 926 3964 Cum
941 3886 1141 3990 aquodam
1153 3883 1322 3992 judicato
1341 3883 1440 3962 facto
1458 3911 1527 3990 per
1547 3883 1729 3990 majorem
1745 3881 1923 3962 clericum
1938 3883 2039 3958 carris

616 4013 793 4093 secularis
817 4015 969 4123 capituli
995 4015 1338 4094 Sancti-Mederici
1362 4014 1578 4092 Parisiensis
1601 4042 1670 4121 pro
1695 4013 1834 4092 Iacobo
1854 4011 2038 4104 Boucelli,

617 4162 745 4224 contra
763 4147 973 4223 Iohannem
993 4147 1297 4254 Qui-Donnoye,
1317 4146 1545 4235 Iohannem,
1568 4145 1649 4254 ejus
1668 4143 1800 4235 Iiliarn,
1823 4144 2040 4249 Philippum

614 4276 814 4368 Bouvetin,
825 4277 1076 4383 JaqueIinam,
1089 4277 1169 4385 ejus
1180 4304 1351 4368 uxorem,
1360 4277 1555 4355 Nicolaum
1567 4276 1615 4353 de
1631 4276 1798 4364 Pacisce,
1812 4273 2037 4364 Emelinam‚

617 4408 700 4515 ejus
718 4435 893 4494 uxorem,
915 4408 1120 4514 Symonem
1138 4406 1186 4485 de
1206 4409 1324 4485 Pratis
1344 4424 1382 4485 et
1400 4407 1654 4515 Margaritam,
1676 4406 1758 4513 ejus
1777 4431 1949 4494 uxorem,
1971 4431 2039 4484 scu

615 4554 878 4644 procuratores
899 4539 1085 4645 ipsorum,
1105 4538 1153 4616 ad
1169 4540 1311 4616 curiam
1332 4538 1541 4616 secularem
1560 4537 1691 4616 decani
1710 4554 1747 4614 et
1766 4535 1920 4643 capituli
1937 4535 2039 4612 Pari·

615 4669 815 4760 siensium,
838 4699 882 4748 ex
901 4686 1005 4778 parte
1025 4670 1214 4748 dictorum
1236 4669 1616 4778 condempnatorum,
1637 4685 1828 4775 umquam
1848 4698 1869 4745 a
1888 4665 1979 4744 falso
1999 4683 2037 4744 et

614 4827 746 4906 pravo,
767 4801 996 4907 appellatum
1021 4799 1170 4894 fuissem
1189 4801 1345 4880 tandem
1364 4799 1595 4910 Reginaldus
1618 4800 1666 4878 de
1686 4799 1893 4886 Chemino,
1917 4825 2039 4875 came·

613 4931 735 5010 rarius
757 4931 885 5038 laycus
906 4932 1006 5008 dicte
1029 4931 1245 5010 Parisiensis
1270 4931 1445 5020 ecclesie,
1469 4947 1508 5008 et
1529 4931 1705 5038 magister
1724 4929 1852 5010 Guido
1870 4930 1919 5006 de
1937 4928 2038 5008 Con·

613 5063 723 5154 dete,
744 5063 916 5170 ejusdem
938 5063 1154 5142 Parisiensis
1178 5063 1333 5140 ecclesie
1359 5061 1578 5154 canonicus,
1603 5089 1647 5138 cx
1671 5061 1934 5139 commissione
1957 5058 2037 5136 dic-

611 5209 738 5270 torum
762 5193 893 5271 decani
913 5208 952 5269 et
973 5191 1126 5297 capituli
1147 5192 1410 5270 Parisiensium
1430 5219 1545 5297 super
1564 5191 1638 5270 hoc
1657 5191 1711 5268 eis
1730 5189 1840 5279 lacta,
1861 5190 1901 5267 in
1922 5215 2033 5266 causa

612 5321 878 5426 appellacionis
892 5321 1110 5431 hujusmodi
1124 5322 1388 5428 procedentes,
1397 5322 1613 5429 judicatum
1621 5349 1731 5398 suum
1747 5321 1919 5398 tulerunt
1934 5318 1973 5394 in
1989 5343 2033 5394 ea

614 5453 817 5556 predictis
843 5453 1121 5560 appellantibus
1149 5469 1277 5532 contra
1299 5453 1482 5532 Iacobum
1511 5468 1776 5538 memoratum,
1803 5443 2032 5528 infirmando
