5817 7292
1041 1127 1307 1238 uuoonrns
1332 1147 1397 1220 nr
1424 1127 1628 1222 raucus.
1975 1153 2047 1222 277

629 1289 942 1396 Sancti-Dyonisii
962 1288 1002 1365 in
1022 1289 1190 1378 Francia,
1212 1287 1368 1365 nomine
1384 1315 1454 1365 auo
1475 1303 1514 1364 ct
1528 1287 1626 1364 dicte
1647 1287 1802 1364 ecclesie
1823 1307 2052 1396 proponeret
2090 1299 2221 1354 raserias
2232 1299 2276 1364 1v,

629 1419 750 1496 dictos
768 1419 965 1526 religiosos
985 1449 1065 1496 esse
1086 1418 1253 1497 etiuisse
1273 1419 1312 1495 in
1331 1419 1434 1497 bona
1451 1417 1587 1496 saisina
1602 1418 1820 1525 justiciandi
1841 1447 1974 1500 omnes
1993 1453 2052 1500 ca-
2152 1390 2215 1434 Μ’

630 1578 694 1627 sus
717 1549 790 1626 aite
811 1567 850 1627 et
867 1551 974 1628 basse
989 1549 1157 1658 justicie,
1178 1549 1370 1628 venientes
1390 1549 1438 1625 ad
1459 1576 1591 1627 eorum
1617 1549 1810 1638 noticiam,
1838 1551 1877 1626 in
1897 1551 1983 1628 villa
2002 1553 2050 1630 de

629 1679 883 1771 Chalevanne,
911 1682 949 1757 in
968 1681 1051 1772 viis,
1072 1680 1262 1758 territorio
1284 1698 1321 1758 et
1340 1679 1582 1786 pertinenciis
1603 1681 1790 1788 ejusdem,
1816 1709 1885 1787 per
1904 1697 2051 1759 tantum

629 1827 778 1917 tempus
803 1811 908 1918 quod
932 1811 1046 1889 debet
1069 1809 1240 1888 sufficere
1264 1811 1312 1886 ad
1335 1812 1475 1889 bonam
1498 1811 1670 1889 saisinam
1696 1811 1977 1917 acquirendam,
2004 1815 2051 1890 ad

629 1941 738 2019 iilum
754 1941 870 2020 finem
888 1941 994 2048 quod
1014 1941 1167 2046 quidam
1184 1969 1306 2047 equus
1324 1959 1362 2018 et
1381 1941 1576 2031 fardellus,
1597 1942 1693 2049 capti
1711 1971 1779 2049 per
1798 1959 1929 2049 gentes
1948 1971 2049 2032 suas,

630 2071 670 2148 in
683 2072 767 2151 loco
783 2073 832 2150 de
850 2100 927 2178 quo
947 2070 1043 2148 iacta
1059 2088 1117 2150 est
1131 2073 1313 2163 ostensio,
1325 2091 1363 2149 et
1375 2074 1622 2178 postmodum
1634 2073 1683 2150 ad
1695 2100 1849 2150 manum
1867 2092 2049 2162 nostram,

627 2218 821 2308 tamquam
841 2201 1047 2306 superioris
1066 2201 1196 2307 positi,
1218 2230 1334 2280 manu
1356 2219 1484 2280 nostra
1504 2219 1647 2291 amota,
1672 2203 1961 2282 restituerentur
1980 2205 2053 2282 eis·

629 2331 741 2419 dem,
768 2347 1011 2437 procuratore
1036 2348 1167 2410 nostro
1192 2330 1231 2408 in
1256 2333 1487 2410 contrarium
1511 2348 1697 2412 asserente
1726 2334 1846 2412 dictos
1872 2363 1990 2440 equm·
2015 2352 2053 2411 et

628 2461 830 2540 fardeltom
854 2490 971 2568 penes
995 2490 1065 2540 nos
1083 2491 1279 2542 remanere
1304 2462 1466 2554 debere,
1494 2481 1532 2542 et
1556 2465 1698 2572 ipsum,
1728 2466 1882 2542 nomine
1902 2483 2049 2554 nostro,

628 2593 677 2670 ab
688 2593 930 2700 impeticione
947 2593 1137 2672 dictorum
1154 2594 1418 2701 religiosorum
1439 2595 1579 2672 debere
1600 2594 1762 2673 absolvi:
1779 2593 1926 2672 Auditis
1939 2596 2052 2704 igitur

629 2748 744 2829 super
762 2724 836 2801 hoc
855 2725 1023 2830 parcium
1044 2723 1277 2814 nacionibus,
1306 2741 1343 2800 et
1363 2725 1439 2800 visa
1463 2725 1636 2830 inquesta
1656 2753 1770 2831 super
1790 2725 1862 2800 hoc
1883 2725 1931 2802 de
1949 2753 2051 2802 man-

632 2853 720 2930 dato
747 2869 877 2932 nostro
901 2852 1014 2941 iacta,
1040 2853 1191 2932 attentis
1217 2853 1335 2930 eciam
1359 2852 1659 2932 confessionibus
1685 2855 1870 2960 parcium,
1902 2870 1940 2930 et
1965 2854 2052 2930 visis

630 2983 833 3092 privilegiis
851 3011 918 3060 seu
938 2983 1074 3061 litteris
1093 3011 1137 3062 er
1157 3001 1262 3091 parte
1286 2984 1538 3089 procrnatoris
1562 2985 1751 3062 dictomm
1772 2983 2051 3090 religiosorum,

630 3110 671 3186 in
687 3113 846 3192 modum
859 3113 1100 3218 probacionia
1114 3113 1328 3218 productis,
1344 3141 1413 3218 per
1428 3114 1531 3192 curie
1548 3130 1674 3192 nostre
1685 3113 1889 3218 judicium,
1909 3112 2052 3189 dictum

629 3240 704 3318 suit
717 3260 756 3320 et
767 3243 1060 3348 pronunciatum
1077 3244 1198 3322 dictos
1214 3271 1329 3348 equm
1342 3262 1380 3322 et
1393 3242 1707 3333 fardeilum,=non
1723 3242 1956 3320 obstantibus
1970 3269 2054 3345 pro-

630 3372 763 3476 positis
782 3400 827 3449 ex
847 3372 1022 3461 adverso,
1043 3401 1161 3478 penes
1179 3401 1250 3450 nos
1267 3400 1464 3452 remanere
1488 3373 1638 3450 debere.

685 3503 886 3582 Dominica
897 3520 984 3608 post
1000 3503 1149 3582 octabas
1165 3503 1389 3609 Epiphania

679 3637 789 3742 ‚Roya
807 3635 1021 3740 reportavit.

688 3897 748 3975 Vl.
779 3897 878 3975 Cum
892 3898 932 3974 in
945 3926 1056 3976 cansa
1070 3925 1195 3976 coram
1209 3897 1347 3978 ballivo
1366 3899 1634 3978 silvanectensi
1646 3916 1748 3976 mota
1763 3923 1936 4004 supereo
1951 3901 2055 4002 quod

634 4025 754 4131 major
773 4044 813 4104 et
826 4026 943 4134 jurati
960 4029 1178 4107 communie
1192 4032 1400 4122 Pontisare,
1415 4029 1570 4106 Petrum
1586 4029 1622 4105 le
1641 4027 1820 4135 Senglier,
1847 4026 1895 4104 de
1911 4025 2055 4135 Oonya·

633 4185 694 4245 co,
720 4157 919 4234 cubantem
946 4177 985 4236 et
1009 4158 1194 4237 levantem
1212 4161 1284 4238 sub
1308 4159 1464 4238 domino
1492 4161 1608 4265 Rege,
1631 4156 1733 4265 apud
1750 4157 1981 4234 Pontisaram
1998 4159 2055 4236 in-

633 4302 788 4364 ventum
808 4305 999 4394 ceperant,
1011 4317 1081 4393 pro
1096 4318 1143 4368 eo
1155 4290 1260 4395 quod
1272 4291 1376 4368 idem
1390 4292 1522 4366 Petrus
1536 4287 1731 4365 vileniasse
1745 4287 1941 4365 dicebatur
1954 4290 2056 4394 apud

634 4414 874 4523 Oonyacum,
902 4435 1005 4494 extra
1028 4420 1213 4497 terminos
1242 4421 1340 4497 dicte
1367 4420 1602 4507 communie,
1628 4419 1834 4525 quemdam
1860 4418 2055 4497 hominem

634 4545 683 4625 de
698 4547 911 4624 communia
925 4549 1110 4653 predicta,
1132 4567 1170 4626 et
1189 4550 1354 4627 eundem
1372 4552 1426 4628 sic
1445 4567 1595 4656 captum
1614 4549 1774 4627 reddere
1793 4549 1993 4628 noluerant
2010 4551 2058 4628 ad

633 4677 852 4753 mandatum
870 4680 1051 4786 prepositi
1066 4679 1370 4773 Silvanectensis,
1389 4681 1511 4758 dictus
1528 4679 1703 4772 ballivus,
1723 4681 1859 4759 auditis
1870 4681 2056 4787 partibus,

634 4824 673 4884 et
690 4807 765 4882 visa
781 4824 881 4884 carta
894 4808 992 4888 dicte
1013 4810 1247 4898 communie,
1268 4827 1308 4889 et
1326 4813 1496 4918 ipsorum
1515 4811 1666 4918 majoris
1686 4827 1723 4888 et
1737 4812 1950 4919 juratorum
1971 4839 2058 4917 pro-

634 4936 856 5015 bacionibus
874 4939 1049 5046 receptis,
1062 4939 1275 5047 judicatum
1295 4971 1407 5020 suum
1422 4959 1553 5020 contra
1567 4969 1632 5020 eos
1648 4969 1761 5048 super
1773 4941 1870 5020 iacto
1888 4940 2058 5048 predicto

633 5066 799 5160 tulisset,
821 5086 858 5146 et
877 5069 965 5177 ipsi,
986 5099 1007 5147 a
1027 5070 1129 5149 dicto
1143 5072 1331 5180 judicato,
1351 5089 1532 5180 tanquam
1552 5101 1573 5149 a
1592 5071 1685 5150 falso
1705 5089 1744 5149 et
1759 5101 1888 5178 pravo,
1906 5072 1955 5149 ad
1970 5100 2056 5150 nos-

634 5213 732 5274 tram
747 5198 889 5278 curiam
908 5200 1159 5307 appellassent
1170 5235 1180 5280 2
1190 5203 1378 5292 Tandem,
1393 5204 1433 5280 in
1455 5230 1563 5282 causa
1578 5202 1676 5281 dicte
1692 5202 1958 5310 appellacionis
1972 5230 2056 5307 par-

635 5324 738 5404 tibus
756 5328 797 5404 in
811 5330 913 5408 curia
932 5331 1085 5421 auditis,
1101 5333 1189 5412 visis
1206 5333 1444 5441 processibus
1462 5361 1576 5443 super
1588 5335 1662 5412 hoc
1680 5333 1820 5413 habitis
1840 5359 1964 5410 coram
1981 5329 2058 5407 bal·

635 5451 709 5532 livo
728 5459 899 5561 predicto
921 5478 958 5538 et
978 5480 1119 5568 puncto
1143 5481 1242 5542 carte
1265 5465 1480 5544 communie
1499 5465 1683 5571 predicte,
1706 5493 1774 5570 per
1797 5463 1900 5540 curie
1925 5474 2051 5536 nostre
