<?xml version="1.0" encoding="UTF-8"?>
<!DOCTYPE html PUBLIC "-//W3C//DTD XHTML 1.0 Transitional//EN"
    "http://www.w3.org/TR/xhtml1/DTD/xhtml1-transitional.dtd">
<html xmlns="http://www.w3.org/1999/xhtml" xml:lang="en" lang="en">
 <head>
  <title>
</title>
<meta http-equiv="Content-Type" content="text/html;charset=utf-8" />
  <meta name='ocr-system' content='tesseract 3.04.00' />
  <meta name='ocr-capabilities' content='ocr_page ocr_carea ocr_par ocr_line ocrx_word'/>
</head>
<body>
  <div class='ocr_page' id='page_1' title='image "./lesolimouregist00pargoog_0195.png"; bbox 0 0 5817 7292; ppageno 0'>
   <div class='ocr_carea' id='block_1_1' title="bbox 1058 1094 2059 1206">
    <p class='ocr_par' dir='ltr' id='par_1_1' title="bbox 1058 1094 2059 1206">
     <span class='ocr_line' id='line_1_1' title="bbox 1058 1094 2059 1206; baseline 0.002 -17"><span class='ocrx_word' id='word_1_1' title='bbox 1058 1094 1322 1206; x_wconf 80' lang='lat' dir='ltr'><strong>rnoutrrs</strong></span> <span class='ocrx_word' id='word_1_2' title='bbox 1348 1115 1411 1188; x_wconf 83' lang='lat' dir='ltr'><strong>ur</strong></span> <span class='ocrx_word' id='word_1_3' title='bbox 1437 1097 1642 1190; x_wconf 81' lang='lat' dir='ltr'><strong>rnocts.</strong></span> <span class='ocrx_word' id='word_1_4' title='bbox 2011 1120 2059 1191; x_wconf 81' lang='lat' dir='ltr'><strong>or</strong></span> 
     </span>
    </p>
   </div>
   <div class='ocr_carea' id='block_1_2' title="bbox 523 1254 2285 4237">
    <p class='ocr_par' dir='ltr' id='par_1_2' title="bbox 523 1254 2285 4237">
     <span class='ocr_line' id='line_1_2' title="bbox 640 1254 2285 1362; baseline -0.002 -28"><span class='ocrx_word' id='word_1_5' title='bbox 640 1255 774 1335; x_wconf 89' lang='lat' dir='ltr'><strong>ricensi</strong></span> <span class='ocrx_word' id='word_1_6' title='bbox 795 1256 894 1334; x_wconf 88' lang='lat' dir='ltr'><strong>inter</strong></span> <span class='ocrx_word' id='word_1_7' title='bbox 906 1274 1188 1362; x_wconf 83' lang='lat' dir='ltr'><strong>procuratorem</strong></span> <span class='ocrx_word' id='word_1_8' title='bbox 1217 1272 1404 1344; x_wconf 74' lang='lat' dir='ltr'><strong>nestrum,</strong></span> <span class='ocrx_word' id='word_1_9' title='bbox 1427 1284 1473 1333; x_wconf 82' lang='lat' dir='ltr'><strong>ex</strong></span> <span class='ocrx_word' id='word_1_10' title='bbox 1496 1284 1573 1335; x_wconf 85' lang='lat' dir='ltr'><strong>una</strong></span> <span class='ocrx_word' id='word_1_11' title='bbox 1602 1270 1724 1361; x_wconf 87' lang='lat' dir='ltr'><strong>parte,</strong></span> <span class='ocrx_word' id='word_1_12' title='bbox 1746 1272 1784 1332; x_wconf 91' lang='lat' dir='ltr'><strong>et</strong></span> <span class='ocrx_word' id='word_1_13' title='bbox 1807 1254 2059 1336; x_wconf 90' lang='lat' dir='ltr'><strong>Guillelmum</strong></span> <span class='ocrx_word' id='word_1_14' title='bbox 2098 1264 2285 1331; x_wconf 71' lang='lat' dir='ltr'><strong>Pflmmlv.</strong></span> 
     </span>
     <span class='ocr_line' id='line_1_3' title="bbox 641 1358 2223 1493; baseline 0 -28"><span class='ocrx_word' id='word_1_15' title='bbox 641 1404 680 1465; x_wconf 88' lang='lat' dir='ltr'><strong>et</strong></span> <span class='ocrx_word' id='word_1_16' title='bbox 698 1386 933 1467; x_wconf 88' lang='lat' dir='ltr'><strong>Bernardum</strong></span> <span class='ocrx_word' id='word_1_17' title='bbox 953 1386 1000 1465; x_wconf 91' lang='lat' dir='ltr'><strong>de</strong></span> <span class='ocrx_word' id='word_1_18' title='bbox 1020 1388 1193 1477; x_wconf 85' lang='lat' dir='ltr'><strong>Buxeria,</strong></span> <span class='ocrx_word' id='word_1_19' title='bbox 1214 1388 1362 1478; x_wconf 79' lang='lat' dir='ltr'><strong>fratres,</strong></span> <span class='ocrx_word' id='word_1_20' title='bbox 1392 1416 1437 1465; x_wconf 81' lang='lat' dir='ltr'><strong>ex</strong></span> <span class='ocrx_word' id='word_1_21' title='bbox 1460 1387 1591 1474; x_wconf 86' lang='lat' dir='ltr'><strong>altera,</strong></span> <span class='ocrx_word' id='word_1_22' title='bbox 1612 1414 1726 1492; x_wconf 88' lang='lat' dir='ltr'><strong>super</strong></span> <span class='ocrx_word' id='word_1_23' title='bbox 1744 1385 1819 1463; x_wconf 91' lang='lat' dir='ltr'><strong>hoc</strong></span> <span class='ocrx_word' id='word_1_24' title='bbox 1834 1387 1938 1493; x_wconf 87' lang='lat' dir='ltr'><strong>quod</strong></span> <span class='ocrx_word' id='word_1_25' title='bbox 1956 1388 2061 1465; x_wconf 92' lang='lat' dir='ltr'><strong>idem</strong></span> <span class='ocrx_word' id='word_1_26' title='bbox 2161 1358 2223 1399; x_wconf 57' lang='grc' dir='ltr'><strong>Μ’</strong></span> 
     </span>
     <span class='ocr_line' id='line_1_4' title="bbox 641 1515 2062 1626; baseline 0 -30"><span class='ocrx_word' id='word_1_27' title='bbox 641 1535 862 1626; x_wconf 88' lang='lat' dir='ltr'><strong>procurator</strong></span> <span class='ocrx_word' id='word_1_28' title='bbox 883 1533 1010 1595; x_wconf 89' lang='lat' dir='ltr'><strong>noster</strong></span> <span class='ocrx_word' id='word_1_29' title='bbox 1039 1519 1224 1598; x_wconf 80' lang='lat' dir='ltr'>asserebat</span> <span class='ocrx_word' id='word_1_30' title='bbox 1253 1518 1359 1625; x_wconf 91' lang='lat' dir='ltr'><strong>quod</strong></span> <span class='ocrx_word' id='word_1_31' title='bbox 1388 1516 1477 1595; x_wconf 90' lang='lat' dir='ltr'><strong>dicti</strong></span> <span class='ocrx_word' id='word_1_32' title='bbox 1507 1517 1657 1605; x_wconf 81' lang='lat' dir='ltr'><strong>iratres,</strong></span> <span class='ocrx_word' id='word_1_33' title='bbox 1686 1515 1726 1591; x_wconf 94' lang='lat' dir='ltr'><strong>in</strong></span> <span class='ocrx_word' id='word_1_34' title='bbox 1755 1515 1922 1622; x_wconf 90' lang='lat' dir='ltr'><strong>quodam</strong></span> <span class='ocrx_word' id='word_1_35' title='bbox 1949 1516 2062 1596; x_wconf 85' lang='lat' dir='ltr'><strong>furno</strong></span> 
     </span>
     <span class='ocr_line' id='line_1_5' title="bbox 643 1645 2066 1753; baseline 0 -28"><span class='ocrx_word' id='word_1_36' title='bbox 643 1666 787 1740; x_wconf 88' lang='lat' dir='ltr'><strong>nostro,</strong></span> <span class='ocrx_word' id='word_1_37' title='bbox 808 1649 880 1727; x_wconf 88' lang='lat' dir='ltr'><strong>sito</strong></span> <span class='ocrx_word' id='word_1_38' title='bbox 910 1648 1007 1726; x_wconf 86' lang='lat' dir='ltr'><strong>infra</strong></span> <span class='ocrx_word' id='word_1_39' title='bbox 1036 1677 1164 1728; x_wconf 88' lang='lat' dir='ltr'><strong>muros</strong></span> <span class='ocrx_word' id='word_1_40' title='bbox 1193 1650 1241 1727; x_wconf 91' lang='lat' dir='ltr'><strong>de</strong></span> <span class='ocrx_word' id='word_1_41' title='bbox 1270 1651 1461 1742; x_wconf 78' lang='lat' dir='ltr'><strong>lauserta,</strong></span> <span class='ocrx_word' id='word_1_42' title='bbox 1487 1676 1606 1753; x_wconf 89' lang='lat' dir='ltr'><strong>prope</strong></span> <span class='ocrx_word' id='word_1_43' title='bbox 1629 1646 1788 1725; x_wconf 90' lang='lat' dir='ltr'><strong>domum</strong></span> <span class='ocrx_word' id='word_1_44' title='bbox 1807 1645 1962 1724; x_wconf 80' lang='lat' dir='ltr'><strong>Arnaldi</strong></span> <span class='ocrx_word' id='word_1_45' title='bbox 1983 1647 2066 1725; x_wconf 91' lang='lat' dir='ltr'><strong>Lal-</strong></span> 
     </span>
     <span class='ocr_line' id='line_1_6' title="bbox 641 1776 2062 1886; baseline -0.001 -29"><span class='ocrx_word' id='word_1_46' title='bbox 641 1779 783 1857; x_wconf 87' lang='lat' dir='ltr'><strong>beruco</strong></span> <span class='ocrx_word' id='word_1_47' title='bbox 814 1795 854 1857; x_wconf 91' lang='lat' dir='ltr'><strong>et</strong></span> <span class='ocrx_word' id='word_1_48' title='bbox 880 1808 997 1885; x_wconf 84' lang='lat' dir='ltr'><strong>prope</strong></span> <span class='ocrx_word' id='word_1_49' title='bbox 1033 1781 1191 1857; x_wconf 90' lang='lat' dir='ltr'><strong>domum</strong></span> <span class='ocrx_word' id='word_1_50' title='bbox 1225 1808 1300 1886; x_wconf 91' lang='lat' dir='ltr'><strong>quc</strong></span> <span class='ocrx_word' id='word_1_51' title='bbox 1326 1779 1400 1857; x_wconf 84' lang='lat' dir='ltr'><strong>suit</strong></span> <span class='ocrx_word' id='word_1_52' title='bbox 1427 1780 1622 1885; x_wconf 90' lang='lat' dir='ltr'><strong>quondam</strong></span> <span class='ocrx_word' id='word_1_53' title='bbox 1650 1776 1846 1856; x_wconf 90' lang='lat' dir='ltr'><strong>Guillelmi</strong></span> <span class='ocrx_word' id='word_1_54' title='bbox 1875 1778 2062 1871; x_wconf 92' lang='lat' dir='ltr'><strong>Bertonis,</strong></span> 
     </span>
     <span class='ocr_line' id='line_1_7' title="bbox 642 1896 2067 2018; baseline 0.001 -32"><span class='ocrx_word' id='word_1_55' title='bbox 642 1896 844 1989; x_wconf 88' lang='lat' dir='ltr'><strong>utebantur</strong></span> <span class='ocrx_word' id='word_1_56' title='bbox 864 1910 1031 1988; x_wconf 79' lang='lat' dir='ltr'><strong>surnaria</strong></span> <span class='ocrx_word' id='word_1_57' title='bbox 1054 1911 1335 2018; x_wconf 88' lang='lat' dir='ltr'><strong>dequoquendo</strong></span> <span class='ocrx_word' id='word_1_58' title='bbox 1358 1938 1496 2017; x_wconf 88' lang='lat' dir='ltr'><strong>panem</strong></span> <span class='ocrx_word' id='word_1_59' title='bbox 1519 1929 1557 1989; x_wconf 92' lang='lat' dir='ltr'><strong>et</strong></span> <span class='ocrx_word' id='word_1_60' title='bbox 1574 1909 1761 2016; x_wconf 85' lang='lat' dir='ltr'><strong>portando</strong></span> <span class='ocrx_word' id='word_1_61' title='bbox 1782 1924 1820 1986; x_wconf 90' lang='lat' dir='ltr'><strong>et</strong></span> <span class='ocrx_word' id='word_1_62' title='bbox 1838 1910 2067 2015; x_wconf 84' lang='lat' dir='ltr'><strong>reportando</strong></span> 
     </span>
     <span class='ocr_line' id='line_1_8' title="bbox 642 2038 2067 2148; baseline 0.001 -32"><span class='ocrx_word' id='word_1_63' title='bbox 642 2040 681 2116; x_wconf 92' lang='lat' dir='ltr'><strong>in</strong></span> <span class='ocrx_word' id='word_1_64' title='bbox 702 2040 804 2118; x_wconf 90' lang='lat' dir='ltr'><strong>dicto</strong></span> <span class='ocrx_word' id='word_1_65' title='bbox 821 2039 933 2118; x_wconf 82' lang='lat' dir='ltr'><strong>furno</strong></span> <span class='ocrx_word' id='word_1_66' title='bbox 947 2069 1084 2147; x_wconf 88' lang='lat' dir='ltr'><strong>panem</strong></span> <span class='ocrx_word' id='word_1_67' title='bbox 1103 2041 1404 2148; x_wconf 90' lang='lat' dir='ltr'><strong>quoquentibus,</strong></span> <span class='ocrx_word' id='word_1_68' title='bbox 1421 2070 1463 2117; x_wconf 90' lang='lat' dir='ltr'><strong>ac</strong></span> <span class='ocrx_word' id='word_1_69' title='bbox 1476 2039 1720 2146; x_wconf 85' lang='lat' dir='ltr'><strong>percipiendo</strong></span> <span class='ocrx_word' id='word_1_70' title='bbox 1741 2039 1839 2116; x_wconf 89' lang='lat' dir='ltr'><strong>duos</strong></span> <span class='ocrx_word' id='word_1_71' title='bbox 1854 2038 2026 2119; x_wconf 88' lang='lat' dir='ltr'><strong>tortellos</strong></span> <span class='ocrx_word' id='word_1_72' title='bbox 2045 2069 2067 2117; x_wconf 88' lang='lat' dir='ltr'><strong>a</strong></span> 
     </span>
     <span class='ocr_line' id='line_1_9' title="bbox 640 2168 2068 2278; baseline 0.001 -33"><span class='ocrx_word' id='word_1_73' title='bbox 640 2170 813 2275; x_wconf 91' lang='lat' dir='ltr'><strong>quolibet</strong></span> <span class='ocrx_word' id='word_1_74' title='bbox 836 2170 889 2247; x_wconf 93' lang='lat' dir='ltr'><strong>ibi</strong></span> <span class='ocrx_word' id='word_1_75' title='bbox 913 2200 1048 2276; x_wconf 90' lang='lat' dir='ltr'><strong>panem</strong></span> <span class='ocrx_word' id='word_1_76' title='bbox 1076 2171 1359 2278; x_wconf 88' lang='lat' dir='ltr'><strong>dequoquente,</strong></span> <span class='ocrx_word' id='word_1_77' title='bbox 1382 2198 1469 2247; x_wconf 85' lang='lat' dir='ltr'><strong>curn</strong></span> <span class='ocrx_word' id='word_1_78' title='bbox 1483 2170 1548 2277; x_wconf 87' lang='lat' dir='ltr'><strong>jus</strong></span> <span class='ocrx_word' id='word_1_79' title='bbox 1567 2170 1640 2248; x_wconf 90' lang='lat' dir='ltr'><strong>hoc</strong></span> <span class='ocrx_word' id='word_1_80' title='bbox 1657 2168 1819 2247; x_wconf 86' lang='lat' dir='ltr'><strong>faciendi</strong></span> <span class='ocrx_word' id='word_1_81' title='bbox 1845 2197 1923 2245; x_wconf 94' lang='lat' dir='ltr'><strong>non</strong></span> <span class='ocrx_word' id='word_1_82' title='bbox 1951 2169 2068 2246; x_wconf 90' lang='lat' dir='ltr'><strong>habe-</strong></span> 
     </span>
     <span class='ocr_line' id='line_1_10' title="bbox 640 2298 2066 2408; baseline 0 -31"><span class='ocrx_word' id='word_1_83' title='bbox 640 2316 740 2389; x_wconf 88' lang='lat' dir='ltr'><strong>rent,</strong></span> <span class='ocrx_word' id='word_1_84' title='bbox 772 2318 816 2377; x_wconf 93' lang='lat' dir='ltr'><strong>ut</strong></span> <span class='ocrx_word' id='word_1_85' title='bbox 842 2298 946 2377; x_wconf 90' lang='lat' dir='ltr'><strong>idem</strong></span> <span class='ocrx_word' id='word_1_86' title='bbox 975 2319 1195 2408; x_wconf 91' lang='lat' dir='ltr'><strong>procurator</strong></span> <span class='ocrx_word' id='word_1_87' title='bbox 1224 2301 1388 2391; x_wconf 89' lang='lat' dir='ltr'><strong>dicebat,</strong></span> <span class='ocrx_word' id='word_1_88' title='bbox 1416 2320 1550 2407; x_wconf 91' lang='lat' dir='ltr'><strong>petens</strong></span> <span class='ocrx_word' id='word_1_89' title='bbox 1577 2328 1643 2379; x_wconf 92' lang='lat' dir='ltr'><strong>eos</strong></span> <span class='ocrx_word' id='word_1_90' title='bbox 1670 2300 1865 2405; x_wconf 84' lang='lat' dir='ltr'><strong>prohiberi</strong></span> <span class='ocrx_word' id='word_1_91' title='bbox 1892 2327 1940 2376; x_wconf 91' lang='lat' dir='ltr'><strong>ne</strong></span> <span class='ocrx_word' id='word_1_92' title='bbox 1966 2298 2066 2377; x_wconf 88' lang='lat' dir='ltr'><strong>dicta</strong></span> 
     </span>
     <span class='ocr_line' id='line_1_11' title="bbox 639 2428 2067 2536; baseline 0 -29"><span class='ocrx_word' id='word_1_93' title='bbox 639 2428 804 2507; x_wconf 83' lang='lat' dir='ltr'><strong>firmeria</strong></span> <span class='ocrx_word' id='word_1_94' title='bbox 825 2430 871 2509; x_wconf 92' lang='lat' dir='ltr'><strong>de</strong></span> <span class='ocrx_word' id='word_1_95' title='bbox 891 2447 1017 2510; x_wconf 90' lang='lat' dir='ltr'><strong>cetero</strong></span> <span class='ocrx_word' id='word_1_96' title='bbox 1037 2450 1245 2524; x_wconf 89' lang='lat' dir='ltr'><strong>uterentur,</strong></span> <span class='ocrx_word' id='word_1_97' title='bbox 1273 2448 1311 2509; x_wconf 92' lang='lat' dir='ltr'><strong>et</strong></span> <span class='ocrx_word' id='word_1_98' title='bbox 1330 2431 1403 2509; x_wconf 87' lang='lat' dir='ltr'><strong>lata</strong></span> <span class='ocrx_word' id='word_1_99' title='bbox 1422 2429 1555 2507; x_wconf 87' lang='lat' dir='ltr'><strong>fuisset</strong></span> <span class='ocrx_word' id='word_1_100' title='bbox 1574 2430 1764 2508; x_wconf 81' lang='lat' dir='ltr'><strong>sentencia</strong></span> <span class='ocrx_word' id='word_1_101' title='bbox 1784 2428 1978 2505; x_wconf 87' lang='lat' dir='ltr'><strong>diffinitiva</strong></span> <span class='ocrx_word' id='word_1_102' title='bbox 1998 2458 2067 2536; x_wconf 92' lang='lat' dir='ltr'><strong>per</strong></span> 
     </span>
     <span class='ocr_line' id='line_1_12' title="bbox 640 2560 2065 2670; baseline 0.001 -35"><span class='ocrx_word' id='word_1_103' title='bbox 640 2560 785 2639; x_wconf 88' lang='lat' dir='ltr'><strong>dictum</strong></span> <span class='ocrx_word' id='word_1_104' title='bbox 801 2562 1064 2653; x_wconf 88' lang='lat' dir='ltr'><strong>senescallum,</strong></span> <span class='ocrx_word' id='word_1_105' title='bbox 1079 2593 1148 2670; x_wconf 93' lang='lat' dir='ltr'><strong>pro</strong></span> <span class='ocrx_word' id='word_1_106' title='bbox 1163 2562 1291 2652; x_wconf 92' lang='lat' dir='ltr'><strong>nobis,</strong></span> <span class='ocrx_word' id='word_1_107' title='bbox 1306 2581 1345 2641; x_wconf 89' lang='lat' dir='ltr'><strong>et</strong></span> <span class='ocrx_word' id='word_1_108' title='bbox 1357 2580 1485 2640; x_wconf 90' lang='lat' dir='ltr'><strong>contra</strong></span> <span class='ocrx_word' id='word_1_109' title='bbox 1502 2563 1620 2638; x_wconf 89' lang='lat' dir='ltr'><strong>dictos</strong></span> <span class='ocrx_word' id='word_1_110' title='bbox 1632 2588 1734 2651; x_wconf 89' lang='lat' dir='ltr'><strong>reos,</strong></span> <span class='ocrx_word' id='word_1_111' title='bbox 1751 2561 1840 2637; x_wconf 90' lang='lat' dir='ltr'><strong>dicti</strong></span> <span class='ocrx_word' id='word_1_112' title='bbox 1855 2561 1910 2637; x_wconf 90' lang='lat' dir='ltr'><strong>rei</strong></span> <span class='ocrx_word' id='word_1_113' title='bbox 1927 2590 1948 2637; x_wconf 92' lang='lat' dir='ltr'><strong>a</strong></span> <span class='ocrx_word' id='word_1_114' title='bbox 1965 2563 2065 2639; x_wconf 86' lang='lat' dir='ltr'><strong>dicta</strong></span> 
     </span>
     <span class='ocr_line' id='line_1_13' title="bbox 523 2690 2063 2801; baseline -0.001 -35"><span class='ocrx_word' id='word_1_115' title='bbox 523 2746 527 2753; x_wconf 86' lang='lat'>-</span> <span class='ocrx_word' id='word_1_116' title='bbox 640 2692 848 2780; x_wconf 79' lang='lat' dir='ltr'>sentencia,</span> <span class='ocrx_word' id='word_1_117' title='bbox 869 2710 1048 2801; x_wconf 88' lang='lat' dir='ltr'><strong>tanquam</strong></span> <span class='ocrx_word' id='word_1_118' title='bbox 1065 2695 1111 2772; x_wconf 90' lang='lat' dir='ltr'><strong>ab</strong></span> <span class='ocrx_word' id='word_1_119' title='bbox 1125 2695 1273 2801; x_wconf 89' lang='lat' dir='ltr'><strong>iniqua,</strong></span> <span class='ocrx_word' id='word_1_120' title='bbox 1291 2694 1340 2769; x_wconf 91' lang='lat' dir='ltr'><strong>ad</strong></span> <span class='ocrx_word' id='word_1_121' title='bbox 1355 2721 1425 2771; x_wconf 92' lang='lat' dir='ltr'><strong>nos</strong></span> <span class='ocrx_word' id='word_1_122' title='bbox 1440 2691 1689 2798; x_wconf 79' lang='lat' dir='ltr'><strong>appellantes,</strong></span> <span class='ocrx_word' id='word_1_123' title='bbox 1700 2690 1871 2797; x_wconf 88' lang='lat' dir='ltr'><strong>judicem</strong></span> <span class='ocrx_word' id='word_1_124' title='bbox 1891 2690 1961 2768; x_wconf 90' lang='lat' dir='ltr'><strong>sibi</strong></span> <span class='ocrx_word' id='word_1_125' title='bbox 1982 2691 2063 2767; x_wconf 91' lang='lat' dir='ltr'><strong>dari</strong></span> 
     </span>
     <span class='ocr_line' id='line_1_14' title="bbox 640 2819 2066 2931; baseline 0.001 -36"><span class='ocrx_word' id='word_1_126' title='bbox 640 2819 680 2895; x_wconf 91' lang='lat' dir='ltr'><strong>in</strong></span> <span class='ocrx_word' id='word_1_127' title='bbox 696 2848 805 2899; x_wconf 90' lang='lat' dir='ltr'><strong>causa</strong></span> <span class='ocrx_word' id='word_1_128' title='bbox 818 2823 1082 2928; x_wconf 88' lang='lat' dir='ltr'><strong>appellacionis</strong></span> <span class='ocrx_word' id='word_1_129' title='bbox 1097 2823 1316 2931; x_wconf 87' lang='lat' dir='ltr'><strong>hujusmodi</strong></span> <span class='ocrx_word' id='word_1_130' title='bbox 1327 2823 1593 2929; x_wconf 70' lang='lat' dir='ltr'><strong>impetrarunt,</strong></span> <span class='ocrx_word' id='word_1_131' title='bbox 1606 2819 1674 2926; x_wconf 89' lang='lat' dir='ltr'><strong>qui</strong></span> <span class='ocrx_word' id='word_1_132' title='bbox 1681 2820 1816 2926; x_wconf 81' lang='lat' dir='ltr'><strong>judex,</strong></span> <span class='ocrx_word' id='word_1_133' title='bbox 1830 2820 1969 2896; x_wconf 84' lang='lat' dir='ltr'><strong>vocatis</strong></span> <span class='ocrx_word' id='word_1_134' title='bbox 1979 2850 2066 2927; x_wconf 88' lang='lat' dir='ltr'><strong>par-</strong></span> 
     </span>
     <span class='ocr_line' id='line_1_15' title="bbox 639 2949 2065 3059; baseline 0.003 -34"><span class='ocrx_word' id='word_1_135' title='bbox 639 2949 756 3043; x_wconf 89' lang='lat' dir='ltr'><strong>tibus,</strong></span> <span class='ocrx_word' id='word_1_136' title='bbox 783 2980 896 3058; x_wconf 91' lang='lat' dir='ltr'><strong>super</strong></span> <span class='ocrx_word' id='word_1_137' title='bbox 919 2982 1049 3030; x_wconf 89' lang='lat' dir='ltr'><strong>earum</strong></span> <span class='ocrx_word' id='word_1_138' title='bbox 1071 2953 1236 3030; x_wconf 72' lang='lat' dir='ltr'><strong>aniculis</strong></span> <span class='ocrx_word' id='word_1_139' title='bbox 1259 2982 1327 3059; x_wconf 91' lang='lat' dir='ltr'><strong>per</strong></span> <span class='ocrx_word' id='word_1_140' title='bbox 1352 2968 1519 3029; x_wconf 83' lang='lat' dir='ltr'><strong>nostram</strong></span> <span class='ocrx_word' id='word_1_141' title='bbox 1544 2952 1686 3029; x_wconf 88' lang='lat' dir='ltr'><strong>curiam</strong></span> <span class='ocrx_word' id='word_1_142' title='bbox 1708 2950 1780 3027; x_wconf 92' lang='lat' dir='ltr'><strong>sibi</strong></span> <span class='ocrx_word' id='word_1_143' title='bbox 1804 2950 1928 3027; x_wconf 91' lang='lat' dir='ltr'><strong>missis</strong></span> <span class='ocrx_word' id='word_1_144' title='bbox 1950 2966 2065 3029; x_wconf 89' lang='lat' dir='ltr'><strong>testes</strong></span> 
     </span>
     <span class='ocr_line' id='line_1_16' title="bbox 639 3077 2064 3191; baseline 0.003 -36"><span class='ocrx_word' id='word_1_145' title='bbox 639 3080 841 3187; x_wconf 87' lang='lat' dir='ltr'><strong>recipiens,</strong></span> <span class='ocrx_word' id='word_1_146' title='bbox 861 3082 1053 3190; x_wconf 81' lang='lat' dir='ltr'><strong>inquisivit</strong></span> <span class='ocrx_word' id='word_1_147' title='bbox 1071 3112 1185 3189; x_wconf 88' lang='lat' dir='ltr'><strong>super</strong></span> <span class='ocrx_word' id='word_1_148' title='bbox 1199 3083 1271 3161; x_wconf 92' lang='lat' dir='ltr'><strong>hoc</strong></span> <span class='ocrx_word' id='word_1_149' title='bbox 1285 3081 1497 3191; x_wconf 81' lang='lat' dir='ltr'><strong>veritatem,</strong></span> <span class='ocrx_word' id='word_1_150' title='bbox 1517 3098 1557 3158; x_wconf 90' lang='lat' dir='ltr'><strong>et</strong></span> <span class='ocrx_word' id='word_1_151' title='bbox 1575 3081 1774 3189; x_wconf 86' lang='lat' dir='ltr'><strong>negocium</strong></span> <span class='ocrx_word' id='word_1_152' title='bbox 1790 3077 1998 3186; x_wconf 87' lang='lat' dir='ltr'><strong>perlectum</strong></span> <span class='ocrx_word' id='word_1_153' title='bbox 2016 3082 2064 3159; x_wconf 92' lang='lat' dir='ltr'><strong>ad</strong></span> 
     </span>
     <span class='ocr_line' id='line_1_17' title="bbox 640 3211 2066 3319; baseline 0.001 -32"><span class='ocrx_word' id='word_1_154' title='bbox 640 3211 781 3289; x_wconf 83' lang='lat' dir='ltr'><strong>curiam</strong></span> <span class='ocrx_word' id='word_1_155' title='bbox 799 3229 964 3290; x_wconf 92' lang='lat' dir='ltr'><strong>nostram</strong></span> <span class='ocrx_word' id='word_1_156' title='bbox 980 3214 1124 3291; x_wconf 80' lang='lat' dir='ltr'><strong>remisit</strong></span> <span class='ocrx_word' id='word_1_157' title='bbox 1140 3244 1149 3289; x_wconf 75' lang='grc' dir='ltr'><strong><em>ε</em></strong></span> <span class='ocrx_word' id='word_1_158' title='bbox 1165 3214 1262 3293; x_wconf 87' lang='lat' dir='ltr'><strong>Visis</strong></span> <span class='ocrx_word' id='word_1_159' title='bbox 1280 3212 1405 3319; x_wconf 84' lang='lat' dir='ltr'><strong>igitur,</strong></span> <span class='ocrx_word' id='word_1_160' title='bbox 1422 3238 1491 3318; x_wconf 89' lang='lat' dir='ltr'><strong>per</strong></span> <span class='ocrx_word' id='word_1_161' title='bbox 1507 3211 1650 3289; x_wconf 89' lang='lat' dir='ltr'><strong>curiam</strong></span> <span class='ocrx_word' id='word_1_162' title='bbox 1668 3228 1850 3297; x_wconf 87' lang='lat' dir='ltr'><strong>nostram,</strong></span> <span class='ocrx_word' id='word_1_163' title='bbox 1865 3227 1944 3289; x_wconf 87' lang='lat' dir='ltr'><strong>tam</strong></span> <span class='ocrx_word' id='word_1_164' title='bbox 1961 3213 2066 3318; x_wconf 89' lang='lat' dir='ltr'><strong>prin·</strong></span> 
     </span>
     <span class='ocr_line' id='line_1_18' title="bbox 640 3340 2065 3450; baseline 0.001 -33"><span class='ocrx_word' id='word_1_165' title='bbox 640 3341 767 3447; x_wconf 81' lang='lat' dir='ltr'><strong>cipalis</strong></span> <span class='ocrx_word' id='word_1_166' title='bbox 786 3372 896 3421; x_wconf 91' lang='lat' dir='ltr'><strong>cause</strong></span> <span class='ocrx_word' id='word_1_167' title='bbox 914 3373 1028 3450; x_wconf 88' lang='lat' dir='ltr'><strong>quam</strong></span> <span class='ocrx_word' id='word_1_168' title='bbox 1048 3343 1314 3450; x_wconf 90' lang='lat' dir='ltr'><strong>appellacionis</strong></span> <span class='ocrx_word' id='word_1_169' title='bbox 1334 3343 1529 3448; x_wconf 86' lang='lat' dir='ltr'><strong>utriusque</strong></span> <span class='ocrx_word' id='word_1_170' title='bbox 1549 3341 1663 3447; x_wconf 90' lang='lat' dir='ltr'><strong>partis</strong></span> <span class='ocrx_word' id='word_1_171' title='bbox 1682 3340 1933 3447; x_wconf 85' lang='lat' dir='ltr'><strong>processibus,</strong></span> <span class='ocrx_word' id='word_1_172' title='bbox 1953 3358 1994 3419; x_wconf 89' lang='lat' dir='ltr'><strong>et</strong></span> <span class='ocrx_word' id='word_1_173' title='bbox 2007 3343 2065 3419; x_wconf 90' lang='lat' dir='ltr'><strong>di·</strong></span> 
     </span>
     <span class='ocr_line' id='line_1_19' title="bbox 640 3470 2062 3581; baseline 0.003 -34"><span class='ocrx_word' id='word_1_174' title='bbox 640 3472 799 3581; x_wconf 83' lang='lat' dir='ltr'><strong>ligenter</strong></span> <span class='ocrx_word' id='word_1_175' title='bbox 817 3474 1051 3562; x_wconf 80' lang='lat' dir='ltr'><strong>examinatis,</strong></span> <span class='ocrx_word' id='word_1_176' title='bbox 1075 3474 1364 3580; x_wconf 82' lang='lat' dir='ltr'><strong>pronunciatum</strong></span> <span class='ocrx_word' id='word_1_177' title='bbox 1383 3471 1474 3563; x_wconf 83' lang='lat' dir='ltr'><strong>fuit,</strong></span> <span class='ocrx_word' id='word_1_178' title='bbox 1501 3500 1569 3577; x_wconf 91' lang='lat' dir='ltr'><strong>per</strong></span> <span class='ocrx_word' id='word_1_179' title='bbox 1591 3472 1693 3549; x_wconf 89' lang='lat' dir='ltr'><strong>curie</strong></span> <span class='ocrx_word' id='word_1_180' title='bbox 1713 3489 1840 3549; x_wconf 91' lang='lat' dir='ltr'><strong>nostre</strong></span> <span class='ocrx_word' id='word_1_181' title='bbox 1855 3470 2062 3578; x_wconf 89' lang='lat' dir='ltr'><strong>judicium,</strong></span> 
     </span>
     <span class='ocr_line' id='line_1_20' title="bbox 638 3588 2063 3712; baseline 0.001 -31"><span class='ocrx_word' id='word_1_182' title='bbox 638 3603 736 3681; x_wconf 89' lang='lat' dir='ltr'><strong>male</strong></span> <span class='ocrx_word' id='word_1_183' title='bbox 762 3606 1052 3712; x_wconf 82' lang='lat' dir='ltr'><strong>pronunciatum</strong></span> <span class='ocrx_word' id='word_1_184' title='bbox 1078 3633 1147 3712; x_wconf 86' lang='lat' dir='ltr'><strong>per</strong></span> <span class='ocrx_word' id='word_1_185' title='bbox 1176 3606 1320 3683; x_wconf 89' lang='lat' dir='ltr'><strong>dictum</strong></span> <span class='ocrx_word' id='word_1_186' title='bbox 1351 3604 1616 3693; x_wconf 75' lang='lat' dir='ltr'><strong>senescallum,</strong></span> <span class='ocrx_word' id='word_1_187' title='bbox 1643 3623 1681 3683; x_wconf 90' lang='lat' dir='ltr'><strong>et</strong></span> <span class='ocrx_word' id='word_1_188' title='bbox 1706 3606 1803 3682; x_wconf 91' lang='lat' dir='ltr'><strong>bene</strong></span> <span class='ocrx_word' id='word_1_189' title='bbox 1832 3588 2063 3712; x_wconf 82' lang='lat' dir='ltr'><strong>appellatum</strong></span> 
     </span>
     <span class='ocr_line' id='line_1_21' title="bbox 639 3734 2065 3843; baseline 0.003 -33"><span class='ocrx_word' id='word_1_190' title='bbox 639 3763 707 3839; x_wconf 86' lang='lat' dir='ltr'><strong>per</strong></span> <span class='ocrx_word' id='word_1_191' title='bbox 725 3736 845 3815; x_wconf 89' lang='lat' dir='ltr'><strong>dictos</strong></span> <span class='ocrx_word' id='word_1_192' title='bbox 869 3764 954 3814; x_wconf 91' lang='lat' dir='ltr'><strong>reos</strong></span> <span class='ocrx_word' id='word_1_193' title='bbox 970 3736 1102 3827; x_wconf 86' lang='lat' dir='ltr'><strong>luisse,</strong></span> <span class='ocrx_word' id='word_1_194' title='bbox 1125 3754 1163 3813; x_wconf 90' lang='lat' dir='ltr'><strong>et</strong></span> <span class='ocrx_word' id='word_1_195' title='bbox 1182 3736 1338 3814; x_wconf 87' lang='lat' dir='ltr'><strong>luerunt</strong></span> <span class='ocrx_word' id='word_1_196' title='bbox 1357 3734 1447 3813; x_wconf 86' lang='lat' dir='ltr'><strong>dicti</strong></span> <span class='ocrx_word' id='word_1_197' title='bbox 1466 3736 1522 3813; x_wconf 88' lang='lat' dir='ltr'><strong>rei</strong></span> <span class='ocrx_word' id='word_1_198' title='bbox 1542 3736 1589 3814; x_wconf 84' lang='lat' dir='ltr'><strong>ab</strong></span> <span class='ocrx_word' id='word_1_199' title='bbox 1606 3735 1848 3843; x_wconf 90' lang='lat' dir='ltr'><strong>impeticione</strong></span> <span class='ocrx_word' id='word_1_200' title='bbox 1868 3736 1958 3811; x_wconf 91' lang='lat' dir='ltr'><strong>dicti</strong></span> <span class='ocrx_word' id='word_1_201' title='bbox 1977 3765 2065 3843; x_wconf 92' lang='lat' dir='ltr'><strong>pro-</strong></span> 
     </span>
     <span class='ocr_line' id='line_1_22' title="bbox 640 3864 1382 3973; baseline 0.005 -34"><span class='ocrx_word' id='word_1_202' title='bbox 640 3864 820 3942; x_wconf 87' lang='lat' dir='ltr'><strong>curatoris</strong></span> <span class='ocrx_word' id='word_1_203' title='bbox 842 3866 960 3945; x_wconf 88' lang='lat' dir='ltr'><strong>nostri</strong></span> <span class='ocrx_word' id='word_1_204' title='bbox 982 3894 1096 3973; x_wconf 88' lang='lat' dir='ltr'><strong>supcr</strong></span> <span class='ocrx_word' id='word_1_205' title='bbox 1114 3868 1188 3945; x_wconf 92' lang='lat' dir='ltr'><strong>hoc</strong></span> <span class='ocrx_word' id='word_1_206' title='bbox 1207 3866 1382 3945; x_wconf 90' lang='lat' dir='ltr'><strong>absoluti.</strong></span> 
     </span>
     <span class='ocr_line' id='line_1_23' title="bbox 693 3994 1445 4101; baseline 0.005 -31"><span class='ocrx_word' id='word_1_207' title='bbox 693 3994 793 4073; x_wconf 89' lang='lat' dir='ltr'><strong>Jovis</strong></span> <span class='ocrx_word' id='word_1_208' title='bbox 811 4013 896 4101; x_wconf 91' lang='lat' dir='ltr'><strong>post</strong></span> <span class='ocrx_word' id='word_1_209' title='bbox 913 3996 1259 4077; x_wconf 88' lang='lat' dir='ltr'><strong>Annunciacionem</strong></span> <span class='ocrx_word' id='word_1_210' title='bbox 1279 3995 1445 4077; x_wconf 89' lang='lat' dir='ltr'><strong>Domini.</strong></span> 
     </span>
     <span class='ocr_line' id='line_1_24' title="bbox 695 4125 1146 4237; baseline 0.009 -34"><span class='ocrx_word' id='word_1_211' title='bbox 695 4125 922 4207; x_wconf 81' lang='lat' dir='ltr'><strong>Russelletus</strong></span> <span class='ocrx_word' id='word_1_212' title='bbox 936 4129 1146 4237; x_wconf 85' lang='lat' dir='ltr'><strong>reportavit.</strong></span> 
     </span>
    </p>
   </div>
   <div class='ocr_carea' id='block_1_3' title="bbox 638 4388 2062 5545">
    <p class='ocr_par' dir='ltr' id='par_1_3' title="bbox 638 4388 2062 5545">
     <span class='ocr_line' id='line_1_25' title="bbox 695 4388 2062 4501; baseline 0 -34"><span class='ocrx_word' id='word_1_213' title='bbox 695 4390 817 4471; x_wconf 86' lang='lat' dir='ltr'>XLVI.</span> <span class='ocrx_word' id='word_1_214' title='bbox 850 4392 947 4477; x_wconf 85' lang='lat' dir='ltr'><strong>Cum</strong></span> <span class='ocrx_word' id='word_1_215' title='bbox 967 4395 1108 4501; x_wconf 83' lang='lat' dir='ltr'><strong>Symon</strong></span> <span class='ocrx_word' id='word_1_216' title='bbox 1131 4393 1254 4473; x_wconf 88' lang='lat' dir='ltr'><strong>dictus</strong></span> <span class='ocrx_word' id='word_1_217' title='bbox 1271 4394 1405 4499; x_wconf 84' lang='lat' dir='ltr'><strong>Piquet</strong></span> <span class='ocrx_word' id='word_1_218' title='bbox 1424 4407 1551 4499; x_wconf 85' lang='lat' dir='ltr'><strong>ageret</strong></span> <span class='ocrx_word' id='word_1_219' title='bbox 1566 4408 1696 4468; x_wconf 89' lang='lat' dir='ltr'><strong>contra</strong></span> <span class='ocrx_word' id='word_1_220' title='bbox 1715 4390 1896 4467; x_wconf 89' lang='lat' dir='ltr'><strong>Jacobum</strong></span> <span class='ocrx_word' id='word_1_221' title='bbox 1917 4388 2062 4467; x_wconf 89' lang='lat' dir='ltr'><strong>dictum</strong></span> 
     </span>
     <span class='ocr_line' id='line_1_26' title="bbox 639 4517 2062 4629; baseline 0.002 -33"><span class='ocrx_word' id='word_1_222' title='bbox 639 4518 676 4597; x_wconf 93' lang='lat' dir='ltr'><strong>le</strong></span> <span class='ocrx_word' id='word_1_223' title='bbox 692 4520 721 4596; x_wconf 83' lang='lat' dir='ltr'><strong>F</strong></span> <span class='ocrx_word' id='word_1_224' title='bbox 724 4520 875 4613; x_wconf 86' lang='lat' dir='ltr'><strong>cutrier,</strong></span> <span class='ocrx_word' id='word_1_225' title='bbox 894 4539 932 4599; x_wconf 91' lang='lat' dir='ltr'><strong>et</strong></span> <span class='ocrx_word' id='word_1_226' title='bbox 951 4524 1155 4629; x_wconf 87' lang='lat' dir='ltr'><strong>quamdam</strong></span> <span class='ocrx_word' id='word_1_227' title='bbox 1174 4524 1332 4601; x_wconf 88' lang='lat' dir='ltr'><strong>domum</strong></span> <span class='ocrx_word' id='word_1_228' title='bbox 1351 4522 1461 4603; x_wconf 89' lang='lat' dir='ltr'><strong>sitam</strong></span> <span class='ocrx_word' id='word_1_229' title='bbox 1479 4520 1641 4599; x_wconf 84' lang='lat' dir='ltr'><strong>Parisios</strong></span> <span class='ocrx_word' id='word_1_230' title='bbox 1655 4549 1746 4628; x_wconf 90' lang='lat' dir='ltr'><strong>que,</strong></span> <span class='ocrx_word' id='word_1_231' title='bbox 1766 4548 1811 4597; x_wconf 82' lang='lat' dir='ltr'><strong>ex</strong></span> <span class='ocrx_word' id='word_1_232' title='bbox 1828 4517 2062 4599; x_wconf 80' lang='lat' dir='ltr'><strong>forisfactura</strong></span> 
     </span>
     <span class='ocr_line' id='line_1_27' title="bbox 638 4651 2061 4761; baseline 0.001 -32"><span class='ocrx_word' id='word_1_233' title='bbox 638 4651 819 4730; x_wconf 75' lang='lat' dir='ltr'><strong>bernardi</strong></span> <span class='ocrx_word' id='word_1_234' title='bbox 836 4652 927 4731; x_wconf 86' lang='lat' dir='ltr'><strong>dicti</strong></span> <span class='ocrx_word' id='word_1_235' title='bbox 942 4654 977 4733; x_wconf 89' lang='lat' dir='ltr'><strong>le</strong></span> <span class='ocrx_word' id='word_1_236' title='bbox 998 4654 1195 4744; x_wconf 87' lang='lat' dir='ltr'><strong>Cbauoier,</strong></span> <span class='ocrx_word' id='word_1_237' title='bbox 1213 4655 1261 4731; x_wconf 87' lang='lat' dir='ltr'><strong>ad</strong></span> <span class='ocrx_word' id='word_1_238' title='bbox 1276 4684 1346 4733; x_wconf 93' lang='lat' dir='ltr'><strong>nos</strong></span> <span class='ocrx_word' id='word_1_239' title='bbox 1361 4654 1576 4741; x_wconf 88' lang='lat' dir='ltr'><strong>devenerat,</strong></span> <span class='ocrx_word' id='word_1_240' title='bbox 1592 4680 1668 4761; x_wconf 88' lang='lat' dir='ltr'><strong>que</strong></span> <span class='ocrx_word' id='word_1_241' title='bbox 1684 4682 1753 4761; x_wconf 92' lang='lat' dir='ltr'><strong>per</strong></span> <span class='ocrx_word' id='word_1_242' title='bbox 1770 4669 1900 4761; x_wconf 80' lang='lat' dir='ltr'><strong>gentes</strong></span> <span class='ocrx_word' id='word_1_243' title='bbox 1914 4669 2061 4731; x_wconf 89' lang='lat' dir='ltr'><strong>nostras</strong></span> 
     </span>
     <span class='ocr_line' id='line_1_28' title="bbox 639 4781 2060 4893; baseline 0.001 -32"><span class='ocrx_word' id='word_1_244' title='bbox 639 4781 829 4863; x_wconf 90' lang='lat' dir='ltr'><strong>Castelleti</strong></span> <span class='ocrx_word' id='word_1_245' title='bbox 861 4784 1076 4867; x_wconf 89' lang='lat' dir='ltr'><strong>Parisiensis</strong></span> <span class='ocrx_word' id='word_1_246' title='bbox 1105 4787 1267 4893; x_wconf 82' lang='lat' dir='ltr'><strong>exposita</strong></span> <span class='ocrx_word' id='word_1_247' title='bbox 1291 4787 1432 4866; x_wconf 88' lang='lat' dir='ltr'><strong>venalis</strong></span> <span class='ocrx_word' id='word_1_248' title='bbox 1462 4785 1600 4879; x_wconf 85' lang='lat' dir='ltr'><strong>luerat,</strong></span> <span class='ocrx_word' id='word_1_249' title='bbox 1622 4803 1661 4864; x_wconf 91' lang='lat' dir='ltr'><strong>et</strong></span> <span class='ocrx_word' id='word_1_250' title='bbox 1689 4814 1759 4891; x_wconf 92' lang='lat' dir='ltr'><strong>pro</strong></span> <span class='ocrx_word' id='word_1_251' title='bbox 1788 4814 1861 4891; x_wconf 90' lang='lat' dir='ltr'><strong>qua</strong></span> <span class='ocrx_word' id='word_1_252' title='bbox 1887 4784 2060 4863; x_wconf 86' lang='lat' dir='ltr'><strong>habenda</strong></span> 
     </span>
     <span class='ocr_line' id='line_1_29' title="bbox 638 4912 2057 5024; baseline 0.001 -33"><span class='ocrx_word' id='word_1_253' title='bbox 638 4912 761 4993; x_wconf 80' lang='lat' dir='ltr'><strong>dictus</strong></span> <span class='ocrx_word' id='word_1_254' title='bbox 794 4916 936 5024; x_wconf 83' lang='lat' dir='ltr'><strong>Symon</strong></span> <span class='ocrx_word' id='word_1_255' title='bbox 967 4917 1114 4995; x_wconf 90' lang='lat' dir='ltr'><strong>dicebat</strong></span> <span class='ocrx_word' id='word_1_256' title='bbox 1137 4946 1193 5011; x_wconf 91' lang='lat' dir='ltr'><strong>se,</strong></span> <span class='ocrx_word' id='word_1_257' title='bbox 1224 4917 1318 4996; x_wconf 82' lang='lat' dir='ltr'><strong>infra</strong></span> <span class='ocrx_word' id='word_1_258' title='bbox 1349 4916 1522 4996; x_wconf 89' lang='lat' dir='ltr'><strong>debitum</strong></span> <span class='ocrx_word' id='word_1_259' title='bbox 1544 4932 1713 5022; x_wconf 87' lang='lat' dir='ltr'><strong>tempus,</strong></span> <span class='ocrx_word' id='word_1_260' title='bbox 1740 4915 1828 5021; x_wconf 91' lang='lat' dir='ltr'><strong>plus</strong></span> <span class='ocrx_word' id='word_1_261' title='bbox 1857 4913 2057 5009; x_wconf 89' lang='lat' dir='ltr'><strong>obtulisse,</strong></span> 
     </span>
     <span class='ocr_line' id='line_1_30' title="bbox 638 5044 2058 5155; baseline 0.001 -32"><span class='ocrx_word' id='word_1_262' title='bbox 638 5073 752 5152; x_wconf 90' lang='lat' dir='ltr'><strong>quam</strong></span> <span class='ocrx_word' id='word_1_263' title='bbox 767 5047 924 5125; x_wconf 89' lang='lat' dir='ltr'><strong>domurn</strong></span> <span class='ocrx_word' id='word_1_264' title='bbox 938 5048 1041 5127; x_wconf 92' lang='lat' dir='ltr'><strong>idem</strong></span> <span class='ocrx_word' id='word_1_265' title='bbox 1055 5047 1215 5127; x_wconf 82' lang='lat' dir='ltr'><strong>lacobus</strong></span> <span class='ocrx_word' id='word_1_266' title='bbox 1233 5048 1464 5155; x_wconf 87' lang='lat' dir='ltr'><strong>possidebat,</strong></span> <span class='ocrx_word' id='word_1_267' title='bbox 1478 5064 1625 5155; x_wconf 87' lang='lat' dir='ltr'><strong>peteret</strong></span> <span class='ocrx_word' id='word_1_268' title='bbox 1638 5046 1710 5124; x_wconf 88' lang='lat' dir='ltr'><strong>sibi</strong></span> <span class='ocrx_word' id='word_1_269' title='bbox 1722 5044 1928 5155; x_wconf 89' lang='lat' dir='ltr'><strong>adjudicari</strong></span> <span class='ocrx_word' id='word_1_270' title='bbox 1945 5047 2058 5126; x_wconf 87' lang='lat' dir='ltr'><strong>etde</strong></span> 
     </span>
     <span class='ocr_line' id='line_1_31' title="bbox 638 5174 2059 5287; baseline -0.001 -32"><span class='ocrx_word' id='word_1_271' title='bbox 638 5174 806 5269; x_wconf 89' lang='lat' dir='ltr'><strong>liberari,</strong></span> <span class='ocrx_word' id='word_1_272' title='bbox 824 5178 884 5257; x_wconf 86' lang='lat' dir='ltr'><strong>vel</strong></span> <span class='ocrx_word' id='word_1_273' title='bbox 903 5178 1034 5257; x_wconf 90' lang='lat' dir='ltr'><strong>saltem</strong></span> <span class='ocrx_word' id='word_1_274' title='bbox 1051 5180 1245 5287; x_wconf 85' lang='lat' dir='ltr'><strong>jussuum</strong></span> <span class='ocrx_word' id='word_1_275' title='bbox 1269 5180 1310 5257; x_wconf 92' lang='lat' dir='ltr'><strong>in</strong></span> <span class='ocrx_word' id='word_1_276' title='bbox 1330 5180 1463 5257; x_wconf 90' lang='lat' dir='ltr'><strong>eadem</strong></span> <span class='ocrx_word' id='word_1_277' title='bbox 1485 5178 1558 5257; x_wconf 91' lang='lat' dir='ltr'><strong>sibi</strong></span> <span class='ocrx_word' id='word_1_278' title='bbox 1579 5178 1726 5271; x_wconf 86' lang='lat' dir='ltr'><strong>salvari,</strong></span> <span class='ocrx_word' id='word_1_279' title='bbox 1749 5195 1789 5256; x_wconf 87' lang='lat' dir='ltr'><strong>et</strong></span> <span class='ocrx_word' id='word_1_280' title='bbox 1803 5176 2059 5257; x_wconf 86' lang='lat' dir='ltr'><strong>emolumenta</strong></span> 
     </span>
     <span class='ocr_line' id='line_1_32' title="bbox 638 5308 2058 5417; baseline -0.001 -32"><span class='ocrx_word' id='word_1_281' title='bbox 638 5335 705 5413; x_wconf 90' lang='lat' dir='ltr'><strong>per</strong></span> <span class='ocrx_word' id='word_1_282' title='bbox 734 5308 877 5387; x_wconf 84' lang='lat' dir='ltr'><strong>dictum</strong></span> <span class='ocrx_word' id='word_1_283' title='bbox 905 5312 1086 5390; x_wconf 90' lang='lat' dir='ltr'><strong>Jacobum</strong></span> <span class='ocrx_word' id='word_1_284' title='bbox 1112 5339 1157 5389; x_wconf 83' lang='lat' dir='ltr'><strong>ex</strong></span> <span class='ocrx_word' id='word_1_285' title='bbox 1181 5312 1278 5389; x_wconf 89' lang='lat' dir='ltr'><strong>dicta</strong></span> <span class='ocrx_word' id='word_1_286' title='bbox 1304 5311 1420 5389; x_wconf 90' lang='lat' dir='ltr'><strong>domo</strong></span> <span class='ocrx_word' id='word_1_287' title='bbox 1451 5327 1625 5417; x_wconf 85' lang='lat' dir='ltr'><strong>percepta</strong></span> <span class='ocrx_word' id='word_1_288' title='bbox 1647 5310 1720 5387; x_wconf 89' lang='lat' dir='ltr'><strong>sibi</strong></span> <span class='ocrx_word' id='word_1_289' title='bbox 1746 5311 1876 5400; x_wconf 91' lang='lat' dir='ltr'><strong>reddi,</strong></span> <span class='ocrx_word' id='word_1_290' title='bbox 1908 5336 2058 5387; x_wconf 91' lang='lat' dir='ltr'><strong>necnon</strong></span> 
     </span>
     <span class='ocr_line' id='line_1_33' title="bbox 639 5433 2052 5545; baseline 0.001 -35"><span class='ocrx_word' id='word_1_291' title='bbox 639 5433 801 5513; x_wconf 86' lang='lat' dir='ltr'><strong>litteram</strong></span> <span class='ocrx_word' id='word_1_292' title='bbox 831 5438 958 5517; x_wconf 89' lang='lat' dir='ltr'><strong>eidem</strong></span> <span class='ocrx_word' id='word_1_293' title='bbox 986 5440 1126 5520; x_wconf 89' lang='lat' dir='ltr'><strong>Jacobo</strong></span> <span class='ocrx_word' id='word_1_294' title='bbox 1152 5467 1363 5519; x_wconf 88' lang='lat' dir='ltr'><strong>concessam</strong></span> <span class='ocrx_word' id='word_1_295' title='bbox 1390 5468 1505 5545; x_wconf 90' lang='lat' dir='ltr'><strong>super</strong></span> <span class='ocrx_word' id='word_1_296' title='bbox 1530 5439 1750 5518; x_wconf 89' lang='lat' dir='ltr'><strong>vendicione</strong></span> <span class='ocrx_word' id='word_1_297' title='bbox 1777 5438 1875 5515; x_wconf 89' lang='lat' dir='ltr'><strong>dicte</strong></span> <span class='ocrx_word' id='word_1_298' title='bbox 1899 5436 2052 5525; x_wconf 83' lang='lat' dir='ltr'><strong>domus,</strong></span> 
     </span>
    </p>
   </div>
   <div class='ocr_carea' id='block_1_4' title="bbox 724 5592 1927 5655">
    <p class='ocr_par' dir='ltr' id='par_1_4' title="bbox 724 5592 1927 5655">
     <span class='ocr_line' id='line_1_34' title="bbox 724 5592 1927 5655; baseline 0.001 -5"><span class='ocrx_word' id='word_1_299' title='bbox 724 5612 775 5654; x_wconf 77' lang='lat' dir='ltr'><strong>aas</strong></span> <span class='ocrx_word' id='word_1_300' title='bbox 795 5612 876 5655; x_wconf 84' lang='grc' dir='ltr'><strong>οιιιι.</strong></span> <span class='ocrx_word' id='word_1_301' title='bbox 902 5616 946 5655; x_wconf 90' lang='grc' dir='ltr'><strong>ιιι.</strong></span> <span class='ocrx_word' id='word_1_302' title='bbox 1892 5592 1927 5651; x_wconf 83' lang='lat'><strong>13</strong></span> 
     </span>
    </p>
   </div>
   <div class='ocr_carea' id='block_1_5' title="bbox 0 0 2914 7287">
    <p class='ocr_par' dir='ltr' id='par_1_5' title="bbox 0 0 2914 7287">
     <span class='ocr_line' id='line_1_35' title="bbox 0 0 2914 7287; baseline 0 0"><span class='ocrx_word' id='word_1_303' title='bbox 0 0 2914 7287; x_wconf 95' lang='lat' dir='ltr'><strong> </strong></span> 
     </span>
    </p>
   </div>
  </div>
 </body>
</html>
