5817 7292
851 1108 921 1187 1711
1275 1121 1276 1125 ’
1426 1108 1515 1181 Lus
1546 1104 1689 1182 OLIM.

617 1270 747 1324 Parum
760 1266 804 1330 IV.
846 1254 971 1331 lenter
999 1266 1038 1327 et
1061 1248 1232 1331 indebite
1259 1248 1442 1331 ducentos
1468 1265 1506 1330 et
1530 1247 1682 1355 triginta
1708 1275 1852 1355 pannos
1872 1247 2062 1327 dictorum
2087 1273 2270 1333 mercato·

680 1361 743 1405 Μ’
846 1412 931 1461 rum
952 1381 1092 1487 cepisse
1114 1381 1267 1459 nomine
1288 1396 1496 1467 nostro,2et
1513 1379 1727 1457 vendidisse
1747 1408 1816 1486 pro
1836 1380 1960 1458 multo
1984 1381 2123 1459 minori
2143 1381 2270 1489 precio

847 1544 960 1622 quam
981 1512 1163 1600 valerent,
1186 1528 1369 1587 arrestum
1391 1512 1509 1587 eciam
1535 1526 1710 1587 nostrum
1738 1538 1852 1618 super
1878 1511 2105 1619 quibusdam
2129 1544 2273 1620 panno-

847 1675 931 1724 rum
950 1644 1207 1751 predictorum
1228 1642 1275 1717 de
1296 1641 1473 1719 mandato
1494 1657 1622 1717 nostro
1643 1640 1781 1718 factum
1802 1642 2139 1750 contemptibiliter
2158 1645 2272 1723 infre-

846 1778 958 1885 gisse,
983 1776 1220 1881 dampnaque
1241 1773 1312 1849 alia
1333 1772 1496 1878 plurima
1521 1770 1560 1845 in
1586 1770 1667 1848 aliis
1687 1772 1805 1849 'rebus
1824 1774 1902 1849 suis
1922 1774 2075 1882 injuste,
2098 1776 2169 1853 sub
2189 1806 2273 1882 pre-

846 1925 949 1987 textu
966 1906 1081 1988 ,officii
1103 1905 1173 1983 sibi
1194 1904 1401 1993 commissi,
1425 1902 1535 1980 dictis
1549 1903 1824 1981 mercatoribus
1837 1903 2010 1983 intulisse
2025 1936 2034 1993 3
2051 1937 2165 2012 quare
2182 1908 2270 1985 dicti

845 2056 1065 2147 procurator
1090 2056 1128 2115 et
1146 2054 1369 2115 mercatores
1388 2034 1571 2139 petebant
1593 2062 1707 2139 super
1730 2035 1803 2113 biis
1822 2035 1980 2141 inquiri,
2009 2036 2184 2143 ipsosque
2204 2041 2271 2115 Pe-

779 2236 782 2243 ,
846 2188 948 2249 trum
971 2188 1007 2247 et
1033 2168 1239 2247 Robertum
1266 2166 1336 2244 sibi
1362 2165 1648 2269 condempnari,
1671 2165 1711 2241 in
1731 2192 1777 2245 eo
1796 2169 1903 2273 quod
1922 2166 2011 2243 dicti
2035 2170 2150 2272 panni
2174 2169 2271 2247 vale·

844 2302 936 2379 bant
962 2302 1060 2379 ultra
1086 2326 1272 2377 summam
1303 2296 1407 2373 mille
1435 2297 1737 2402 octingentarum
1763 2313 1802 2374 et
1824 2297 2069 2405 quadraginta
2087 2298 2269 2377 librarum

846 2432 1144 2520 Turonensium‚
1164 2457 1256 2535 quas
1273 2428 1362 2503 inde
1383 2424 1592 2505 habuerant
1601 2415 1698 2503 dicti
1718 2443 1962 2513 mercatores,
1984 2444 2023 2505 et
2042 2428 2161 2506 eciam
2178 2458 2270 2507 con-

846 2562 1042 2669 dempnari
1064 2562 1102 2637 in
1123 2560 1227 2637 mille
1248 2576 1285 2635 et
1311 2557 1526 2665 quingentis
1549 2555 1656 2634 libris
1684 2557 1970 2636 Turonensibus
2002 2587 2071 2666 pro
2098 2559 2271 2666 dampnis

848 2694 1054 2799 deperditis
1080 2710 1117 2769 et
1141 2692 1321 2769 interesse
1343 2688 1542 2796 predictis;
1564 2716 1608 2771 ex
1627 2687 1781 2766 adverso
1801 2717 1906 2780 vero,
1931 2718 2001 2795 pro
2026 2690 2137 2768 dictis
2159 2692 2271 2769 Petro

847 2841 883 2901 et
908 2826 1092 2911 Roberto,
1115 2822 1311 2899 dicebatur
1331 2820 1451 2899 dictos
1471 2847 1616 2926 pannos
1642 2836 1768 2925 captos
1791 2818 1908 2897 fuisse
1934 2836 1973 2897 et
1996 2821 2171 2899 venditos
2190 2823 2270 2899 sine

845 2955 977 3033 fraude
1004 2970 1042 3034 et
1064 2983 1133 3061 pro
1154 2954 1315 3031 utilitate
1336 2970 1475 3040 nostra,
1498 2968 1613 3057 prout
1639 2950 1776 3029 melius
1794 2967 1887 3029 tunc
1912 2968 2120 3056 potuerunt
2143 2954 2269 3041 vendi,

847 3089 893 3165 de
926 3088 1104 3165 mandato
1136 3104 1173 3163 et
1204 3113 1356 3163 assensu
1387 3083 1549 3161 cantoris
1578 3083 1625 3158 de
1657 3082 1820 3159 Milliaco
1851 3112 1892 3159 ac
1922 3084 2068 3161 domini
2097 3084 2273 3162 Richardi

845 3220 986 3307 Touse,
1014 3235 1106 3294 tunc
1129 3216 1269 3294 ibidem
1296 3212 1713 3319 superintendencium,
1740 3228 1783 3289 ut
1810 3212 1928 3289 eciam
1959 3214 2121 3320 dampna
2147 3232 2274 3293 nostra

846 3378 914 3453 per
940 3351 1014 3425 boc
1042 3348 1269 3423 evitarentur
1293 3343 1455 3448 majora;
1481 3358 1637 3446 propter
1659 3368 1753 3445 quas
1776 3358 1815 3417 et
1838 3340 1929 3419 alias
1950 3342 2080 3446 plures
2102 3346 2273 3423 raciones

846 3478 1128 3584 proponebatur
1146 3500 1364 3579 processum
1385 3488 1515 3547 contra
1535 3496 1600 3546 eos
1619 3498 1732 3574 super
1751 3468 1824 3547 biis
1844 3470 1926 3547 fieri
1946 3500 2024 3548 non
2050 3474 2205 3560 debere,
2236 3492 2272 3551 et

847 3608 875 3684 si
898 3607 1016 3685 factus
1042 3622 1153 3694 esset,
1182 3604 1306 3709 ipsum
1331 3602 1471 3681 debere
1491 3600 1673 3689 anullari;
1695 3629 1859 3707 euinque
1885 3630 1998 3708 super
2022 3604 2096 3681 biis
2118 3606 2272 3683 mandu-

846 3739 1010 3817 verimus
1035 3737 1229 3814 veritatem
1260 3734 1416 3841 inquiri,
1446 3750 1485 3810 et
1509 3762 1578 3838 per
1602 3733 1817 3839 inquestani
1843 3734 1975 3812 factam
2003 3736 2199 3815 inventum
2226 3739 2274 3815 sit

846 3873 947 3978 ipsos
967 3873 1121 3947 Petrum
1141 3886 1180 3947 et
1199 3868 1409 3945 Robertum
1430 3866 1549 3944 dictos
1567 3894 1712 3971 pannos
1731 3864 1803 3943 sibi
1823 3866 1993 3945 indebite
2009 3870 2217 3959 attraxisse,
2236 3888 2273 3947 et

848 4002 970 4079 multo
989 4001 1128 4077 minori
1148 4000 1275 4107 precio
1295 4028 1410 4106 quam
1425 3998 1594 4076 valerent
1606 3996 1780 4075 venditos
1795 3998 1924 4088 fuisse,
1944 3998 2139 4076 inventum
2155 4002 2273 4077 eciam

848 4132 897 4209 sit
916 4147 1101 4213 arrestum
1121 4112 1294 4209 nostrum
1314 4130 1473 4209 fractum
1492 4128 1532 4208 in
1552 4128 1772 4237 hujusmodi
1788 4126 1919 4219 fuisse,
1942 4146 1980 4206 et
1999 4129 2119 4207 dictos
2140 4160 2274 4209 merca-

845 4281 947 4343 tores
974 4260 1259 4370 dampnificatos
1283 4262 1422 4371 injuste
1448 4288 1517 4367 per
1543 4261 1696 4340 eosdem
1721 4261 1876 4337 Petrum
1901 4278 1939 4337 et
1961 4261 2185 4354 Robertum,
2207 4292 2273 4341 seu
2320 4348 2329 4363 .

846 4422 914 4498 per
934 4424 1068 4472 eorum
1090 4394 1298 4485 ministros,
1326 4395 1379 4471 sic
1406 4391 1605 4471 manifeste
1627 4392 1668 4468 in
1695 4391 1897 4471 commisso
1924 4392 1996 4470 sibi
2024 4392 2149 4471 officio
2169 4422 2275 4474 exce·

849 4524 977 4600 dendo
995 4556 1004 4600 ι
1024 4524 1121 4603 Visis
1141 4523 1345 4630 superbiis
1372 4540 1410 4599 et
1428 4522 1567 4600 auditis
1586 4522 1659 4599 hiis
1680 4551 1754 4628 que
1774 4522 1915 4601 curiam
1935 4541 2103 4603 nostram
2124 4552 2274 4603 movere

847 4672 1020 4762 poterant
1041 4672 1077 4732 et
1103 4654 1314 4743 debebant,
1341 4683 1410 4760 per
1435 4654 1604 4759 ejusdem
1625 4653 1727 4730 curie
1754 4672 1881 4733 nostre
1901 4656 2106 4763 judicium,
2129 4656 2291 4733 dictum

849 4787 919 4863 suit
939 4786 1046 4892 quod
1067 4786 1157 4862 dicti
1177 4787 1310 4863 Petrus
1329 4801 1367 4861 et
1385 4783 1571 4862 Robertus
1590 4783 1753 4862 reddent
1778 4802 1817 4861 et
1839 4785 1984 4863 solvent
2005 4785 2273 4864 mercatoribus

849 4915 1046 4993 antedictis
1066 4914 1172 4993 mille
1193 4931 1409 4995 sexcentum
1436 4930 1473 4991 et
1496 4913 1650 5023 triginta
1669 4932 1746 4993 tres
1764 4914 1877 4993 libras
1896 4916 2154 5003 Turonenses,
2175 4914 2274 4993 ultra

850 5048 890 5124 id
916 5046 1020 5152 quod
1043 5046 1123 5155 jam
1148 5061 1372 5152 receperunt
1398 5044 1490 5121 dicti
1517 5062 1744 5123 mercatores
1768 5072 1838 5149 pro
1864 5043 1988 5121 valore
2016 5044 2272 5151 predictorum

848 5204 1082 5286 pannorum;
1103 5175 1263 5255 reddent
1283 5176 1400 5253 eciam
1421 5175 1492 5269 eis,
1514 5205 1583 5282 pro
1605 5174 1777 5283 dampnis
1795 5174 1867 5253 sibi
1887 5174 2000 5252 illatis
2020 5175 2060 5253 in
2078 5174 2272 5281 predictis,

850 5308 955 5387 mille
971 5308 1084 5386 libras
1098 5310 1353 5398 Turonenses,
1377 5307 1581 5417 nobisque,
1604 5338 1672 5416 pro
1693 5308 1853 5385 emenda
1872 5321 2013 5394 nostra,
2033 5307 2179 5387 solvent
2195 5308 2273 5387 duo

849 5412 970 5529 millia
986 5441 1168 5521 librarum
1184 5424 1485 5531 'Turonensium‚
1502 5440 1602 5521 salvo
1613 5442 1700 5548 jure
1715 5438 1902 5517 dictorum
1921 5456 2169 5519 mercatorum
2185 5469 2276 5519 con·
