5817 7292
1060 1104 1329 1261 euousrss
1354 1170 1419 1243 nr
1444 1152 1650 1244 esoces.
1898 1138 1906 1145 ’
1998 1180 2067 1248 117

646 1326 686 1387 et
714 1312 823 1402 inde,
854 1327 892 1388 et
916 1310 1003 1389 visis
1028 1310 1210 1419 inquestis
1235 1340 1349 1418 super
1379 1313 1454 1391 hoc
1478 1311 1604 1403 sactis,
1634 1312 1915 1419 perjudicium
1941 1334 2069 1395 nostre
2103 1336 2292 1401 -anmtv,

646 1442 750 1519 ‹arrie
765 1440 910 1519 dictum
929 1439 1000 1519 luit
1016 1458 1056 1519 et
1074 1443 1199 1521 cidem
1219 1442 1405 1521 Tassardo
1421 1443 1635 1550 injunctum
1649 1444 1754 1551 quod
1766 1444 1845 1551 ipsc
1863 1446 2068 1552 predictam
2168 1426 2232 1471 Μ’

646 1568 811 1651 litteram
830 1571 941 1651 nobis
959 1570 1137 1651 redderet
1156 1590 1194 1650 et
1212 1572 1431 1681 assignaret,
1453 1602 1541 1651 cum
1563 1602 1642 1651 non
1662 1573 1777 1653 luerit
1798 1590 1991 1681 repertum
2013 1578 2070 1683 ip-

646 1732 731 1781 sum
751 1706 969 1814 magistrum
990 1706 1201 1785 lobannem
1221 1708 1406 1814 recepisse
1421 1706 1566 1814 aliquid
1579 1706 1628 1785 de
1644 1735 1790 1786 summa
1805 1706 1966 1813 pecunie
1985 1736 2070 1814 pre·

648 1834 758 1912 dicta.
788 1835 875 1929 Quo
902 1851 1044 1913 arresto
1066 1836 1120 1913 sic
1141 1837 1405 1943 pronunciata,
1438 1837 1561 1916 dictus
1587 1838 1794 1917 Tassardus
1821 1838 2069 1918 incontinenti

647 1966 750 2043 curie
776 1983 903 2045 nostre
927 1966 1095 2045 reddidit
1120 1985 1158 2045 et
1182 1968 1378 2078 assignavit
1401 1968 1610 2076 predictam
1635 1970 1799 2048 litteram
1825 1970 2007 2079 integram
2031 1989 2070 2049 et

645 2096 802 2175 illesam.
1923 2080 1929 2091 ⁴

701 2228 855 2305 Veneris
875 2244 960 2306 ante
981 2229 1271 2319 Pantbecosten,
1294 2258 1392 2309 anno
1408 2234 1676 2312 trecentesimo
1695 2236 1825 2313 tercio.

701 2492 760 2568 lll.
792 2490 906 2580 Cum,
928 2520 972 2570 ex
986 2511 1094 2601 parte
1112 2513 1240 2573 usura
1255 2513 1294 2573 et
1312 2522 1381 2603 pro
1400 2497 1525 2586 nobis,
1547 2497 1679 2576 luisset
1693 2499 1929 2604 propositum
1944 2515 2070 2576 contra

645 2622 872 2701 Tassardum
892 2624 940 2701 de
960 2623 1271 2717 RibodoMonte,
1296 2626 1421 2705 filium
1446 2646 1485 2705 et
1508 2629 1690 2707 heredem
1715 2628 1882 2706 defuncti
1904 2630 2070 2738 magistri

644 2752 826 2831 Iohannis
841 2754 889 2831 de
903 2755 1220 2846 Ribodo-Moute,
1238 2758 1345 2865 quod
1360 2756 1503 2836 litteras
1515 2776 1676 2846 nostras,
1696 2760 1737 2834 in
1752 2759 1893 2865 quibus
1906 2760 2071 2836 contine-

645 2882 758 2961 batur
777 2914 860 2974 nos,
892 2913 936 2964 ex
956 2914 1066 2963 causa
1084 2888 1227 2977 mutui,
1258 2888 1442 2996 obligatos
1467 2917 1549 2967 esse
1567 2888 1656 2966 ville
1683 2905 1722 2966 et
1747 2889 2000 2997 burgensibus
2015 2890 2070 2967 'de

645 3013 775 3093 Duaco
795 3016 834 3091 in
853 3015 976 3093 tribus
991 3015 1160 3095 millibus
1175 3016 1283 3097 libris
1298 3018 1584 3113 Parisiensibus,
1602 3020 1726 3098 dictus
1739 3019 1916 3130 magister
1931 3020 2072 3097 Joban·

645 3172 731 3235 nes,
753 3162 925 3251 tempore
949 3175 1028 3253 quo
1048 3148 1130 3254 ipsc
1149 3148 1310 3238 vivebat,
1332 3178 1353 3225 a
1380 3149 1491 3227 dictis
1508 3150 1762 3257 burgensibus
1779 3149 1977 3241 babuerat,
2002 3178 2071 3257 pro

644 3275 863 3383 recipiendo
888 3296 926 3354 et
950 3276 1206 3386 recuperando
1229 3308 1249 3357 a
1271 3279 1382 3357 nobis
1407 3279 1551 3357 dictum
1575 3280 1764 3371 debitum,
1789 3282 1942 3359 nomine
1964 3282 2072 3361 etad

646 3432 743 3512 opus
762 3406 852 3485 ville
871 3408 1055 3516 predicte,
1081 3426 1120 3487 et
1135 3410 1240 3516 quod
1263 3409 1367 3488 idem
1382 3410 1561 3519 magister
1571 3412 1761 3490 Jobannes
1779 3411 1885 3491 mille
1905 3432 1945 3490 et
1962 3415 2073 3520 quin-

646 3554 775 3643 gentas
789 3536 904 3616 libras
916 3538 1143 3617 Parisienses
1156 3569 1177 3617 a
1192 3540 1304 3618 nobis
1318 3558 1530 3647 receperat,
1546 3542 1700 3619 nomine
1717 3542 1817 3620 dicte
1831 3542 1937 3633 ville,
1955 3560 1994 3620 et
2009 3574 2073 3622 su·

644 3694 713 3772 per
734 3668 955 3776 hujusmodi
976 3667 1095 3746 debiti
1115 3670 1337 3777 recepciune
1360 3670 1548 3778 obligatus
1569 3690 1649 3749 erat
1669 3672 1779 3750 dictis
1797 3672 2069 3781 burgensibus,

645 3812 816 3904 tempore
835 3796 1052 3877 rebellionis
1071 3828 1220 3890 eorum,
1241 3818 1397 3908 propter
1412 3830 1577 3908 quorum
1592 3801 1862 3893 rebellionem,
1878 3822 1955 3881 tarn
1974 3805 2072 3884 obli-

645 3926 750 4032 gacio
764 3927 932 4033 predicta
947 3956 1059 4035 quam
1074 3947 1198 4008 cetera
1216 3932 1387 4039 ipsorum
1401 3931 1651 4039 burgensium
1669 3932 1769 4010 bona
1783 3934 1896 4013 nobis
1908 3936 1948 4011 in
1967 3961 2071 4013 com-

645 4057 803 4135 missum
823 4078 1024 4151 venerunt,
1047 4062 1210 4169 ideoque
1230 4065 1392 4171 petitum
1412 4062 1545 4141 suisset
1561 4064 1610 4139 ad
1629 4064 1766 4141 eodem
1783 4066 1982 4156 Tassardo‚
2002 4098 2070 4174 pro

645 4187 772 4278 nobis,
794 4190 900 4296 quod
916 4190 995 4298 ipsc
1012 4192 1151 4269 dictam
1166 4195 1383 4301 pecuniam,
1404 4193 1543 4271 adicto
1561 4211 1667 4299 patre
1685 4222 1755 4273 suo
1774 4212 1979 4301 receptam,
1998 4199 2072 4274 vir-

644 4332 726 4395 tute
740 4318 926 4397 dictarum
942 4322 1151 4401 litterarum
1168 4324 1279 4403 nobis
1292 4324 1473 4403 redderet
1487 4341 1526 4401 et
1537 4324 1755 4432 assignaret,
1770 4341 1809 4401 et
1820 4325 1939 4403 eciam
1954 4326 2071 4407 dictas

645 4448 804 4543 litteras,
824 4453 855 4529 si
872 4470 996 4530 essem
1017 4454 1118 4561 apud
1139 4456 1283 4561 ipsum,
1301 4472 1340 4534 et
1355 4484 1376 4533 e
1394 4472 1540 4545 contra,
1555 4483 1625 4562 pro
1643 4473 1749 4564 parte
1769 4455 1862 4533 dicti
1877 4458 2068 4551 Tassardi,

643 4578 819 4686 pluribus
831 4582 1046 4663 racionibus
1056 4583 1188 4663 luisset
1197 4586 1433 4694 prepositum
1445 4614 1486 4665 se
1495 4586 1543 4663 ad
1554 4586 1627 4663 boc
1636 4613 1715 4664 non
1726 4588 2068 4683 teneris'l'andem,
2113 4674 2118 4680 ,

645 4710 784 4789 auditis
799 4712 991 4793 hincinde
1005 4700 1222 4823 propositis,
1240 4736 1279 4797 et
1292 4718 1378 4797 visis
1392 4718 1578 4825 inquestis
1589 4746 1704 4826 super
1718 4717 1791 4797 hiis
1805 4718 1925 4811 factis,
1940 4724 2072 4832 perju-

645 4842 788 4921 dicium
807 4863 934 4925 nostre
955 4848 1076 4938 curie,
1098 4848 1241 4929 dictum
1255 4850 1327 4928 suit
1346 4868 1385 4928 ct
1398 4850 1524 4928 eidem
1539 4850 1724 4928 Tassardo
1738 4851 1950 4959 injunctum
1964 4856 2071 4960 quod

644 4972 723 5080 ipse
732 4975 941 5055 Tassardus
953 4973 1092 5056 dictam
1104 4980 1266 5087 pecunie
1277 5010 1465 5060 summam
1481 4981 1617 5059 edicto
1625 4999 1732 5089 patre
1743 5010 1832 5070 suo,
1847 4984 1985 5062 virtute
1998 4986 2072 5064 die

642 5118 767 5183 tarum
790 5104 1020 5199 litterarum,
1042 5139 1064 5187 a
1083 5110 1194 5189 nobis
1218 5130 1425 5221 receptam,
1449 5111 1561 5191 nobis
1581 5112 1755 5191 restituat
1772 5131 1811 5192 et
1833 5116 2010 5224 assignet,
2028 5146 2070 5195 ac

644 5234 761 5315 dictas
786 5236 930 5319 litteras
953 5242 983 5319 si
1009 5242 1110 5351 apud
1130 5244 1254 5349 ipsum
1276 5244 1444 5322 existant.
1466 5244 1617 5340 Quibus
1636 5245 1727 5325 actis
1745 5246 1885 5326 deinde
1903 5248 2005 5339 visis,
2032 5265 2071 5325 ct

642 5366 817 5474 perlectis
842 5372 978 5452 rotulis
1006 5391 1044 5452 et
1070 5374 1217 5482 scriptis
1242 5398 1368 5454 nostre
1397 5404 1545 5454 camere
1572 5375 1837 5469 denariorum,
1863 5394 1995 5456 vocato
2021 5378 2068 5455 ad

643 5495 716 5573 hoc
737 5518 979 5604 procuratore
1000 5503 1089 5580 dicti
1111 5506 1305 5599 Tassardi‚
1323 5505 1518 5586 inventum
1533 5504 1607 5585 fuit
1623 5506 1730 5613 quod
1750 5507 1873 5585 dictus
1893 5507 2070 5613 magister
