5817 7292
1011 1072 1367 1180 snootrusnr
1393 1072 1600 1167 rnocts.
1937 1094 2007 1177 aar

600 1232 742 1319 venire;
757 1229 903 1310 dicebat
913 1233 1029 1309 eciam
1046 1232 1168 1311 dictus
1179 1234 1296 1311 Caute
1312 1235 1416 1339 qnod
1430 1234 1553 1310 dictus
1566 1230 1810 1319 Guillelmus,
1826 1234 2015 1311 veniendo
2055 1238 2185 1295 eurtum
2195 1240 2239 1303 tv,

600 1380 728 1439 contra
748 1364 1018 1441 conventiones
1036 1364 1221 1470 predictas
1237 1379 1275 1440 et
1294 1391 1355 1441 eas
1372 1363 1629 1470 infringendo,
1648 1363 1720 1438 iter
1734 1361 1944 1466 predictum
1964 1365 2016 1440 iu·
2117 1332 2180 1374 Μ’

563 1590 573 1601 1
599 1511 742 1571 tereos
761 1509 985 1571 conventum
1008 1493 1215 1583 dimiserat,
1236 1512 1274 1572 et
1293 1495 1413 1572 dictos
1432 1493 1606 1572 trosellos
1619 1523 1689 1601 per
1703 1492 1814 1569 aliam
1833 1494 1928 1571 viam
1949 1524 2016 1573 sen

601 1624 673 1701 iter
693 1624 863 1712 duxerat,
879 1624 1055 1702 videlicet
1069 1652 1136 1731 per
1154 1642 1325 1703 montem
1347 1626 1395 1703 de
1415 1625 1712 1702 Monte-Ceuisio
1731 1640 1769 1700 et
1789 1623 1933 1700 directo
1950 1652 2018 1730 per

601 1754 783 1831 civitatem
800 1770 838 1830 et
852 1770 990 1831 terram
1005 1754 1118 1844 d'Ast,
1137 1755 1202 1832 ubi
1222 1772 1301 1833 erat
1318 1784 1451 1863 magua
1467 1782 1616 1864 guerra,
1630 1754 1670 1830 iu
1686 1782 1761 1859 qna
1778 1770 1877 1828 terra
1896 1752 2018 1831 dictus

600 1881 826 1961 Guillelmus
836 1883 956 1961 dictos
966 1883 1159 1963 trossellos
1171 1914 1210 1962 se
1222 1885 1386 1962 amisisse
1398 1884 1565 1971 dicebat,
1582 1882 1684 1989 quod
1699 1910 1777 1959 nou
1790 1881 2015 1989 contigisset,

600 2030 643 2089 ut
662 2013 809 2091 dicebat
827 2013 929 2092 idem
949 2014 1078 2107 Caute,
1095 2016 1125 2093 si
1143 2015 1296 2121 pariter
1312 2031 1538 2091 conventum
1558 2011 1677 2091 dictos
1696 2010 1872 2089 trosellos
1891 2013 2018 2091 duxis-

598 2159 670 2230 set;
688 2143 809 2233 unde,
832 2171 919 2219 cum
938 2143 1027 2220 dicti
1039 2143 1191 2249 triginta
1204 2144 1372 2249 quinque
1390 2142 1472 2219 dies
1491 2140 1586 2217 iufra
1604 2170 1701 2247 quos
1719 2141 1842 2219 dictus
1857 2141 2018 2220 Guillel-

597 2299 700 2363 mus,
717 2271 927 2350 secuudum
938 2272 1209 2350 conventiones
1221 2271 1425 2378 predictas,
1439 2271 1561 2349 dictos
1571 2271 1791 2349 troussellos
1803 2299 2015 2377 pannorum

529 2434 534 2443 ·
596 2402 634 2479 iu
658 2402 802 2479 civitate
821 2404 945 2481 Saone
964 2401 1126 2480 reddere
1143 2419 1181 2479 et
1198 2401 1407 2480 deliberare
1428 2400 1554 2479 eidem
1573 2401 1709 2493 Caute,
1733 2404 1792 2480 vel
1812 2405 1894 2511 ejus
1914 2422 2016 2483 certo

597 2532 792 2621 mandato,
816 2530 996 2619 debebat,
1020 2532 1085 2608 diu
1112 2547 1205 2619 erat,
1233 2548 1356 2608 essent
1375 2531 1509 2638 elapsi,
1533 2530 1675 2637 absque
1695 2560 1740 2610 eo
1766 2534 1873 2638 quod
1896 2533 2017 2611 dictus

596 2662 828 2741 Guillelmus
841 2661 1020 2749 duxisset,
1037 2660 1265 2739 reddidisset
1278 2688 1346 2738 seu
1360 2660 1602 2739 deliberasset
1616 2661 1742 2737 eidem
1763 2662 1880 2740 Caute
1899 2661 2018 2740 dictm

596 2792 816 2871 troussellos
828 2792 1037 2871 secuudum
1052 2791 1157 2899 qnod
1171 2808 1408 2881 convenerat,
1426 2809 1464 2869 et
1472 2810 1586 2899 prout
1595 2793 1643 2871 de
1658 2793 1704 2869 iis
1715 2792 1755 2867 iu
1764 2792 2017 2871 instrumento

595 2922 749 3028 publico
759 2950 799 2999 so
812 2922 1056 3028 obligaverat;
1069 2922 1201 3015 immo,
1217 2920 1332 2999 dictas
1345 2922 1615 3000 convenciones
1625 2920 1882 3032 infringendo,
1893 2940 2016 3001 totum

596 3052 822 3131 contrarium
848 3051 1000 3143 lecerat,
1026 3068 1071 3129 ut
1092 3051 1257 3142 dicebat;
1276 3078 1392 3159 quare
1414 3050 1566 3157 petebat
1590 3052 1713 3130 dictus
1737 3053 1854 3131 Caute
1874 3053 2016 3131 dictum

594 3182 858 3271 Guillelmum,
869 3210 938 3289 per
948 3182 1089 3259 dictum
1102 3182 1349 3288 prepositum,
1361 3183 1630 3288 condempnari
1643 3183 1865 3290 etoompelli
1879 3184 1926 3261 ad
1937 3183 2019 3262 red·

594 3313 765 3391 dendum
781 3312 905 3391 eidem
921 3312 1107 3419 sexaginta
1122 3330 1285 3419 quatuor
1297 3312 1519 3390 troussellos
1534 3313 1723 3417 predictos
1737 3342 1812 3391 uua
1830 3344 1916 3391 cum
1931 3316 2018 3392 toti-

594 3447 682 3523 dem
695 3443 827 3550 pauuis
843 3442 995 3521 nomine
1012 3468 1108 3549 pene
1123 3442 1273 3547 duppli,
1285 3441 1344 3519 vel
1362 3441 1494 3549 viginti
1507 3442 1624 3519 millia
1642 3442 1843 3534 librarum,
1858 3461 1935 3521 tam
1947 3473 2017 3552 pro

594 3574 717 3653 valore
728 3575 915 3651 dictorum
922 3599 1134 3677 pannorum
1147 3599 1260 3677 quam
1267 3600 1337 3677 pro
1349 3572 1445 3649 dicta
1455 3599 1553 3677 pena
1566 3572 1714 3675 duppli,
1726 3572 1934 3651 secuudum
1945 3575 2018 3653 dio

593 3721 650 3781 tas
666 3703 952 3791 convencioues,
971 3728 1046 3777 una
1066 3729 1152 3776 cum
1172 3700 1333 3777 serentis
1349 3715 1388 3777 et
1403 3701 1647 3806 quadraginta
1661 3699 1769 3776 libris
1787 3728 1881 3804 quas
1896 3702 2017 3780 dictus

595 3829 901 3936 Guillelmuspro
915 3829 1015 3907 dicta
1027 3846 1190 3920 vectura,
1207 3857 1321 3936 quam
1338 3856 1415 3907 nou
1427 3828 1580 3918 lecerat,
1595 3858 1616 3905 a
1632 3829 1733 3905 dicto
1746 3828 1864 3907 Caute
1876 3830 2017 3908 habue-

595 3976 653 4037 rat
669 3977 708 4038 et
725 3975 929 4065 receperat,
946 3974 1155 4064 protestans
1172 3958 1220 4035 de
1240 3958 1317 4035 suis
1338 3958 1526 4063 dampnis,
1546 3958 1760 4065 sumptibus
1779 3976 1817 4035 et
1835 3960 2015 4040 iuteresse

595 4090 679 4169 loco
691 4106 730 4168 et
740 4106 912 4194 tempore
922 4087 1111 4193 petendis3
1125 4086 1224 4165 dieto
1236 4086 1454 4177 Guillelmo,
1467 4087 1515 4165 ad
1527 4087 1585 4165 sui
1597 4087 1872 4179 defensionem,
1888 4091 2016 4196 plures

594 4223 763 4299 raciones
783 4219 825 4296 iu
839 4218 1068 4296 contrarium
1084 4235 1319 4325 proponente
1340 4235 1377 4296 et
1397 4218 1546 4296 dicente
1564 4218 1685 4326 quod,
1702 4219 1741 4295 iu
1755 4247 1914 4325 persona
1930 4250 2012 4311 sua,

594 4374 788 4456 uunquam
807 4376 895 4427 cum
910 4348 1012 4425 dicto
1033 4349 1151 4427 Caute
1171 4365 1420 4437 contraxerat,
1443 4349 1510 4427 sed
1530 4376 1661 4429 verum
1682 4366 1762 4426 erat
1783 4352 1886 4456 quod
1905 4353 2017 4430 certis

594 4480 675 4567 die,
692 4480 774 4558 loco
786 4496 823 4557 et
838 4479 943 4567 bora,
958 4478 1196 4585 presentibus
1208 4480 1317 4557 certis
1326 4479 1498 4586 personis
1513 4480 1561 4558 ad
1574 4480 1812 4570 hocvocatis,
1825 4482 1923 4558 iuter
1939 4483 2018 4559 dio-

592 4630 672 4691 tum
687 4610 822 4699 Caute,
834 4611 989 4689 nomine
1005 4640 1087 4699 suo,
1103 4627 1141 4689 et
1153 4610 1406 4718 quorumdam
1420 4611 1581 4690 aliorum
1596 4629 1864 4705 mercatorum,
1877 4630 1916 4691 et
1928 4612 2016 4692 Ger-

593 4743 734 4821 vasium
750 4741 921 4833 Martini,
945 4742 1212 4831 vecturarium,
1232 4743 1386 4821 nomine
1406 4770 1494 4832 suo,
1512 4744 1629 4847 ipsius
1647 4741 1841 4821 Guillelmi
1860 4760 1899 4820 et
1917 4745 2015 4823 duo·

592 4902 677 4951 rum
690 4900 845 4953 suorum
855 4874 1061 4962 sociorum,
1077 4890 1301 4952 conventum
1315 4892 1352 4951 et
1361 4874 1629 4952 concordatum
1644 4872 1766 4951 fuerat
1777 4874 1826 4952 de
1839 4873 2015 4953 ducendo

592 5002 780 5107 predictos
790 5004 978 5113 sexaginta
988 5020 1151 5109 quatuor
1159 5004 1378 5082 troussellos
1392 5005 1438 5081 de
1447 5003 1610 5081 Parisios
1620 5003 1670 5081 ad
1678 5001 1864 5083 civitatem
1874 5005 2010 5097 Saone,

592 5159 661 5239 pro
684 5136 809 5239 precio
830 5134 961 5213 decem
981 5133 1164 5213 librarum
1182 5134 1444 5213 Parisiensium
1465 5134 1675 5241 quemlibet
1698 5134 1956 5223 tronssellum,
1977 5152 2015 5212 et

593 5262 695 5366 quod
713 5264 869 5344 indicto
889 5281 1083 5345 contractu
1104 5282 1141 5343 et
1160 5266 1198 5343 iu
1221 5266 1483 5344 concordando
1505 5266 1648 5343 dictum
1667 5282 1899 5345 contractum
1916 5266 2014 5342 iuter

594 5416 674 5477 eos,
693 5419 860 5498 expressa
877 5414 914 5475 et
934 5396 1122 5504 designata
1138 5395 1286 5475 fueraut
1300 5412 1399 5477 certa
1415 5396 1496 5477 loca
1509 5424 1667 5505 perque
1687 5397 1778 5474 dicti
1794 5395 2010 5507 Gervasius,
