5817 7292
932 1123 1005 1194 678
1508 1117 1598 1189 tus
1627 1115 1764 1191 OLIM.

706 1274 835 1327 ranan
848 1260 892 1335 ll.
930 1262 1056 1339 minus
1063 1262 1164 1368 juste
1178 1273 1215 1335 et
1228 1257 1308 1335 sine
1319 1286 1426 1336 causa
1439 1258 1671 1346 racionabili‚
1688 1258 1806 1335 dictos
1816 1274 1969 1335 centum
1982 1258 2124 1337 solidos
2139 1266 2252 1341 annui
2263 1295 2349 1343 oeu-

768 1364 830 1407 1³11.

931 1421 995 1471 sus
1015 1391 1061 1467 ad
1082 1390 1235 1467 eosdem
1258 1388 1505 1494 pertinentes,
1528 1419 1572 1466 ex
1593 1387 1713 1467 causis
1729 1388 1923 1493 predictis,
1947 1416 2064 1495 quare
2083 1391 2235 1496 petebat
2260 1424 2346 1500 pre-

931 1523 1059 1613 missa,
1075 1518 1228 1597 nomine
1241 1548 1317 1625 quo
1332 1547 1460 1626 supra,
1475 1520 1522 1595 ad
1536 1519 1660 1625 ipsum
1675 1518 1864 1625 pertinere
1877 1547 1947 1625 per
1959 1519 2103 1597 dictum
2112 1524 2348 1629 prepositum

930 1650 1123 1739 declarari,
1143 1666 1182 1727 et
1197 1648 1338 1727 dictum
1354 1649 1563 1727 iohannem
1583 1648 1631 1725 ad
1643 1648 1882 1726 reddendum
1896 1648 2039 1727 eisdem
2055 1651 2176 1730 dictos
2195 1673 2346 1733 centum

929 1784 1085 1873 solidos,
1101 1809 1144 1859 ex
1164 1780 1281 1859 causis
1296 1779 1491 1885 predictis,
1508 1778 1774 1885 condempnari
1796 1795 1834 1856 et
1852 1781 2044 1886 compelli3
2059 1782 2163 1860 dicto
2175 1786 2347 1864 lohanne

929 1912 1088 2009 Qui-Pie
1112 1912 1153 1987 in
1168 1910 1396 1989 contrarium
1416 1924 1604 1987 asserente
1625 1909 1744 1986 dictos
1770 1924 1924 1985 centum
1951 1909 2093 1989 solidos
2116 1939 2162 1987 ex
2177 1913 2284 2020 justo
2307 1934 2347 1993 et

929 2042 1114 2152 legittimo
1139 2040 1252 2117 titulo
1277 2039 1325 2117 ad
1353 2067 1440 2116 eum
1461 2038 1669 2145 pertinere,
1691 2037 1866 2115 videlicet
1885 2066 1929 2115 ex
1946 2066 2055 2116 causa
2072 2043 2280 2146 empeiouis
2297 2045 2345 2122 ab

930 2173 1064 2250 eodem
1083 2171 1176 2248 lacte
1198 2171 1245 2247 de
1273 2168 1380 2247 dictis
1400 2186 1555 2247 centum
1578 2168 1711 2247 solidis
1736 2197 1756 2244 a
1784 2167 1881 2245 dicta
1905 2168 2049 2259 Aelidi,
2074 2187 2241 2277 tempore
2264 2203 2341 2280 quo

853 2407 860 2421 ι
929 2305 1008 2410 ipsa
1027 2301 1188 2393 vivebat,
1206 2301 1254 2379 ad
1273 2328 1388 2407 quam
1407 2298 1659 2405 pertinebant,
1684 2316 1866 2404 quantum
1886 2300 1935 2377 ad
1953 2300 2240 2379 usum-fructum
2257 2322 2343 2381 tan-

929 2432 1145 2521 tummodo,
1168 2448 1246 2509 eta
1266 2430 1366 2508 dicto
1386 2432 1511 2519 Petro,
1534 2427 1613 2507 filio
1637 2457 1726 2522 suo,
1748 2430 1796 2506 ad
1816 2458 1931 2536 quem
1947 2416 2202 2536 pertinebant,
2224 2461 2343 2539 quan-

928 2581 1011 2641 tum
1031 2563 1078 2641 ad
1103 2562 1388 2670 proprietatem,
1415 2589 1460 2638 ex
1484 2559 1694 2637 donacione
1718 2559 1811 2636 olim
1837 2559 1980 2637 eisdem
2003 2558 2097 2637 facta
2121 2593 2142 2638 a
2166 2563 2343 2668 magistro

929 2695 1094 2773 Fulcone
1120 2694 1167 2770 de
1191 2692 1395 2778 Lauduno‚
1418 2690 1609 2796 quondam
1634 2689 1769 2767 clerico
1789 2689 1935 2767 domini
1953 2691 2071 2799 regis3
2093 2692 2159 2797 qui
2178 2694 2347 2798 preposi-

929 2844 1005 2917 tus,
1031 2822 1169 2901 auditis
1196 2822 1304 2899 dictis
1328 2820 1512 2928 partibus,
1539 2819 1682 2896 dictum
1706 2819 1918 2896 iohannem
1942 2820 2101 2913 Qui-Pie
2126 2822 2172 2898 ab
2198 2823 2347 2928 impeti-

930 2956 1037 3035 cione
1058 2954 1175 3061 ipsius
1193 2952 1292 3030 Petri
1312 2952 1360 3028 de
1379 2950 1586 3038 Pontisara,
1608 2949 1827 3027 nominibus
1844 2950 1984 3056 quibus
2003 2979 2131 3056 supra,
2148 2980 2344 3058 persuum

924 3085 1130 3193 judicium,
1153 3083 1326 3171 absolvit,
1348 3111 1369 3159 a
1392 3110 1469 3189 quo
1485 3080 1656 3188 judicato
1682 3080 1804 3156 dictus
1824 3081 1972 3172 Petrus,
1997 3097 2191 3188 tamqnam
2210 3112 2230 3159 a
2250 3081 2346 3161 falso

930 3233 967 3294 et
991 3214 1101 3321 pravo
1126 3214 1174 3291 ad
1197 3230 1362 3292 nostram
1387 3211 1529 3288 curiam
1552 3209 1776 3316 appellavit:
1801 3210 1891 3290 Viso
1909 3211 2023 3319 igitur
2042 3210 2143 3289 dicto
2166 3240 2345 3317 processu

929 3363 966 3421 et
991 3343 1292 3451 deposicionibus
1316 3342 1469 3418 testium
1494 3367 1608 3445 super
1634 3340 1706 3417 boc
1730 3340 2015 3445 productorum,
2036 3368 2181 3419 necnon
2205 3341 2342 3418 litteris

928 3493 965 3553 et
988 3473 1246 3553 instrumentis
1270 3501 1290 3548 a
1315 3470 1424 3548 dictis
1443 3469 1613 3575 partibus
1637 3470 1677 3545 in
1700 3470 1860 3547 modum
1887 3470 2119 3577 probaciouis
2143 3470 2343 3575 productis

926 3604 1077 3710 plenius
1101 3602 1322 3693 intellectis,
1348 3627 1417 3707 per
1440 3598 1543 3700 curie
1568 3615 1695 3676 nostre
1711 3598 1916 3706 judicium,
1937 3598 2078 3677 dictum
2100 3598 2172 3677 luit
2193 3598 2345 3705 predic-

927 3758 1008 3819 tum
1029 3734 1263 3844 prepositum
1281 3731 1379 3810 bene
1395 3730 1581 3839 judicasse
1603 3745 1642 3806 et
1665 3728 1808 3807 dictum
1829 3730 1982 3808 Petrum
2001 3727 2098 3806 male
2120 3727 2344 3834 appellasse,

929 3887 968 3947 et
986 3867 1090 3976 quod
1110 3865 1189 3970 ipse
1207 3862 1282 3942 hoc
1301 3859 1530 3939 emendabit.

983 3995 1140 4077 Veneris
1157 4011 1243 4101 post
1261 3992 1499 4100 quendenam
1513 3990 1790 4069 Penthecostes.

983 4129 1033 4207 M.
1050 4126 1093 4201 R.
1115 4123 1163 4201 de
1182 4122 1367 4219 Briancon
1386 4120 1598 4227 reportavit.

985 4385 1107 4467 xLffl.
1138 4386 1235 4462 Cum
1254 4381 1417 4462 Guiotus
1435 4379 1549 4458 Ansel
1571 4380 1618 4457 de
1641 4376 1837 4459 Guerardo
1857 4396 1896 4458 et
1912 4379 2048 4459 Gilona
2067 4380 2103 4457 la
2123 4376 2341 4471 Cordelete,

927 4522 975 4599 ad
989 4514 1206 4597 instanciam
1224 4512 1406 4591 lobannis
1427 4510 1476 4587 de
1495 4508 1721 4597 Belvaciuio‚
1742 4509 1868 4587 ballivi
1885 4510 2004 4588 nostri
2019 4509 2197 4597 Creciaci,
2219 4510 2344 4615 impo-

928 4652 1048 4729 nentis
1064 4646 1205 4725 eisdem
1226 4644 1331 4751 quod
1349 4658 1452 4719 erant
1470 4640 1781 4747 impociouatores
1799 4643 1973 4749 gencium
1994 4658 2032 4719 et
2049 4639 2154 4747 quod
2173 4640 2337 4745 primum

928 4781 1102 4859 maritum
1117 4776 1234 4882 ipsius
1249 4772 1385 4854 Gilone
1400 4771 1758 4880 impocionaverant,
1775 4772 1815 4848 in
1828 4788 1999 4849 nostrum
2013 4769 2251 4849 Castelletum
2268 4769 2338 4843 Pa—

927 4912 1121 4989 risiensem
1136 4905 1283 4984 diucius
1295 4904 1451 4982 luissent
1464 4921 1502 4980 et
1514 4900 1636 4980 adhuc
1649 4918 1773 4979 essent
1785 4928 1929 4979 carcere
1944 4900 2158 5008 mancipati,
2172 4898 2335 5005 ipsique,

927 5070 1039 5148 super
1049 5038 1225 5148 predictis
1238 5054 1276 5115 et
1288 5035 1369 5112 aliis
1379 5035 1683 5142 quibuscamque
1694 5032 1912 5114 criminibus
1921 5032 1991 5110 sibi
2003 5031 2198 5139 impositis,
2207 5028 2340 5106 volun-

924 5189 1001 5249 tate
1025 5170 1192 5278 propria,
1217 5195 1257 5245 se
1276 5164 1559 5272 supposuissent
1576 5164 1768 5270 inqueste,
1790 5192 1912 5242 coram
1934 5162 2082 5240 dilectis
2101 5178 2140 5238 et
2158 5158 2340 5237 fidelibus

924 5301 1099 5410 gentibus
1114 5294 1251 5374 uostris
1266 5294 1389 5400 laycis,
1405 5309 1497 5372 tunc
1516 5294 1564 5371 ad
1584 5292 1899 5371 deliberacionem
1917 5292 2174 5399 predictorum
2188 5307 2227 5367 et
2242 5316 2342 5366 nou-

929 5428 1122 5507 nullorum
1145 5424 1305 5504 aliorum
1331 5423 1371 5501 in
1402 5422 1504 5500 dicto
1533 5423 1734 5501 Castelleto
1759 5441 1889 5503 nostro
1914 5422 2156 5501 detentorum
2181 5450 2202 5497 a
2227 5416 2340 5497 uobis
