5817 7292
859 1134 932 1204 276
1436 1128 1526 1200 LES
1556 1126 1698 1199 OLIM.

632 1283 763 1336 suum
774 1281 819 1346 Ν.
914 1274 976 1350 111.
1007 1273 1130 1377 Super
1147 1270 1258 1348 bonis
1272 1267 1439 1347 defuncti
1459 1268 1624 1376 magistri
1641 1270 1681 1344 P.
1704 1268 1751 1345 de
1768 1267 2057 1358 Sancto-Mario,
2072 1287 2199 1350 contra
2215 1274 2284 1352 Ar-

694 1373 758 1417 mi
859 1403 1016 1482 naldum
1032 1400 1247 1508 Reginaldi,
1264 1400 1441 1490 militem,
1460 1417 1498 1476 et
1513 1398 1698 1506 quosdam
1715 1398 1823 1487 alios,
1846 1397 2067 1478 informacio
2089 1404 2282 1482 senescalli

859 1531 1129 1612 xanctonensis
1150 1530 1249 1609 male
1268 1528 1341 1608 fuit
1358 1530 1468 1620 lacta,
1492 1545 1530 1606 et
1548 1530 1681 1606 iterato
1702 1529 1779 1605 fiet.

917 1799 977 1877 IV.
1009 1796 1107 1875 Cum
1117 1793 1157 1870 in
1168 1821 1276 1871 causa
1289 1794 1470 1870 retractu's
1483 1791 1732 1868 controversia
1742 1807 1950 1871 verteretur
1962 1793 2061 1870 inter
2073 1793 2285 1874 Guillotum

861 1929 898 2005 le
920 1927 1017 2014 Col,
1039 1953 1127 2002 cnm
1148 1924 1367 2002 auctoritate
1392 1923 1529 2000 tutoris
1551 1949 1620 1999 seu
1644 1922 1824 1999 curatoris
1850 1922 1927 2013 sui,
1949 1952 1994 2000 ex
2012 1951 2088 2002 una
2106 1944 2227 2030 parte,
2250 1943 2287 2003 et

861 2061 1016 2136 Petrum
1032 2060 1080 2134 de
1099 2058 1236 2135 Damas
1251 2074 1289 2134 et
1304 2055 1503 2164 Agnetem‚
1524 2054 1605 2162 ejus
1621 2083 1794 2144 uxorem,
1811 2056 1956 2148 exalia,
1975 2085 2099 2134 coram
2115 2058 2285 2136 lohanne

864 2189 900 2267 le
923 2189 1136 2279 Cochetier,
1157 2206 1310 2266 tenente
1330 2188 1472 2277 locum,
1497 2213 1565 2263 seu
1585 2185 1727 2263 curiam
1750 2215 1989 2264 communem
2010 2214 2077 2295 pro
2098 2189 2222 2294 priore
2247 2205 2285 2265 et

866 2338 1052 2398 conventu
1074 2316 1753 2426 Sancti-Martini-juxta-Pontisaram,
1773 2319 1958 2396 abbatissa
1977 2335 2015 2396 et
2031 2337 2216 2397 conventu
2235 2319 2284 2398 de

865 2451 1112 2530 Maubuisson
1139 2467 1177 2527 et
1201 2448 1326 2556 priore
1351 2448 1476 2526 Sancti
1501 2447 1600 2524 Petri
1627 2448 1674 2525 de
1700 2449 1892 2526 Pontisara
1911 2477 1952 2525 ac
1972 2448 2160 2554 Stephano
2182 2448 2283 2528 dicto

866 2579 1079 2670 Loumelle,
1105 2579 1333 2656 habentibus
1356 2607 1425 2683 pro
1452 2576 1610 2654 indiviso
1631 2578 1936 2684 jurisdictionem
1964 2578 2003 2654 in
2028 2578 2110 2656 loco
2133 2578 2200 2657 ubi
2224 2608 2285 2656 res

866 2712 966 2787 iuter
980 2712 1096 2786 dictas
1110 2725 1234 2815 partes
1252 2709 1490 2785 contenciose
1505 2725 1593 2784 sunt
1604 2709 1757 2799 situata,
1773 2735 1887 2816 super
1903 2707 2065 2814 eoquod
2079 2708 2203 2786 dictus
2217 2710 2287 2786 mi-

866 2868 947 2928 nor,
965 2869 1052 2916 cum
1068 2839 1286 2916 auctoritate
1301 2838 1486 2944 predicta,
1504 2838 1657 2943 petebat
1676 2838 1858 2943 quasdam
1879 2867 1939 2916 res
1958 2837 2181 2926 inmobiles,
2197 2866 2287 2945 quas

868 2970 966 3047 dicta
981 2970 1103 3078 Agnes
1120 2987 1262 3048 emerat
1275 2970 1322 3046 ab
1342 2970 1471 3046 amitta
1490 2969 1581 3045 dicti
1600 2969 1774 3061 minoris,
1797 2986 1992 3048 moventes
2008 2999 2052 3048 ex
2068 2971 2183 3049 latere
2201 2999 2285 3058 suo,

868 3102 1062 3178 offerendo
1073 3101 1145 3179 sibi
1157 3101 1254 3178 iufra
1267 3119 1418 3207 tempus
1431 3099 1621 3177 sufficiens
1634 3101 1834 3207 pecuniam
1847 3130 1914 3179 seu
1924 3103 2095 3209 precium
2104 3102 2287 3180 dictarum

867 3260 994 3310 rerum
1011 3249 1242 3339 emptarum3
1259 3258 1375 3336 quare
1390 3230 1543 3336 petebat
1557 3230 1674 3308 dictas
1690 3259 1751 3308 res
1771 3231 1843 3308 sibi
1863 3231 2080 3320 deliberari,
2095 3250 2288 3339 tamquam

868 3361 1086 3468 proximiori
1111 3361 1158 3438 de
1185 3389 1321 3468 genere
1347 3361 1561 3468 apparenti,
1583 3378 1687 3468 parte
1707 3363 1858 3440 adversa
1877 3362 1916 3438 in
1941 3363 2171 3440 eonmrium
2191 3391 2288 3441 asse·

869 3509 992 3578 rente,
1011 3506 1050 3569 et
1067 3510 1318 3599 proponente,
1340 3492 1471 3570 multis
1491 3492 1724 3584 racionibus,
1743 3494 1886 3570 dictum
1907 3493 2093 3570 minorem
2107 3520 2184 3570 non
2206 3520 2286 3572 esse

869 3622 918 3699 ad
939 3621 1078 3699 dicem
1095 3624 1358 3702 retractionem
1376 3623 1676 3717 admittendum,
1694 3643 1733 3703 et
1749 3625 1868 3702 dictos
1881 3625 2059 3732 conjuges
2073 3651 2151 3701 non
2165 3625 2285 3702 teneri

868 3753 1097 3860 respondere
1112 3754 1292 3860 peticioni
1314 3754 1500 3862 predicte3
1521 3755 1586 3862 qui
1603 3755 1727 3834 dictus
1745 3773 1879 3834 tenens
1898 3755 2039 3843 locum,
2060 3782 2127 3832 seu
2144 3756 2286 3833 curiam

869 3884 1056 3962 dictorum
1073 3885 1333 3976 dominorum,
1354 3888 1492 3964 auditis
1511 3888 1726 3966 nacionibus
1743 3889 1833 3965 hinc
1850 3888 1956 3978 inde,
1977 3915 2045 3993 per
2063 3915 2174 3964 suum
2186 3885 2288 3992 judi-

868 4016 969 4092 cium
991 4017 1251 4121 pronunciavit
1270 4018 1390 4096 dictos
1410 4018 1588 4126 conjuges
1615 4048 1693 4096 non
1712 4021 1834 4097 teneri
1860 4019 2090 4126 respondere
2110 4016 2289 4123 peticioni

869 4145 958 4223 dicti
974 4147 1147 4240 minoris,
1164 4149 1284 4228 immo
1295 4179 1360 4228 eos
1373 4150 1512 4228 debere
1529 4151 1706 4227 recedere
1723 4151 1802 4227 sine
1817 4150 1896 4240 die,
1912 4167 2103 4258 tamquam
2116 4148 2289 4256 deadjor-

869 4294 996 4367 natos;
1018 4307 1039 4354 a
1062 4308 1138 4384 quo
1156 4281 1340 4388 judicato,
1358 4298 1551 4387 umquam
1568 4280 1661 4358 falso
1676 4298 1713 4358 et
1725 4308 1852 4387 pravo,
1872 4279 1994 4358 dictus
2007 4280 2134 4357 minor
2146 4280 2194 4356 ad
2207 4307 2288 4356 nos

867 4420 964 4482 tram
991 4408 1132 4486 curiam
1158 4412 1380 4518 appellavit:
1403 4412 1591 4502 Tandem,
1610 4411 1781 4518 inquesta
1797 4439 1910 4518 super
1933 4410 2007 4490 hoc
2035 4411 2083 4489 de
2107 4409 2285 4488 mandato

869 4552 996 4613 nostro
1008 4537 1117 4631 lacta,
1132 4542 1208 4618 visa
1222 4560 1261 4619 et
1274 4543 1475 4650 diligenter
1491 4543 1674 4649 inspecta,
1691 4543 1981 4648 pronunciatum
1994 4540 2083 4633 fuit,
2096 4569 2165 4646 per
2183 4540 2285 4618 curie

868 4684 994 4744 nostre
1006 4668 1211 4773 judicium,
1232 4671 1377 4749 dictum
1396 4672 1522 4750 locum
1542 4689 1736 4751 tenentem
1750 4672 1848 4749 male
1862 4673 2066 4779 judicasse,
2086 4688 2126 4748 et
2141 4670 2284 4747 dictum

867 4796 1055 4875 minorem
1069 4800 1167 4878 bene
1182 4818 1219 4878 et
1229 4802 1411 4911 legittime
1428 4803 1651 4911 appellasse,
1669 4820 1707 4882 et
1718 4803 1824 4910 quod
1841 4831 1954 4910 super
1968 4800 2163 4909 principali
2176 4827 2285 4878 causa

867 4925 969 5002 curia
987 4925 1049 5004 hic
1068 4931 1296 5020 remanebit,
1317 4950 1355 5010 et
1373 4934 1479 5038 quod
1500 4933 1622 5010 dictus
1641 4933 1766 5012 locum
1786 4949 1918 5012 tenens
1937 4933 2011 5010 hoc
2030 4931 2257 5010 emendabit.

920 5056 1119 5136 Dominica
1137 5079 1224 5167 post
1244 5064 1393 5142 octabas
1411 5063 1635 5170 Epiphania.

922 5190 1095 5269 Bocellns
1109 5196 1321 5301 reportavit.

918 5453 964 5531 V.
995 5453 1091 5535 Cum
1119 5474 1340 5564 procurator
1369 5459 1632 5567 religiosorum
1662 5459 1825 5538 virorum
1850 5460 1994 5539 abbatis
2019 5475 2055 5537 et
2081 5474 2287 5536 conventus
