5817 7292
913 1112 987 1190 690
1487 1112 1578 1189 trs
1607 1113 1746 1191 OLIM.

687 1283 817 1337 esurus
830 1276 875 1343 tv.
911 1284 1031 1370 gnon,
1050 1286 1094 1339 ex
1112 1273 1217 1367 parte
1231 1282 1325 1348 una,
1346 1273 1385 1337 et
1403 1256 1560 1337 domum
1585 1256 1783 1337 Guillelmi
1796 1256 1885 1336 dicti
1901 1258 2065 1366 Bmgue,
2080 1281 2126 1335 er
2145 1257 2274 1351 altera,
2290 1261 2333 1339 in

749 1370 812 1414 ¹³¹¹·
912 1390 1056 1471 sensu
1082 1390 1218 1499 puoso
1247 1389 1794 1495 Sancti-Martinitte-csmpis,
1822 1390 1870 1468 aa
1889 1390 2014 1497 ipsum
2040 1389 2253 1467 iohannem
2284 1392 2333 1471 aa
2392 1397 2397 1407 ·

912 1524 1033 1601 Mares
1046 1520 1299 1629 pertinebant,
1317 1548 1361 1598 ex
1371 1520 1580 1598 donacionc
1590 1516 1765 1598 sibiiacta
1779 1550 1849 1629 per
1859 1519 2098 1601 Gilcbertum
2108 1520 2160 1598 de
2174 1521 2337 1601 Grandi-

912 1652 1150 1742 Moleudino,
1167 1651 1302 1758 quise,
1321 1650 1360 1727 iu
1376 1676 1489 1728 manu
1504 1651 1593 1727 dicti
1609 1651 1806 1759 prepositi,
1824 1651 2053 1741 divestierat,
2069 1678 2112 1729 er
2128 1678 2240 1730 causa
2250 1678 2336 1759 pre-

913 1781 1026 1871 dicta,
1040 1799 1078 1860 et
1091 1780 1315 1859 dissaisierat
1325 1780 1373 1857 de
1387 1779 1497 1858 dictis
1506 1781 1638 1873 rebus3
1652 1798 1690 1858 et
1701 1780 1804 1858 idem
1816 1782 2046 1889 prepositus,
2060 1781 2174 1860 dictis
2184 1781 2336 1863 divesti-

910 1932 994 1992 turs
1013 1930 1052 1994 et
1067 1914 1260 1993 dissaisina
1275 1913 1451 2020 receptis,
1472 1913 1521 1992 de
1536 1912 1942 1992 voluntateetasseusu
1953 1912 2115 2020 predicti
2128 1912 2331 2006 Gileberti,

913 2046 1077 2125 eundem
1095 2046 1302 2123 Johannem
1324 2044 1371 2121 de
1393 2046 1514 2123 Mares
1534 2044 1771 2122 investiverat
1783 2060 1822 2122 et
1841 2044 2009 2126 saisierat
2026 2043 2073 2120 dc
2091 2041 2250 2134 eisdem,
2264 2070 2334 2151 per

911 2175 1158 2254 tradicionem
1180 2174 1415 2283 quarundam
1433 2174 1644 2253 litterarum
1666 2202 1779 2282 super
1798 2192 1991 2253 contractu
2011 2173 2225 2251 donacionis
2246 2200 2334 2280 pre-

914 2304 1013 2383 dicte
1028 2306 1297 2395 confecturom,
1315 2332 1408 2411 quas
1422 2332 1483 2382 res
1496 2303 1567 2383 sibi
1584 2306 1755 2395 donatos,
1772 2322 1817 2382 ut
1832 2304 2056 2411 premissum
2067 2320 2137 2395 est,
2152 2302 2242 2380 dicti
2262 2302 2332 2381 de-

913 2435 1109 2513 fendentes
1128 2435 1254 2512 miuus
1268 2434 1370 2543 juste
1388 2434 1609 2511 detinebant
1629 2450 1842 2541 occupatas,
1861 2452 1905 2513 ut
1923 2435 2027 2512 idem
2043 2450 2145 2511 ector
2162 2432 2327 2525 diceban

913 2592 1028 2673 quare
1042 2562 1210 2671 petebat,
1230 2592 1298 2671 per
1317 2564 1460 2642 dictum
1478 2564 1727 2672 prepositum,
1745 2564 1924 2643 declarari
1939 2564 2131 2642 dictasres
2146 2563 2330 2671 adipsum

911 2696 1100 2803 pertinere
1129 2712 1167 2772 et
1187 2695 1275 2784 sibi,
1298 2722 1366 2803 per
1389 2695 1536 2773 dictum
1553 2694 1803 2803 prepositum,
1825 2694 2032 2803 adjudicari
2055 2711 2094 2771 et
2114 2692 2330 2787 deliberari,

911 2826 1090 2935 predictis
1117 2825 1408 2905 defendentibus
1422 2827 1561 2906 multas
1582 2827 1752 2905 raciones
1769 2824 2069 2935 proponentibus
2090 2852 2134 2903 ex
2159 2826 2331 2914 adversm

912 2957 1052 3038 auditis
1064 2957 1178 3065 igitur
1189 2958 1357 3065 parcium
1369 2956 1585 3037 nacionibus
1591 2958 1860 3065 predictarum,
1876 2958 2000 3036 dictus
2011 2956 2240 3063 prepositus,
2254 2982 2335 3062 pre·

913 3086 1304 3168 dictos'defendentes
1328 3089 1375 3168 ab
1400 3090 1642 3197 impericiona
1660 3088 1828 3196 predicta
1849 3089 1941 3167 dicti
1961 3087 2113 3178 actoru,
2133 3114 2332 3194 persuum

906 3217 1113 3325 judicium,
1133 3218 1313 3311 absoirit3
1334 3248 1355 3297 a
1377 3248 1453 3328 quo
1474 3220 1664 3328 judicato,
1687 3238 1868 3326 tanquam
1894 3218 1988 3298 falso
2007 3236 2047 3297 et
2064 3245 2196 3325 pruvo,
2226 3216 2331 3295 idem

914 3366 1017 3428 actor
1031 3349 1079 3426 ed
1098 3367 1265 3430 nostram
1285 3351 1427 3429 curiam
1437 3352 1654 3459 appellavit:
1670 3351 1819 3430 Auditis
1839 3352 1954 3459 igitur
1974 3351 2085 3428 dictis
2101 3348 2271 3457 partibus
2286 3348 2328 3425 in

914 3504 1021 3556 causa
1040 3479 1307 3585 appellucionis
1319 3481 1504 3589 predicte,
1519 3500 1558 3559 et
1569 3483 1651 3562 viso
1660 3482 1761 3560 dicte
1770 3509 1879 3561 cause
1891 3480 2083 3589 principali
2092 3506 2271 3586 processu
2284 3506 2332 3558 ac

912 3609 1084 3715 pluribus
1108 3610 1368 3690 instrumentis
1388 3629 1428 3691 et
1447 3590 1686 3720 processibus
1699 3613 1782 3692 aliis
1797 3642 1909 3723 super
1923 3614 1998 3691 boc
2016 3612 2106 3688 binc
2123 3608 2214 3688 iude
2228 3608 2330 3688 exbi-

912 3739 1003 3819 bitis
1017 3739 1219 3850 diiigenter
1237 3742 1430 3850 inspectis,
1450 3744 1556 3851 quia,
1578 3772 1649 3851 per
1666 3744 1848 3852 predicta,
1865 3761 2101 3852 compertum
2116 3758 2174 3819 est
2186 3739 2334 3819 medic·

911 3887 1027 3950 tutem
1048 3871 1138 3949 dicti
1161 3872 1309 3950 dimidii
1329 3874 1427 3953 stalli
1441 3877 1489 3953 de
1503 3874 1648 3953 censiva
1665 3892 1791 3953 nostra
1810 3903 1908 3966 esse,
1923 3891 1963 3952 et
1975 3873 2217 3953 medietstem
2233 3870 2331 3949 dicte

912 4000 1050 4080 domus
1064 4002 1112 4078 de
1126 4003 1270 4080 censiva
1279 4004 1414 4111 prioris
1423 4005 1711 4084 Sancti-Martini
1728 4006 1976 4112 existere,per
1985 4005 2088 4082 curie
2097 4019 2226 4081 nostre
2228 4000 2332 4109 judi·

912 4133 1030 4221 cium,
1053 4131 1196 4209 dictum
1214 4133 1287 4211 fuit
1305 4132 1520 4240 predictum
1539 4135 1791 4243 prepositum,
1812 4152 1999 4245 qrrautum
2023 4132 2073 4212 sd
2089 4130 2331 4211 medietatem

912 4260 1003 4339 dicti
1024 4262 1174 4341 dimidii
1194 4264 1311 4354 stalli,
1329 4266 1445 4356 bene,
1468 4283 1507 4344 ct
1521 4284 1706 4375 quantum
1725 4267 1774 4344 ad
1788 4265 2033 4345 medietatem
2053 4265 2153 4345 dicte
2173 4264 2328 4351 domus,

765 4454 770 4464 .
912 4389 981 4469 site
1002 4392 1042 4469 in
1055 4394 1200 4471 censiva
1216 4394 1527 4487 Sancti-Martini,
1544 4397 1591 4475 de
1610 4426 1684 4505 qua
1703 4397 1827 4476 dictus
1840 4398 2055 4506 prepositus
2072 4394 2246 4474 saisinam
2259 4410 2331 4471 tra·

912 4521 1061 4603 diderat
1079 4523 1179 4603 dicto
1199 4526 1333 4617 actori,
1354 4526 1452 4607 male
1471 4528 1750 4637 pronunciasse.

966 4654 1143 4731 Mercurii
1163 4656 1343 4762 predicta.

966 4782 1017 4861 Μ.
1038 4780 1085 4860 G.
1107 4784 1155 4862 de
1174 4786 1270 4865 Usco
1291 4788 1505 4895 reportavit

963 5045 1043 5126 LIV
1048 5107 1056 5123 .
1090 5046 1187 5126 Cum
1201 5048 1383 5140 uobis‚ex
1395 5066 1501 5157 parte
1511 5048 1713 5142 Guidonis,
1726 5050 1872 5130 domiui
1888 5049 1938 5129 ds
1951 5048 2162 5137 Serenam,
2176 5040 2325 5133 mitius,

907 5191 945 5253 et
956 5176 1152 5255 bertrandi
1168 5178 1215 5257 de
1229 5178 1465 5288 Balaguerio,
1478 5180 1687 5272 domicelli,
1703 5198 1743 5261 et
1753 5180 1912 5261 aliorum
1928 5178 2243 5259 condomiuorum
2257 5200 2332 5251 ras·

905 5308 954 5385 tri
970 5308 1018 5388 de
1032 5308 1190 5402 Punuco,
1210 5308 1356 5402 brisset,
1371 5314 1658 5421 conquerendo,
1675 5328 1926 5393 monstratum
1940 5310 2063 5419 quod,
2081 5335 2170 5388 cum
2183 5304 2270 5414 ipsi,
2286 5319 2331 5381 ut

907 5436 1096 5535 dicebant,
1112 5442 1297 5524 haberent
1309 5460 1346 5523 et
1357 5442 1610 5535 habuerint,e
1624 5462 1797 5553 tempore
1811 5444 1921 5553 cujus
1932 5439 2115 5521 memoria
2125 5435 2330 5519 bominum
