5817 7292
886 1098 960 1175 398
1464 1094 1555 1167 LES
1584 1092 1721 1168 otlnt.

654 1250 783 1304 rernm
803 1248 847 1311 tv,
885 1238 1054 1317 dandum
1073 1238 1153 1317 sine
1169 1236 1324 1315 licencia
1340 1235 1429 1313 dicti
1446 1234 1634 1341 capicerii,
1652 1235 1813 1316 amoveri
1834 1234 1992 1323 debere,
2014 1234 2226 1347 dictamque
2239 1244 2306 1321 sai·

723 1340 785 1383 Μ’
886 1371 1003 1447 sinam
1026 1368 1151 1447 cidem
1170 1366 1353 1474 capicerio
1375 1366 1513 1445 debere
1534 1363 1733 1443 deliberari
1753 1382 1792 1441 et
1805 1365 1937 1455 reddi,
1959 1366 2203 1449 salvatamen
2220 1400 2306 1477 pro-

882 1501 1052 1608 prietatis
1076 1499 1274 1609 questione
1295 1526 1409 1605 cuper
1427 1498 1501 1575 boo
1518 1496 1702 1576 movenda
1721 1523 1789 1603 per
1806 1524 1892 1588 nos,
1913 1497 1945 1575 si
1963 1515 2005 1578 et
2022 1501 2175 1607 quando
2196 1501 2305 1581 nobis

882 1629 1277 1737 videbiturexpedire.

938 1762 1037 1841 lovis
1051 1778 1136 1867 post
1148 1759 1296 1841 octabas
1314 1758 1537 1865 Epiphanio,

940 1894 991 1971 M.
1011 1892 1057 1972 G.
1081 1893 1128 1970 de
1148 1892 1244 1969 Usco
1264 1888 1475 1997 reportavit.

940 2156 983 2231 X.
1015 2154 1116 2232 Mota
1136 2153 1202 2230 lite
1224 2152 1321 2229 inter
1338 2150 1518 2229 ballivum
1543 2166 1712 2229 nostrum
1733 2151 2065 2242 silvanectensem,
2087 2182 2156 2261 pm
2175 2158 2298 2246 nobis,

886 2314 930 2371 ex
949 2312 1025 2365 una
1043 2301 1165 2392 parta,
1187 2301 1226 2361 et
1246 2282 1464 2391 episcopum
1483 2281 1761 2371 belvacensem,
1784 2310 1829 2361 ex
1848 2282 1978 2372 altera,
2000 2313 2177 2391 supereo
2197 2288 2302 2393 quod

885 2418 1008 2495 dictus
1019 2415 1184 2495 ballivus
1203 2414 1390 2493 asserebat
1409 2441 1479 2491 nos
1504 2441 1584 2491 esse
1609 2413 1649 2489 in
1664 2414 1804 2503 saisina
1821 2414 1896 2496 alte
1914 2432 1953 2493 et
1969 2416 2076 2495 basse
2093 2417 2243 2525 justicie
2263 2420 2303 2495 in

886 2550 1003 2627 domo
1028 2547 1119 2624 dicti
1150 2546 1314 2653 episcopi
1343 2545 1391 2623 de
1414 2546 1585 2623 Bnurran
1615 2562 1653 2623 et
1671 2546 1828 2653 itt-ejus
1850 2547 2109 2653 pertinenciis,
2134 2566 2176 2627 et
2203 2576 2304 2628 com·

885 2677 1118 2758 morantibus
1139 2676 1299 2763 ibidem,
1327 2702 1442 2783 quare
1461 2674 1615 2781 petebat
1636 2675 1739 2760 bona
1757 2676 1940 2758 lobannis
1961 2676 2116 2785 Doingi,
2137 2704 2305 2763 commo·

886 2808 1002 2885 rantis
1020 2808 1060 2883 in
1074 2806 1170 2885 dicta
1192 2806 1325 2896 dom0,
1347 2822 1385 2883 et
1406 2806 1445 2881 in
1466 2805 1598 2884 eadem
1618 2803 1734 2884 domo
1753 2807 2177 2913 exurendatamquam
2196 2808 2307 2885 nobis

886 2936 1100 3027 commissa,
1112 2952 1266 3043 propter
1279 2934 1396 3041 ipsius
1409 2934 1593 3022 lobannis
1607 2934 1926 3024 delicummohis
1938 2937 2306 3045 applicari,etimpe-

886 3071 1098 3151 dimentum
1110 3084 1266 3173 exparte
1277 3066 1561 3174 dictiepiseopi,
1577 3068 1617 3145 in
1631 3067 1742 3146 dictis
1752 3068 1866 3147 bonis
1878 3068 2108 3176 appositum,
2123 3070 2303 3157 amoveri,

887 3220 924 3279 et
944 3201 1118 3279 saisinam
1138 3199 1238 3277 dicte
1252 3198 1404 3305 justicie
1424 3198 1562 3281 adnot
1581 3199 1770 3304 pectinem
1789 3198 1989 3290 declararit
2011 3198 2112 3279 dicto
2132 3200 2304 3306 episcopo

887 3332 926 3409 in
946 3335 1176 3409 contrarium
1195 3344 1381 3409 asserente
1407 3356 1446 3409 se
1467 3356 1548 3409 eam
1572 3346 1610 3409 ct
1634 3329 1918 3436 predecessores
1937 3358 2025 3409 suos
2043 3330 2158 3411 luibae
2177 3330 2218 3409 in
2236 3331 2306 3407 sai·

888 3462 967 3539 sina
988 3460 1085 3541 dicte
1097 3459 1246 3568 justicie
1265 3476 1303 3537 et
1313 3459 1635 3565 -pertinenciarurn
1649 3461 1836 3568 ejusdem,
1852 3488 1968 3569 quare
1983 3460 2134 3568 petebat
2151 3488 2305 3539 manum

889 3605 1070 3677 nostram,
1093 3606 1269 3697 tanquam
1289 3589 1508 3697 superioris,
1530 3590 1673 3669 ibidem
1694 3592 1914 3698 appositam,
1933 3589 2110 3702 amoveri,
2131 3590 2182 3666 ita
2200 3590 2305 3697 quod

889 3724 937 3801 de
954 3721 1053 3799 dicta
1059 3721 1208 3829 justicia
1223 3738 1349 3827 posset
1363 3720 1515 3827 pacifice
1526 3722 1691 3831 gaudere
1705 3754 1714 3799 :
1728 3724 1916 3810 Tandem,
1928 3722 2224 3829 inquestasuper
2233 3722 2304 3800 boc

888 3852 980 3931 lacta
999 3852 1073 3935 vica
1093 3868 1132 3929 et
1151 3850 1350 3958 diligenter
1365 3851 1586 3944 examinata,
1600 3852 1689 3959 quia
1701 3854 1897 3933 inventurn
1911 3870 1969 3931 est
1981 3849 2210 3932 sufficienter
2222 3880 2308 3959 pro·

888 3985 1020 4065 batum
1044 4010 1114 4059 nos
1131 4010 1214 4061 esse
1234 4000 1272 4065 et
1291 3980 1403 4063 sanese
1430 3981 1470 4058 in
1493 3982 1627 4061 saisina
1650 3982 1750 4064 dicte
1771 3982 1924 4091 justicie
1949 3983 1991 4059 in
2015 3981 2113 4059 dicta
2134 3982 2249 4062 domo
2269 4000 2309 4093 eq

890 4115 971 4220 ejus
987 4112 1241 4219 pertinenciis,
1265 4129 1301 4192 et
1321 4112 1466 4191 ibidem
1485 4111 1819 4200 commorantibus,
1838 4128 1876 4190 et
1890 4111 2034 4197 dictum
2051 4110 2231 4193 ballivum
2251 4113 2307 4189 in·

889 4243 1103 4322 tenciooem
1124 4258 1289 4319 nostram
1310 4270 1422 4349 super
1442 4242 1515 4323 boc
1535 4242 1672 4325 melius
1685 4271 1804 4349 quam
1825 4240 1969 4323 dictum
1983 4242 2203 4350 episcopum
2221 4270 2308 4349 pro-

889 4373 1047 4462 bavisse,
1065 4400 1133 4480 per
1141 4373 1246 4451 curie
1262 4390 1388 4453 nostre
1394 4373 1602 4482 judicium,
1617 4372 1761 4453 dietum
1773 4372 1846 4450 luit
1857 4372 2033 4453 ubinam
2047 4372 2149 4455 dioto
2156 4371 2308 4481 justicie

891 4533 931 4581 ac
950 4504 1141 4583 bonorum
1160 4504 1417 4611 predictorum
1438 4504 1528 4583 dicti
1547 4503 1744 4593 lobannis,
1760 4503 1800 4583 in
1819 4530 1936 4583 manu
1954 4521 2097 4599 nostra,
2118 4520 2309 4610 tamqnam

891 4633 1107 4743 superioris,
1129 4635 1354 4741 positorum,
1376 4636 1480 4743 apud
1497 4663 1582 4724 noa,
1601 4653 1792 4743 umquam
1809 4652 1953 4743 partem
1969 4633 2231 4741 principalem,
2248 4660 2308 4710 re-

891 4792 1042 4846 manere
1062 4764 1218 4857 debere,
1238 4783 1276 4844 et
1289 4766 1622 4873 impedimentum,
1644 4765 1788 4848 ibidem
1808 4766 2019 4875 appositum
2037 4794 2082 4844 ex
2094 4780 2199 4871 parte
2215 4763 2305 4839 dicti

891 4896 1071 5005 episcopi,
1090 4924 1169 4975 esse
1185 4896 1452 4988 amovendum,
1472 4897 1569 4977 salva
1585 4898 1688 4978 dicto
1703 4899 1879 5007 episcopo
1893 4925 2006 5004 anper
2022 4896 2095 4975 boc
2110 4894 2306 5000 questione

890 5026 1139 5137 proprietatis.

943 5158 1043 5235 lovis
1065 5175 1151 5263 post
1170 5158 1322 5237 octabas
1341 5159 1563 5267 Epiphania.

945 5285 1117 5365 Boceltm
1130 5286 1340 5397 reportavit.
