5817 7292
872 1100 945 1182 396
1450 1106 1542 1178 Lus
1571 1103 1710 1180 OLIM.

635 1260 767 1316 Parnm
786 1258 831 1319 tv,
872 1267 1071 1357 antequam
1095 1250 1197 1326 idem
1221 1232 1410 1326 Aube'rtus
1431 1249 1505 1325 iret
1530 1248 1569 1323 in
1589 1248 1792 1323 exercitum
1812 1246 2084 1352 supradictum,
2106 1247 2288 1355 pluraque

708 1352 772 1395 m
872 1382 942 1459 alia
957 1383 1005 1458 ad
1022 1383 1077 1459 sui
1097 1380 1355 1459 defensionem
1379 1394 1630 1486 proponente3
1647 1377 1741 1455 facta
1757 1406 1871 1484 super
1889 1378 1961 1455 hoc
1983 1405 2051 1485 per
2065 1377 2189 1484 ipsum
2203 1409 2290 1486 pre-

871 1513 1036 1618 positum
1051 1514 1241 1618 inquesta,
1255 1513 1356 1589 idem
1374 1510 1600 1617 prepositus,
1615 1536 1807 1614 persuum
1816 1508 2021 1618 judicium,
2033 1511 2293 1617 pronunciavit

870 1645 973 1751 quod
986 1644 1118 1722 saisina
1134 1642 1231 1719 dicte
1243 1644 1380 1719 domus
1394 1640 1545 1718 vendite
1561 1642 1773 1716 traderetur
1784 1640 1885 1718 dicto
1898 1640 2084 1734 huberto,
2097 1640 2196 1717 salvo
2205 1640 2292 1747 jure

869 1776 1104 1882 proprietatis
1125 1774 1180 1849 illi
1201 1773 1249 1850 ad
1264 1801 1377 1878 quem
1399 1771 1670 1878 pertinerent
1689 1799 1766 1878 quo
1782 1771 1969 1879 judicato,
1990 1788 2185 1878 tamquam
2199 1771 2291 1849 falso

870 1924 906 1983 et
923 1934 1049 2011 pravo,
1072 1934 1139 2012 per
1156 1904 1299 1981 dictum
1317 1902 1513 1981 Galterum
1532 1902 1582 1979 ad
1598 1918 1764 1979 nostram
1786 1902 1928 1978 curiam
1948 1902 2020 1979 luit
2039 1901 2287 2007 appeliatum:

869 2036 1040 2115 Partibus
1065 2036 1179 2143 igitur
1202 2036 1240 2111 in
1268 2034 1365 2110 dicta
1390 2062 1499 2111 causa
1523 2031 1790 2138 appellacionis
1808 2018 2071 2109 coram'nobis
2093 2032 2231 2109 auditis
2252 2050 2289 2108 et

869 2166 985 2244 nichil
1007 2167 1092 2246 novi
1113 2164 1428 2273 proponentibus,
1445 2164 1523 2242 viso
1543 2190 1720 2268 processu
1735 2165 1851 2270 partis
1869 2163 2081 2268 utriusque,
2099 2190 2168 2269 per
2185 2162 2287 2239 curie

870 2316 995 2375 nostre
1018 2296 1222 2405 judicium,
1251 2297 1392 2374 dictum
1417 2296 1488 2372 fuit
1513 2292 1724 2401 predictum
1747 2296 1980 2400 prepositum
1998 2292 2096 2371 male
2115 2320 2283 2401 pronun·

870 2429 999 2515 ciasse,
1021 2446 1059 2505 et
1074 2428 1217 2505 dictum
1237 2426 1431 2505 Galterum
1452 2425 1550 2503 bene
1568 2423 1789 2531 appellasse.

923 2558 1120 2635 Dominica
1139 2574 1224 2663 post
1240 2555 1500 2663 Epiphaniam.

924 2689 1030 2767 Croci
1050 2686 1262 2794 reportavit.

922 2950 997 3031 Vll.
1029 2952 1143 3038 Cum,
1164 2950 1230 3028 lite
1247 2968 1349 3029 mota
1369 2976 1495 3030 coram
1510 2950 1648 3028 ballivo
1661 2952 1870 3034 Senouensi
1888 2959 1928 3035 in
1946 2986 2055 3035 causa
2070 2950 2291 3061 appellacio

867 3083 925 3160 nis
945 3084 988 3161 ad
1006 3082 1130 3189 ipsum
1146 3082 1366 3188 interposite
1381 3111 1450 3189 per
1463 3083 1639 3160 homines
1654 3082 1701 3161 de
1712 3084 1900 3177 Orvillari,
1914 3088 2110 3195 aquodam
2119 3084 2290 3193 judicato

866 3241 935 3318 pro
952 3213 1093 3291 decano
1109 3230 1148 3289 et
1163 3202 1328 3318 capitulo
1344 3212 1500 3289 ecclesie
1515 3212 1713 3291 Trecensis
1726 3233 1856 3293 contra
1868 3217 1988 3295 dictos
2000 3217 2191 3304 homines,
2208 3238 2287 3319 pre·

868 3344 1057 3420 dictorum
1077 3342 1209 3419 decani
1230 3359 1267 3418 et
1288 3342 1440 3449 capituli
1456 3341 1718 3448 justiciabiles,
1740 3344 1837 3422 lacto
1856 3376 1925 3453 per
1940 3346 2123 3453 quosdam
2137 3342 2288 3451 judices

869 3474 978 3550 dictis
997 3472 1217 3551 hominibus
1237 3474 1344 3553 datos
1364 3504 1384 3551 a
1408 3475 1550 3551 decano
1571 3493 1608 3553 et
1628 3474 1790 3582 capitulo
1811 3476 2051 3583 supradictis,
2073 3472 2286 3552 dictus-bal-

869 3604 965 3682 livus
986 3632 1056 3711 per
1080 3632 1190 3681 suum
1206 3605 1397 3712 judicium
1420 3606 1705 3711 pronunciasset
1724 3625 1984 3712 procuratores
2008 3608 2196 3684 dictorum
2217 3604 2286 3682 ho·

867 3735 1012 3811 minum
1032 3762 1108 3811 non
1124 3762 1205 3811 esse
1220 3735 1472 3841 recipiendos,
1491 3737 1557 3813 sed
1576 3737 1731 3814 eosdem
1745 3738 1923 3815 homines
1936 3738 2016 3814 lore
2030 3753 2284 3821 contumaces,

868 3882 904 3943 et
922 3895 941 3940 a
958 3865 1055 3942 dicta
1076 3865 1332 3972 appellacione
1348 3896 1413 3944 sua
1426 3867 1623 3960 cecidisse,
1640 3896 1661 3944 a
1675 3868 1775 3946 dicto
1785 3867 1971 3975 judicato,
1986 3885 2182 3974 tamquam-
2195 3864 2289 3943 salso

867 4012 904 4072 et
921 4024 1050 4101 prav0,
1073 4025 1118 4073 ex
1137 4014 1239 4103 parte
1261 3996 1449 4075 dictorum
1464 3998 1664 4075 hominum
1678 3996 1727 4073 ad
1741 4014 1907 4075 nostram
1923 3997 2157 4075 audientiam
2170 3996 2289 4074 extitit

866 4126 1126 4232 appellatum:
1154 4128 1251 4206 Visis
1279 4128 1394 4235 igitur
1422 4128 1531 4205 dictis
1558 4126 1795 4234 processibus
1821 4144 1860 4205 et
1887 4128 2079 4235 inquesta,
2110 4127 2158 4204 de
2188 4155 2289 4202 man-

867 4255 952 4332 dato
973 4274 1102 4336 nostro
1122 4256 1216 4335 sacta
1235 4286 1348 4365 super
1368 4257 1625 4365 appellacione
1639 4258 1824 4364 predicta,
1843 4286 1913 4363 per
1931 4258 2033 4335 curie
2049 4274 2174 4334 nostre
2184 4257 2288 4365 judi·

866 4386 983 4473 cium,
1001 4387 1145 4465 dictum
1163 4387 1233 4466 brit
1248 4390 1459 4497 predictum
1475 4388 1656 4467 ballivum
1668 4388 1766 4466 bene
1782 4388 1971 4497 judicasse
1985 4406 2023 4466 et
2038 4389 2157 4466 dictos
2171 4387 2289 4464 homi·

866 4542 934 4593 nes
952 4517 1049 4596 male
1070 4519 1291 4627 appellasse,
1317 4538 1354 4598 et
1374 4521 1479 4627 quod
1497 4520 1568 4625 ipsi
1589 4521 1661 4598 hoc
1680 4518 1950 4597 emendabunt.

921 4649 1117 4729 Dominica
1136 4668 1221 4757 post
1238 4652 1498 4758 Epiphaniam.

923 4770 973 4857 M.
996 4781 1036 4857 P.
1056 4782 1218 4889 Maugon
1232 4782 1443 4887 reportavit.

920 5046 1011 5123 Vlll.
1044 5045 1129 5122 Visa
1149 5046 1319 5152 inquesta
1345 5046 1443 5123 inter
1462 5048 1681 5154 episcopum
1703 5038 1977 5135 belvacensem,
2001 5072 2044 5122 ex
2068 5070 2142 5120 una
2163 5060 2284 5150 parte,

864 5189 901 5249 et
921 5175 1104 5252 Erardum
1121 5175 1168 5253 de
1183 5178 1585 5267 Monte-Morenciaco,
1608 5178 1786 5266 militem,
1808 5205 1852 5255 ex
1872 5177 2002 5263 altera,
2023 5204 2136 5281 super
2154 5174 2286 5252 saisina

864 5303 1202 5386 administracionis
1218 5306 1354 5385 domus
1369 5308 1571 5415 leprosarie
1587 5311 1635 5386 de
1654 5309 1837 5396 Bretolio,
1854 5307 2086 5386 Belvacensis
2101 5304 2286 5415 dyocesis,
2406 5340 2411 5347 ’

862 5462 931 5541 per
949 5437 1091 5514 curiam
1110 5436 1183 5514 suit
1204 5438 1344 5517 dictum
1366 5440 1471 5547 quod
1487 5442 1583 5519 dicta
1599 5440 1787 5546 inquesta,
1802 5456 1958 5546 propter
1972 5438 2100 5546 plures
2116 5436 2283 5517 delectus
