5817 7292
877 1129 949 1203 [112
1461 1130 1549 1203 Lus
1578 1128 1716 1204 OLIM.

651 1286 779 1341 annm
793 1286 836 1349 IV.
875 1272 989 1362 libre;
1012 1272 1159 1351 dicebat
1174 1270 1291 1348 eciam
1313 1269 1411 1347 dicta
1421 1270 1592 1348 Johanna
1602 1271 1709 1378 quod
1728 1270 1807 1377 ipsa
1822 1270 1967 1348 dictum
1978 1268 2207 1357 Aubertum,
2223 1268 2295 1347 sra-

711 1378 774 1420 ¹³⁰⁹‘
874 1421 971 1481 trem
983 1430 1107 1495 snum,
1124 1419 1293 1506 tempore
1308 1428 1386 1508 quo
1402 1402 1481 1508 ipse
1492 1402 1649 1488 vivebat,
1661 1401 1803 1508 pluries
1814 1400 2009 1508 requisivit
2022 1416 2065 1477 ut
2081 1398 2204 1480 eidem
2222 1400 2296 1478 sol·

874 1551 976 1611 veret
995 1534 1073 1611 duo
1096 1530 1213 1608 millia
1231 1549 1268 1609 et
1283 1548 1435 1610 centum
1457 1549 1496 1609 et
1513 1531 1641 1640 viginti
1662 1531 1776 1610 libras
1793 1532 1996 1638 predictas,
2015 1547 2054 1609 et
2073 1528 2178 1636 quod
2197 1528 2292 1633 ipsa,

875 1666 975 1743 dicto
991 1664 1158 1741 Auberto
1176 1661 1375 1751 defuncto,
1389 1661 1597 1767 predictam
1612 1662 1875 1751 Kathcrinam,
1889 1658 2016 1741 statirir
2027 1660 2135 1770 quod
2149 1660 2228 1766 ipsa
2237 1688 2295 1735 ac—

874 1796 970 1902 cepit
980 1793 1135 1872 baillum
1147 1792 1234 1869 dicti
1246 1790 1415 1881 Auberti
1428 1790 1551 1869 fratris
1561 1792 1630 1883 sui,
1644 1792 1873 1872 srdlicienter
1882 1791 2089 1899 requisivit,
2101 1807 2292 1895 tamquam

871 1944 1062 2005 tenentem
1083 1924 1235 2002 baillum
1257 1922 1486 2030 predictum,
1505 1924 1609 2031 quod
1628 1924 1707 2030 ipsa
1728 1924 1888 2005 solveret
1904 1923 2030 2002 eidem
2047 1921 2165 2000 dictas
2181 1946 2294 2026 pecu-

872 2059 932 2134 nie
954 2084 1120 2134 summas
1131 2072 1168 2133 et
1183 2055 1300 2133 eciam
1314 2053 1500 2160 predictas
1510 2054 1757 2163 quadraginta
1772 2054 1888 2132 libras
1898 2053 2012 2133 annui
2022 2050 2209 2139 redditus,
2223 2079 2291 2155 pro

871 2188 969 2266 victu
982 2215 1070 2277 suo;
1085 2185 1314 2294 quaomnia,
1329 2184 1459 2289 utipsa
1474 2184 1639 2277 dicebat,
1651 2185 1810 2292 predicti
1825 2186 2026 2273 dabertus,
2037 2181 2159 2269 frater,
2173 2182 2291 2256 etKa·

871 2318 1020 2397 therina
1034 2318 1190 2396 omnino
1202 2316 1568 2407 facererecusarun13
1581 2315 1861 2397 dicebatociam
1876 2317 1973 2395 dicta
1989 2314 2157 2391 Johanna
2169 2310 2286 2416 quod,

872 2450 1080 2527 secundum
1101 2476 1209 2524 usum
1225 2445 1342 2551 patric
1363 2445 1430 2521 ubi
1445 2446 1717 2525 convenciones
1730 2445 1898 2552 predicte
1917 2444 2068 2523 fuerunt
2081 2440 2191 2532 facte,
2205 2440 2289 2546 qui-

872 2606 1034 2685 cumque
1054 2577 1185 2682 accipit
1200 2575 1357 2656 baillum
1375 2590 1527 2653 tenetur
1546 2577 1688 2657 solvere
1704 2578 1833 2656 omnia
1850 2576 1975 2657 debita
1989 2575 2091 2654 illius
2106 2571 2214 2678 cujus
2227 2600 2286 2647 ac·

871 2710 960 2815 cipit
973 2706 1131 2785 baillum
1148 2725 1185 2785 et
1201 2706 1329 2784 omnia
1349 2705 1545 2811 deperdita
1558 2736 1632 2814 quc
1649 2708 1878 2787 sustinerent
1893 2707 1982 2786 dicti
2001 2704 2108 2785 britti
2126 2702 2287 2781 creditov

868 2870 943 2929 res,
958 2838 1107 2917 racione
1123 2834 1290 2914 desectus
1305 2834 1542 2915 solucionum
1557 2836 1745 2918 dictorum
1762 2839 1994 2928 debitorum,
2008 2863 2124 2944 quare
2139 2832 2289 2941 petebat

869 2971 964 3047 dicta
975 2968 1144 3047 Johanna
1160 2966 1265 3043 mille
1279 2965 1393 3045 libras
1407 2967 1663 3048 Parisionsesa
1676 2969 1776 3049 dicta
1788 2968 2009 3057 Katherina‚
2024 2966 2174 3045 racione
2192 2990 2289 3041 arre-

867 3104 1055 3209 ragiorum
1078 3097 1332 3205 predictarum
1353 3098 1598 3207 quadraginta
1617 3100 1798 3179 librarum
1817 3097 2083 3179 Parisiensium
2106 3095 2177 3178 sibi
2199 3093 2288 3173 assi-

866 3249 1060 3341 gnatarum
1079 3256 1148 3335 pro
1169 3256 1238 3306 suo
1257 3228 1357 3306 victu
1377 3246 1422 3306 et·
1431 3232 1582 3322 vestitu,
1599 3260 1685 3309 cum
1704 3230 1834 3323 finerit,
1851 3247 1894 3307 ut
1914 3227 2078 3315 dicebat,
2101 3241 2284 3306 cessatum

866 3365 904 3439 in
929 3388 1057 3438 earum
1082 3358 1275 3437 solucione
1294 3388 1363 3466 per
1384 3361 1551 3467 spacium
1570 3362 1699 3469 viginti
1719 3362 1889 3468 quinque
1908 3384 2114 3445 annorum3
2132 3351 2284 3462 petebat

867 3493 982 3569 eciam
1009 3506 1171 3597 quatuor
1189 3489 1304 3567 millia
1325 3508 1362 3569 et
1380 3509 1571 3569 sexcentas
1593 3490 1707 3569 libras
1729 3519 1799 3599 pro
1823 3488 1995 3596 dampnis
2018 3486 2115 3579 suis,
2135 3485 2283 3563 racione

867 3622 1034 3700 desectus
1045 3618 1249 3699 solucionis
1262 3620 1426 3699 duorum
1439 3622 1603 3700 millium
1616 3640 1655 3700 et
1667 3638 1818 3701 centum
1830 3638 1868 3698 et
1879 3618 2007 3729 viginti
2021 3600 2201 3695 librarum
2216 3616 2283 3692 Pa-

864 3752 1079 3832 risiensium
1094 3749 1365 3856 predictarum
1381 3752 1427 3831 ad
1443 3782 1519 3860 que
1532 3752 1657 3831 omnia
1670 3751 1823 3860 petebat
1838 3751 1938 3830 dicta
1952 3750 2123 3830 Johanna
2138 3746 2282 3853 predic·

863 3903 937 3961 tarn
959 3881 1217 3973 Katherinam‚
1239 3881 1393 3960 nomine
1411 3910 1488 3988 quo
1503 3912 1630 3990 supra,
1647 3882 1917 3990 condempnari
1937 3899 1975 3960 et
1993 3876 2182 3983 compelli3
2197 3905 2282 3983 pre-

864 4013 961 4090 dicta
973 4011 1175 4089 Katherina
1187 4010 1226 4087 in
1242 4011 1472 4092 contrarium
1487 4011 1652 4102 dicente,
1666 4030 1705 4091 et
1716 4030 1903 4091 asserente
1915 4040 1956 4089 se
1970 4009 2018 4088 ad
2029 4006 2195 4115 predicta
2206 4034 2282 4084 non

863 4142 999 4234 teneri,
1019 4146 1089 4247 pro
1108 4170 1153 4219 eo
1172 4142 1334 4221 maxime
1351 4142 1472 4250 quod,
1487 4143 1522 4219 si
1540 4143 1640 4223 dicta
1657 4143 1828 4223 Johanua
1849 4142 1980 4221 habuit
1999 4168 2178 4248 umquam
2198 4168 2282 4244 pre·

864 4272 980 4351 dictas
993 4272 1263 4351 convenciones
1278 4302 1365 4351 cum
1378 4274 1481 4353 dicto
1490 4290 1596 4381 patre
1610 4302 1697 4364 suo,
1712 4275 1791 4381 ipsa
1804 4292 1948 4363 tamen,
1961 4289 2007 4350 ut
2017 4270 2180 4359 dicebat,
2195 4268 2282 4346 fecit

863 4430 975 4480 novas
989 4402 1258 4481 convenciones
1274 4432 1359 4482 cum
1376 4404 1477 4483 dicto
1491 4404 1675 4496 auberto,
1690 4403 1898 4495 fratrem,
1915 4402 2067 4511 quando
2080 4402 2159 4507 ipse
2174 4386 2321 4477 aviae-’⁶⁰
2349 4450 2358 4459 -

863 4550 1033 4611 mentum
1048 4533 1258 4639 predictum
1273 4535 1526 4643 augmentavit
1539 4536 1587 4613 de
1605 4533 1779 4613 trecentis
1792 4534 1900 4612 tibris
1914 4532 2107 4641 predictis,
2125 4548 2164 4608 et
2177 4531 2279 4637 quod

863 4663 959 4743 dicta
979 4664 1162 4757 debanna,
1178 4648 1326 4743 racione
1346 4666 1539 4771 augmenti
1558 4665 1734 4771 predicti,
1755 4664 1987 4743 renunciavit
2005 4660 2182 4742 omnibus
2199 4688 2278 4765 pre-

863 4794 972 4872 dictis
991 4795 1302 4874 convencionibus
1323 4796 1461 4873 habitis
1475 4825 1562 4875 cum
1580 4797 1681 4875 dicto
1701 4813 1805 4902 patre
1819 4822 1905 4886 suo,
1923 4810 1961 4873 et
1979 4794 2028 4873 ab
2042 4792 2184 4871 eisdem
2203 4818 2280 4869 om·

861 4926 953 5004 nino
968 4926 1139 5015 recessit;
1159 4924 1306 5003 dicente
1324 4925 1440 5003 eciam
1456 4926 1557 5005 dicta
1572 4926 1773 5004 Katherina
1787 4925 1894 5031 quod
1909 4924 2009 5029 dicta
2021 4921 2195 5030 pecunia,
2211 4950 2279 5029 pro

860 5055 1085 5133 avisamento
1117 5056 1287 5161 predicto
1317 5056 1519 5161 promisso,
1554 5056 1763 5136 secundum
1794 5039 2066 5133 convenciones
2095 5052 2278 5129 dictarum

858 5189 1040 5292 parcium,
1059 5184 1222 5263 debebat
1237 5187 1401 5265 converti
1421 5188 1461 5263 in
1480 5187 1755 5295 hereditagium
1775 5185 1840 5265 tali
1862 5185 1977 5265 modo
1997 5181 2117 5290 quod,
2135 5181 2165 5257 si
2182 5180 2277 5257 dicta

857 5317 1027 5394 Johanna
1052 5314 1253 5395 decederet
1276 5316 1356 5393 sine
1379 5316 1524 5407 liberis,
1550 5316 1695 5397 dictum
1720 5298 1992 5421 hereditagium
2018 5310 2210 5389 deveniret
2229 5311 2276 5388 ad

859 5449 979 5552 ipsum
1012 5447 1223 5525 Aubertum
1251 5446 1310 5525 vel
1338 5447 1498 5527 heredes
1525 5477 1628 5528 suos·
1660 5478 1772 5555 quam
1803 5443 2151 5527 conversacionem¹
2178 5439 2275 5519 dicta

901 5620 909 5651 ¹
931 5621 1011 5683 Lisez
1025 5622 1226 5685 conversionem.
