5817 7292
997 995 1262 1103 euQutvss
1287 1014 1350 1085 or
1377 998 1588 1085 procus.
1926 1007 1996 1080 sor

579 1155 746 1263 justicie,
764 1154 803 1231 in
818 1154 996 1233 omnibus
1008 1154 1239 1260 casibusque
1254 1182 1292 1231 se
1307 1152 1530 1231 obtulerunt
1543 1149 1779 1257 temporibus
1788 1148 1998 1236 retroactis,
2039 1149 2169 1287 ⁹¹¹2&ss
2181 1155 2225 1217 lb

584 1286 737 1363 nomine
752 1313 832 1392 quo
842 1314 974 1390 supra,
986 1312 1151 1365 asserens
1163 1286 1317 1392 insuper
1330 1282 1435 1391 quod
1453 1284 1534 1390 ipse
1550 1282 1728 1388 opposuit
1744 1307 1784 1357 se
1799 1278 1903 1357 dicto
1919 1276 2002 1357 hal·
2156 1274 2164 1287 '

584 1414 657 1493 livo
680 1414 885 1506 Caletensi,
913 1415 1095 1523 quociens
1115 1415 1165 1493 ad
1188 1415 1358 1525 ejusdem
1382 1412 1608 1493 vicedomini
1633 1410 1802 1517 pervenit
1825 1406 2002 1520 nausiam

584 1546 690 1649 quod
703 1543 807 1623 idem
822 1546 1029 1625 Caletensis
1043 1546 1202 1625 ballivus
1220 1546 1325 1625 nisus
1339 1545 1411 1624 fuit
1423 1545 1568 1623 ibidem
1581 1544 1728 1651 aliquos
1741 1558 1845 1619 actus
1854 1536 2004 1647 justicie

585 1697 767 1756 exercere,
779 1692 910 1774 petens
924 1705 975 1757 se.
989 1678 1037 1754 ad
1048 1678 1228 1773 premissa
1242 1676 1448 1783 probanda,
1462 1675 1588 1781 recepi
1600 1704 1669 1753 scu
1681 1671 1840 1759 admitti,
1852 1667 2007 1776 etjusti·

585 1800 681 1877 ciam
697 1798 768 1876 sibi
785 1798 868 1876 heri
887 1796 935 1875 de
955 1799 1118 1888 eisdem,
1135 1798 1244 1874 aliter
1257 1813 1468 1903 protestans
1485 1805 1589 1902 quod
1607 1803 1788 1901 quiequid
1802 1830 1871 1900 par
1887 1800 2007 1877 dictos

585 1930 858 2007 commissarios
871 1927 1012 2037 lactum
1027 1927 1193 2005 fueritin
1207 1927 1397 2033 premissis
1411 1926 1562 2003 nullum
1576 1926 1694 2031 possit
1705 1926 1740 2001 ei
1755 1925 2005 2033 prejudicium
2077 1977 2080 1981 -

583 2086 780 2166 generare3
796 2058 983 2137 Caletensi
999 2056 1137 2133 ballivo
1158 2086 1201 2133 ex
1220 2058 1376 2133 adverso
1396 2056 1546 2133 dicente
1562 2083 1641 2132 non
1661 2060 1742 2133 esse
1758 2056 1903 2135 dictum
1916 2057 2007 2133 vice

585 2188 783 2265 dominum
807 2216 920 2292 super
939 2187 1015 2263 hiis
1033 2186 1283 2275 audiendum,
1306 2214 1392 2263 cum
1407 2187 1488 2294 jam
1507 2186 1795 2293 quatuordecim
1814 2187 2008 2265 annisum

584 2318 697 2424 elapsi
713 2318 818 2423 quod
830 2316 928 2395 dicta
942 2318 1031 2397 villa
1050 2334 1088 2395 et
1105 2318 1335 2395 habitatores
1346 2316 1538 2424 ejusdcm,
1553 2346 1641 2394 cum
1661 2317 1882 2395 omnimoda
1895 2318 2007 2425 justi·

583 2450 649 2541 cia,
666 2448 790 2556 palam
812 2464 849 2525 et
862 2448 1014 2554 publice
1034 2447 1162 2539 luerit,
1178 2463 1333 2553 propter
1354 2447 1534 2526 debatum
1554 2447 1796 2525 solummodo
1819 2449 2004 2527 dictorum

583 2578 824 2666 ballivorum,
852 2576 1069 2655 nominibus
1083 2577 1222 2682 quibus
1241 2605 1368 2682 supra,
1389 2575 1436 2653 ad
1456 2604 1613 2656 manum
1629 2594 1803 2654 nomam·
1816 2595 2005 2684 tamquam

584 2708 817 2816 superiorem
834 2706 971 2813 posita,
993 2706 1116 2813 sitque
1133 2706 1259 2783 adhuc
1279 2721 1318 2781 et
1337 2704 1452 2783 luerit
1469 2706 1700 2798 continue,a
1717 2681 1819 2785 dicto
1834 2725 2005 2814 tempore

584 2838 673 2915 citra
688 2838 729 2913 in
741 2865 856 2915 manu
869 2852 1011 2926 nostra,
1027 2852 1180 2943 propter
1195 2834 1374 2913 dabatum
1385 2835 1615 2942 predictum,
1629 2854 1732 2917 certo
1747 2868 1768 2915 a
1782 2839 1892 2917 nobis
1903 2866 2006 2918 com·

583 2968 753 3047 missario
777 2968 891 3058 inihi,
907 2967 957 3045 ad
979 2965 1224 3045 exercendam
1242 2965 1433 3073 justiciam
1453 2984 1492 3045 et
1504 2967 1771 3069 emolumenta
1792 2970 1947 3049 levanda
1968 2986 2007 3047 et

583 3098 815 3204 recipienda,
836 3116 965 3177 nostro
985 3097 1157 3185 nomine,
1181 3097 1372 3204 deputato.
1399 3099 1508 3189 ltem,
1532 3128 1602 3205 pro
1623 3128 1669 3179 eo
1695 3101 1817 3207 quod,
1833 3102 1879 3179 iu
1901 3129 2006 3179 com·

504 3276 509 3286 ·
583 3230 761 3310 missione
782 3231 830 3308 ad
843 3229 1114 3337 inquirendum
1131 3228 1181 3305 de
1200 3228 1393 3333 premissis
1410 3228 1521 3319 lacta,
1542 3230 1647 3307 nulla
1666 3232 1816 3310 mencio
1835 3233 1884 3309 de
1904 3222 2005 3310 dicto

581 3361 819 3441 vicedomino
837 3359 1059 3447 habebatur,
1076 3359 1144 3437 sed
1160 3358 1207 3434 de
1220 3357 1366 3437 ballivis
1380 3359 1647 3437 tantummodo
1663 3361 1905 3467 supradictisv
1920 3362 2006 3469 qui·

581 3492 653 3572 hus
670 3493 725 3571 sic
742 3491 944 3599 propositis
964 3490 1052 3569 hinc
1070 3506 1108 3567 et
1126 3488 1234 3578 inde,
1255 3488 1414 3595 predicti
1440 3490 1702 3579 commissarii,
1724 3491 1890 3569 mandati
1911 3489 2007 3569 fines

583 3651 727 3701 servare
739 3622 924 3711 volentes,
940 3648 1161 3724 processum
1172 3646 1259 3695 cum
1275 3619 1375 3697 dicto
1395 3619 1635 3697 vicedomino
1646 3619 1767 3695 facere
1786 3620 2004 3709 noluerunt,

584 3750 762 3828 articulos
778 3766 911 3827 tamen
923 3765 961 3825 et
979 3749 1189 3853 propositas
1203 3748 1373 3827 raciones
1385 3776 1454 3854 per
1470 3748 1639 3826 eundem
1653 3747 1950 3837 vicedominum,
1968 3750 2006 3825 in

583 3881 753 3986 inquesta
768 3906 899 3985 quam,
919 3906 1032 3983 super
1048 3877 1256 3983 premissis,
1278 3878 1378 3954 inter
1393 3896 1623 3957 memoratos
1641 3877 1798 3956 ballivos
1816 3877 2003 3970 lecerunt,

583 4010 630 4087 ad
644 4008 736 4086 dicti
745 4007 973 4087 vicedomini
984 4008 1198 4087 instanciam
1210 4008 1459 4098 incluserunt,
1474 4026 1514 4087 et
1523 4026 1650 4087 nostre
1662 4009 1766 4086 curie
1777 4008 2003 4097 retuderunt,

585 4160 627 4219 ut
645 4142 752 4251 quod
771 4142 841 4219 sihi
854 4143 1000 4249 justum
1016 4141 1208 4219 videretur
1222 4139 1424 4245 superbiis
1438 4140 1654 4218 ordinaret:
1671 4140 1758 4220 Visa
1774 4140 1890 4247 igitur
1905 4140 2006 4218 dicta

583 4274 756 4379 inquesta
768 4273 868 4350 inter
879 4272 982 4378 ipsos
993 4271 1163 4360 ballivos,
1178 4270 1397 4377 nominibus
1411 4271 1551 4377 quibus
1565 4299 1696 4376 supra,
1709 4270 1760 4347 de
1772 4289 1900 4349 nestro
1910 4269 2004 4354 lacta

584 4403 777 4493 mandato,
796 4419 1063 4509 compertoque
1077 4401 1223 4509 liquido
1239 4427 1307 4507 per
1320 4400 1498 4491 eandem,
1511 4418 1795 4508 tampertestes
1811 4430 1925 4508 quam
1937 4430 2005 4509 per

583 4532 857 4611 consessionem
870 4532 1119 4639 procuratoris
1127 4532 1253 4611 ballivi
1262 4530 1543 4622 Ambianeasis,
1551 4533 1741 4639 justiciam
1752 4532 1868 4610 altam
1878 4531 2006 4610 etbas

582 4692 661 4741 sam
681 4663 781 4741 dicte
804 4664 892 4743 ville
912 4682 950 4742 et
969 4663 1196 4741 habitatores
1213 4662 1388 4773 ejusdem
1406 4664 1457 4741 ad
1472 4663 1708 4741 Caletensem
1727 4663 1925 4753 ballivum,
1943 4692 2004 4740 ra·

584 4792 691 4872 cicae
711 4794 918 4874 Calatensis
937 4794 1104 4887 ballivis,
1125 4794 1331 4900 pertinere,
1352 4794 1553 4901 ipsumque
1572 4793 1808 4872 caletensem
1824 4793 2005 4873 ballivum

584 4940 622 5001 et
638 4953 728 5004 suos
750 4925 1050 5032 predecessores,
1071 4942 1148 5003 tam
1169 4953 1237 5031 per
1251 4950 1291 5002 se
1307 4950 1425 5031 <paam
1439 4950 1510 5031 per
1527 4952 1615 5003 suos
1632 4925 1850 5016 servientes,
1871 4953 1952 5004 esse
1968 4940 2007 5003 et

582 5052 696 5134 firisse
716 5084 866 5163 semper
880 5058 922 5135 in
940 5055 1094 5164 pacifica
1108 5056 1242 5133 saisina
1258 5054 1460 5175 exercendi
1481 5056 1738 5134 omnimodam
1753 5056 1949 5166 justiciam
1965 5057 2003 5132 in

583 5184 670 5265 villa
687 5202 726 5264 et
740 5187 1014 5267 habitatoribus
1026 5185 1217 5295 ejusdam,
1233 5185 1477 5292 habendique
1491 5214 1611 5263 unnm
1624 5188 1929 5266 modiumavene
1943 5213 2005 5261 su·

584 5342 650 5420 per
667 5317 895 5397 habitatores
909 5319 1008 5398 dicte
1028 5318 1134 5407 ville,
1150 5332 1341 5424 tamquam
1354 5316 1526 5396 subditos
1537 5315 1688 5395 ballivis
1699 5316 1921 5404 caletensis,
1933 5340 2003 5421 per
