5817 7292
907 1090 982 1162 606
1482 1086 1572 1159 LES
1602 1083 1743 1159 OLIM.

681 1239 865 1301 Pnuualv.
906 1228 1084 1319 annullari,
1108 1242 1160 1319 et,
1182 1254 1251 1335 per
1276 1227 1377 1305 curie
1402 1244 1531 1306 nostre
1545 1224 1749 1335 judicium,
1772 1223 1917 1303 dictum
1946 1224 2081 1307 fuisset
2103 1228 2211 1336 qnod
2229 1230 2329 1310 iilud

743 1332 805 1376 1³11.

906 1361 1011 1468 quod
1027 1358 1164 1439 factum
1179 1358 1302 1436 hieru
1317 1385 1386 1466 per
1398 1358 1541 1436 dictum
1559 1356 1759 1447 ballivum,
1776 1355 1817 1434 in
1831 1355 2006 1463 inquesta
2021 1359 2207 1465 predicta,
2225 1377 2331 1439 tene·

905 1507 980 1581 ret,
1003 1510 1041 1571 et
1056 1492 1161 1599 quod
1181 1490 1280 1567 curia
1299 1506 1425 1569 nostra
1444 1506 1565 1569 certos
1584 1488 1774 1567 auditores
1792 1487 2009 1595 deputaret,
2028 1491 2222 1599 quisuper
2238 1520 2332 1571 con·

904 1624 1019 1702 tentis
1044 1624 1085 1699 in
1110 1649 1152 1699 ea
1182 1622 1357 1699 audirent
1386 1620 1623 1698 defensiones
1638 1617 1826 1697 dictorum
1852 1621 1986 1699 militis
2017 1640 2056 1700 et
2075 1622 2261 1731 Aymerici
2287 1654 2331 1703 ac

906 1755 1172 1862 replicaciones
1188 1753 1375 1831 dictorum
1391 1752 1566 1841 fratrum,
1589 1768 1628 1827 et
1644 1778 1758 1856 super
1782 1752 1837 1829 eis
1856 1752 2093 1860 inquirerent
2111 1755 2327 1846 veritatem,

906 1905 944 1965 et
977 1888 1190 1993 inquestam
1216 1882 1435 1991 hujusmodi
1460 1880 1626 1960 totafiter
1653 1880 1879 1989 completam
1910 1885 2016 1961 curie
2049 1904 2177 1963 nostre
2199 1888 2330 1965 remit-

905 2034 1029 2096 terent
1048 2016 1323 2125 judicandam:
1351 2013 1459 2093 Dicta
1478 2012 1592 2121 igitur
1616 2014 1789 2118 inquesta
1812 2041 1882 2120 per
1899 2016 2089 2121 predictos
2114 2016 2332 2103 auditores,

907 2149 1003 2227 sicut
1021 2148 1247 2254 premissum
1274 2161 1345 2235 est,
1367 2145 1537 2251 partibus
1555 2145 1708 2235 vocatis,
1736 2144 1937 2251 compieta,
1959 2164 1999 2223 et
2017 2148 2065 2225 ad
2076 2148 2324 2255 judicandum

907 2280 1009 2358 curie
1035 2295 1163 2358 nostre
1187 2277 1357 2366 remissa,
1384 2276 1460 2353 visa
1487 2305 1529 2353 ac
1551 2275 1753 2383 diligenter
1776 2276 1998 2369 examinata,
2022 2278 2108 2384 qiua
2131 2296 2324 2385 repertum

907 2428 980 2499 est,
1005 2438 1075 2516 per
1104 2408 1262 2486 eandem
1291 2406 1519 2514 inquestam,
1542 2407 1662 2486 dictos
1681 2406 1844 2485 militem
1870 2426 1910 2486 et
1931 2409 2169 2518 Aymcricum
2195 2409 2326 2515 plures

906 2541 990 2617 facti
1018 2539 1186 2616 raciones
1213 2555 1251 2616 et
1277 2539 1593 2627 consuetudines,
1613 2566 1683 2644 pro
1707 2555 1811 2644 parte
1831 2567 1917 2624 sua,
1937 2539 1977 2616 in
1997 2539 2216 2649 hujusmodi
2241 2567 2328 2645 pro·

906 2670 1092 2777 posuisse,
1113 2696 1181 2775 per
1204 2697 1295 2775 quas
1319 2667 1495 2746 dicebant
1519 2698 1558 2747 se
1574 2670 1676 2777 juste
1695 2667 1826 2746 fecisse
1848 2697 1892 2745 ea
1910 2698 1986 2775 qne
2010 2670 2083 2776 ipsi
2101 2669 2262 2750 fecerant
2287 2671 2327 2745 in

907 2800 1101 2907 predictis,
1129 2815 1167 2876 et
1197 2827 1235 2876 se
1268 2827 1329 2876 eas
1355 2797 1585 2876 sufficienter
1619 2797 1816 2905 probasse,
1850 2826 1918 2905 per
1945 2799 2048 2877 curie
2082 2818 2207 2878 nostre
2230 2799 2330 2906 judi-

908 2934 1025 3023 cium,
1049 2930 1137 3009 dicti
1155 2930 1264 3009 miles
1286 2948 1323 3008 ct
1338 2930 1575 3038 hymericus,
1593 2960 1613 3007 a
1630 2929 1807 3037 predictis
1821 2931 2023 3037 propositis
2036 2930 2270 3010 denunciatis
2291 2945 2329 3006 et

906 3063 1033 3170 petitis
1049 3080 1177 3141 contra
1191 3062 1307 3169 ipsos,
1329 3060 1491 3139 absoluti
1510 3060 1679 3149 fuerunt,
1694 3062 1790 3139 salva
1805 3062 1907 3141 dicto
1923 3061 2129 3141 Guillelmo
2142 3062 2191 3139 de
2204 3061 2332 3140 Maus-

909 3222 994 3285 son,
1017 3192 1212 3280 semifero,
1230 3192 1380 3270 accione
1404 3223 1491 3283 sua,
1512 3194 1543 3269 si
1559 3192 1823 3271 contradictus
1839 3194 1999 3272 militem
2014 3212 2052 3272 et
2066 3192 2327 3301 Aymericum,

909 3352 1021 3429 super
1054 3323 1200 3429 injuriis
1228 3323 1405 3428 predictis
1443 3350 1517 3428 que
1550 3324 1729 3400 dicuntur
1760 3323 1863 3401 illate
1893 3322 1963 3401 sibi
1991 3323 2130 3414 fuisse,
2164 3321 2328 3398 voluerit

911 3454 1084 3560 experiri,
1107 3482 1219 3559 super
1238 3454 1392 3561 quibus,
1413 3454 1551 3531 vocatis
1569 3453 1754 3559 partibus,
1772 3453 1839 3531 fist
1855 3453 1976 3531 eidem
1988 3452 2137 3561 justicie
2156 3452 2329 3557 comple·

910 3604 1090 3665 mentum.

967 3718 1129 3797 Sabbato
1149 3735 1235 3825 post
1254 3718 1368 3795 sancti
1388 3717 1539 3795 Martini
1558 3716 1748 3797 estivafem
1765 3713 1954 3823 [festum].

965 3851 1127 3959 Mangon
1142 3826 1354 3956 reportavit.

965 4098 1086 4177 LVIII.
1118 4094 1214 4175 Cum
1235 4095 1410 4175 Esdelina
1431 4096 1467 4174 la
1484 4096 1651 4184 Blonde,
1672 4113 1792 4175 mater
1809 4114 1849 4175 et
1869 4096 1995 4187 heres,
2016 4113 2059 4175 ut
2077 4095 2239 4184 dicebat,
2262 4098 2332 4175 de-

909 4228 1027 4303 functi
1045 4229 1226 4307 Iohannis
1249 4228 1337 4306 dicti
1359 4227 1396 4305 Ie
1423 4226 1569 4316 Blond,
1589 4226 1660 4304 filii
1679 4227 1738 4304 sui
1757 4226 1968 4334 quondum,
1990 4254 2117 4305 coram
2139 4228 2331 4335 preposito

909 4359 1332 4466 Parisiensi,tamquam
1344 4357 1455 4435 heres
1469 4357 1559 4434 dicti
1573 4356 1978 4448 dehincti,I0hannam
1989 4356 2128 4435 dictam
2140 4357 2330 4437 IaBIonde

908 4489 1057 4570 fecisset
1067 4491 1114 4568 ad
1123 4489 1313 4599 judicium
1330 4488 1489 4577 evocari,
1502 4487 1552 4565 ad
1566 4488 1835 4567 resumendum
1854 4505 2065 4567 arramenta
2081 4516 2189 4567 cause
2203 4516 2331 4567 coram

909 4618 1009 4698 dicto
1020 4621 1211 4728 preposito
1224 4619 1440 4728 pendentis,
1455 4618 1555 4696 inter
1565 4618 1710 4696 dictum
1723 4618 1951 4709 Iohannem,
1963 4618 2087 4697 filium
2096 4648 2223 4709 suum,
2238 4620 2328 4697 dum

909 4750 1064 4840 vivebat,
1081 4780 1124 4828 ex
1134 4781 1210 4831 una
1219 4769 1336 4858 parte,
1353 4750 1539 4829 etdictam
1552 4751 1774 4838 Iohannem,
1789 4749 1969 4840 etaltera,
1982 4750 2326 4858 superquibusdam

910 4881 1192 4988 impedimentis
1207 4882 1398 4973 indebitis,
1412 4880 1639 4959 novitatibus
1653 4898 1692 4958 et
1706 4880 1789 4959 aliis
1802 4881 1842 4957 in
1855 4880 1988 4959 libello
2003 4881 2120 4989 ipsius
2129 4878 2325 4967 Iohannis,

911 5039 1035 5090 coram
1049 5012 1148 5089 dicto
1159 5011 1349 5119 preposito
1362 5012 1476 5102 edito,
1489 5012 1689 5102 contentis3
1700 5010 1890 5091 Iohannes
1898 5012 2021 5091 dicttu
2030 5010 2156 5099 Hardi,
2171 5008 2329 5087 maritus

910 5143 1026 5250 ipsius
1040 5144 1227 5231 Iohanne,
1250 5170 1375 5219 coram
1397 5142 1499 5221 dicto
1515 5144 1704 5249 preposito
1725 5144 1765 5220 in
1779 5142 1925 5250 judicio
1942 5144 2183 5233 constitutus,
2197 5140 2333 5219 multis

910 5274 1139 5364 nacionibus,
1161 5272 1359 5379 proposuit
1374 5272 1513 5351 dictam
1525 5274 1748 5365 Iohannam,
1767 5302 1921 5353 uxorem
1935 5304 2060 5364 suam,
2075 5274 2124 5352 sd
2138 5298 2334 5352 resumen-

913 5405 1003 5485 dum
1030 5405 1127 5483 dicta
1154 5417 1363 5481 uramenta
1384 5400 1542 5479 minime
1564 5406 1701 5496 teneri,
1723 5422 1761 5483 et
1779 5432 1996 5511 processum
2017 5433 2086 5511 per
2106 5403 2249 5482 dictum
2269 5402 2334 5479 Io·
