5817 7292
1081 1113 1349 1224 arourrrs
1374 1133 1439 1204 nr
1465 1117 1670 1208 procus.
2011 1137 2085 1210 aso

665 1274 854 1350 bicionem
887 1273 977 1351 dicti
1007 1273 1151 1352 abbatis
1180 1292 1218 1351 et
1239 1273 1381 1381 absque
1409 1275 1604 1384 privilegio
1634 1291 1786 1367 nostro,
1811 1277 1930 1354 immo
1958 1295 2086 1356 contra
2126 1285 2310 1342 Parirrrrrv.

665 1404 969 1510 prohibicionem
989 1406 1142 1513 majoris
1160 1405 1277 1483 nostri
1291 1404 1429 1512 judicis
1450 1406 1722 1498 narbonensis,
1748 1407 1921 1486 consules
1946 1407 2085 1518 eligere
2186 1379 2250 1422 Μ’

662 1550 969 1638 presumpserant
990 1533 1029 1610 in
1054 1533 1153 1612 dicta
1176 1533 1282 1622 villa,
1311 1560 1428 1641 qnare
1451 1534 1700 1613 mandabatur
1718 1534 1923 1613 senescallo
1944 1538 2085 1615 Ruthe·

662 1665 788 1753 nemi,
811 1690 878 1741 sen
897 1666 979 1772 ejus
998 1663 1125 1743 locum
1147 1666 1308 1757 tenenti,
1327 1666 1449 1773 quod,
1472 1667 1502 1742 si
1528 1682 1714 1746 constaret
1735 1666 1789 1744 eis
1810 1666 1857 1743 de
1876 1667 2081 1772 premissis,

660 1795 763 1901 ipsos
779 1795 918 1872 electos
932 1795 973 1871 in
987 1795 1163 1873 consules
1178 1825 1198 1872 a
1219 1797 1331 1873 dictis
1346 1795 1566 1875 hominibus
1581 1797 1637 1874 uti
1655 1796 1854 1874 consulatu
1865 1796 2083 1905 hujusmodi

660 1926 820 2003 minime
837 1925 1118 2032 permitterent,
1134 1944 1173 2002 et
1187 1926 1365 2033 deinceps
1379 1954 1495 2034 super
1512 1929 1704 2006 creacione
1719 1928 1917 2006 consulum
1930 1927 1970 2004 in
1986 1928 2085 2006 dicta

659 2053 745 2132 villa
765 2073 998 2163 perpetuum
1022 2057 1260 2163 imponerent
1279 2059 1422 2136 eisdem
1443 2059 1665 2138 hominibus
1684 2058 1899 2151 silencium,
1926 2059 1997 2136 nisi
2023 2089 2083 2136 os-

658 2185 858 2264 tenderent
876 2213 916 2265 se
936 2211 1052 2294 super
1069 2188 1144 2265 biis
1161 2213 1182 2264 a
1201 2189 1311 2267 nobis
1330 2217 1412 2267 esse
1430 2189 1700 2300 privilegiatum
1718 2217 1803 2296 pars
1819 2207 1944 2283 autem
1964 2191 2084 2268 dicto-

657 2342 744 2394 rum
760 2318 959 2396 hominum
974 2317 1161 2398 asserebat
1175 2319 1313 2397 dictam
1328 2320 1492 2398 litteram
1504 2348 1581 2399 non
1593 2319 1734 2400 debere
1748 2320 1961 2398 execucioni
1978 2344 2082 2398 man-

658 2447 756 2536 dari,
779 2449 897 2527 immo
915 2450 1048 2556 pocius
1068 2450 1208 2529 debere
1228 2450 1404 2538 mulleri,
1426 2469 1581 2559 propter
1600 2451 1728 2557 plures
1748 2453 1917 2529 raciones
1930 2451 1978 2529 ab
1992 2452 2082 2558 ipsis

656 2576 877 2658 hominibus
898 2579 1131 2686 propositas3
1157 2583 1329 2670 tandem,
1359 2611 1472 2689 super
1498 2581 1677 2689 predictis
1707 2581 1883 2689 inquisita
1907 2583 2078 2668 veritate,

657 2707 781 2785 dictus
796 2709 1043 2801 bertrandus,
1054 2711 1283 2816 judicando,
1297 2713 1558 2817 pronunciavit
1573 2711 1692 2788 dictos
1709 2712 1881 2788 homines
1901 2711 2018 2788 nichil
2033 2713 2079 2788 ad

655 2837 810 2944 plenum
826 2841 1004 2945 probasse
1018 2840 1291 2946 propterquod
1307 2840 1480 2917 execucio
1498 2838 1682 2917 dictarum
1695 2840 1907 2916 litterarum
1923 2839 2081 2918 deberet

656 2969 848 3076 imperis,
870 2987 909 3047 a
927 2969 1068 3048 tremo
1084 2953 1263 3076 pleneus
1276 2968 1981 3075 nominibusprohihurtusconsuuru
1995 2998 2080 3076 pre-

656 3099 774 3189 dicto,
789 3117 1015 3207 perpetuum
1028 3129 1141 3208 super
1153 3129 1200 3178 eo
1215 3099 1414 3177 silencium
1428 3099 1662 3204 imponendo
1684 3100 1848 3190 eisdem3
1867 3129 1887 3174 a
1904 3127 1978 3204 qna
1994 3127 2079 3176 sen-

653 3231 791 3318 tencia,
813 3248 990 3337 tanquam
1011 3231 1057 3308 ab
1076 3232 1222 3337 iniqua,
1247 3259 1332 3336 pars
1357 3231 1545 3306 dictorum
1566 3229 1763 3306 hominum
1785 3229 1834 3305 ad
1857 3257 1925 3306 nos
1949 3230 2078 3336 appel-

654 3358 761 3436 lavit:
782 3361 879 3440 Visis
898 3360 1025 3468 igitur,
1048 3361 1087 3436 in
1108 3387 1215 3438 causa
1235 3358 1334 3437 dicte
1355 3358 1637 3465 appellacionis,
1660 3358 1896 3464 processibus
1909 3360 2077 3464 parcium

653 3519 769 3597 super
780 3491 975 3598 premissis
989 3491 1110 3582 lactis,
1128 3509 1167 3568 et
1180 3491 1320 3568 auditis
1339 3490 1504 3596 hiisque
1525 3490 1624 3567 dicte
1644 3507 1767 3596 partes
1787 3515 2000 3595 proponere
2019 3519 2078 3566 vo-

653 3622 823 3714 luerunt,
841 3649 910 3731 per
926 3623 1030 3698 curie
1046 3640 1174 3699 nostre
1188 3621 1396 3727 judicium,
1417 3620 1560 3697 dictum
1585 3619 1658 3696 suit
1674 3620 1885 3725 predictum
1904 3621 2077 3698 Bertran-

655 3753 745 3830 dum
762 3755 859 3831 bene
879 3770 919 3832 et
932 3757 1034 3863 juste
1048 3754 1331 3859 pronunciasse,
1350 3770 1387 3830 et
1407 3752 1528 3828 dictos
1548 3751 1720 3828 homines
1739 3751 1838 3828 male
1851 3750 2073 3855 appellasse,

653 3899 691 3958 et
709 3883 815 3992 quod
834 3883 903 3988 ipsi
924 3884 998 3961 hoc
1010 3884 1286 4005 emendabunt.

708 4015 814 4089 Lune
834 4013 1035 4118 predicta..

709 4145 866 4223 Sanctus
884 4141 1050 4223 Obertus
1068 4146 1280 4249 reportavit.

708 4406 831 4484 XLVI.
863 4405 959 4483 Cum
987 4401 1099 4480 nobis
1127 4403 1377 4510 significatum
1402 4401 1535 4480 suisset
1558 4401 1664 4508 quod
1688 4402 1819 4478 Petrus
1843 4401 1994 4487 brison,
2025 4401 2073 4476 de

650 4537 815 4622 Nantbo‚
833 4534 1067 4613 Guillermus
1082 4534 1131 4612 de
1145 4534 1350 4642 Noguerio,
1372 4535 1482 4640 llugo
1503 4533 1551 4610 de
1572 4532 1792 4638 Linquerio,
1810 4548 1849 4608 et
1861 4531 2073 4610 bernardus

650 4667 760 4754 Guit,
780 4693 850 4771 per
868 4665 1043 4743 homines
1058 4666 1146 4744 ville
1168 4665 1215 4742 de
1234 4665 1383 4744 Nantho
1402 4664 1551 4742 fuerant
1566 4664 1673 4742 electi
1695 4665 1744 4741 de
1763 4683 1860 4741 novo
1879 4664 1919 4738 in
1938 4689 2072 4740 consu-

649 4798 706 4877 les
726 4798 825 4877 dicte
844 4796 930 4874 ville
949 4796 998 4874 de
1017 4792 1182 4884 Nandro,
1204 4815 1243 4877 et
1260 4825 1300 4875 se
1315 4823 1386 4902 pro
1406 4795 1625 4875 consulibus
1643 4795 1822 4903 gerebant
1841 4793 1981 4902 absque
1996 4795 2071 4899 pria

649 4931 785 5040 vilegio
800 4947 946 5021 nostru,
963 4929 1002 5005 in
1015 4929 1221 5036 dampnum
1237 4947 1276 5007 at
1289 4927 1542 5036 prejudicium
1561 4927 1704 5006 abbatis
1717 4943 1755 5004 et
1767 4942 1969 5005 conventus
1982 4925 2071 5001 dicti

649 5061 722 5142 loci
744 5061 840 5140 etin
860 5073 1118 5167 contemptum
1139 5077 1311 5138 nostum]
1336 5078 1375 5138 et
1396 5059 1615 5137 scandalum
1639 5058 1773 5165 patrie,
1797 5057 1886 5134 licet
1905 5085 1928 5132 a
1940 5055 2071 5161 judico

649 5209 778 5271 nosue
796 5192 936 5300 majore
958 5191 998 5268 in
1023 5190 1238 5269 senescallia
1258 5190 1489 5268 Rutbencnsi
1517 5187 1720 5266 inhibitum
1747 5186 1881 5264 fuisset
1901 5186 2072 5291 personis

649 5323 829 5429 predictis
856 5349 901 5400 ex
925 5340 1029 5428 parte
1055 5340 1197 5413 nostra,
1225 5322 1298 5399 sub
1320 5341 1418 5428 pena
1441 5320 1548 5398 mille
1572 5320 1756 5398 librarum
1775 5316 2069 5403 Turedonnum,

651 5454 760 5531 nobis
783 5454 1020 5560 applicanda,
1042 5481 1089 5531 ne
1109 5452 1305 5532 consulatu
1329 5452 1500 5559 predicto
1524 5443 1726 5529 uterentur
1741 5478 1810 5526 ncc
1834 5475 1872 5522 se
1900 5459 2072 5550 gererent

1894 5599 1941 5658 33.
