5817 7292
872 1135 948 1207 270
1457 1133 1546 1206 Lus
1572 1133 1712 1206 OLIM.

643 1282 830 1344 emanant,
869 1277 1066 1356 inventum
1082 1288 1139 1354 est
1154 1277 1276 1354 dictos
1295 1294 1439 1354 actores
1458 1277 1597 1354 dictam
1613 1275 1868 1354 intencionem
1881 1303 1987 1352 suam
2008 1305 2086 1356 non
2102 1281 2288 1386 probasse,

705 1376 768 1418 m
871 1407 1072 1486 etidcirco
1093 1407 1182 1485 dicti
1202 1407 1325 1486 Nothe
1346 1424 1383 1485 et
1407 1407 1496 1485 socii
1517 1423 1555 1485 et
1573 1406 1729 1484 societas
1746 1406 1913 1514 predicta
1929 1407 2138 1488 Bardorum
2155 1411 2201 1490 ab
2221 1414 2292 1490 im-

871 1539 1061 1646 peticione
1071 1538 1240 1646 predicta
1249 1539 1437 1616 dictorum
1448 1538 1660 1646 agencium,
1674 1565 1744 1644 per
1756 1538 1859 1614 curie
1871 1556 2000 1616 nostre
2006 1540 2211 1648 judicium,
2229 1544 2294 1622 ab·

869 1670 982 1747 soluti
999 1669 1172 1761 suerum,
1195 1669 1295 1747 salvo
1306 1669 1394 1776 jure
1417 1667 1553 1777 agendi
1569 1667 1679 1745 dictis
1703 1668 1891 1747 actoribus
1910 1687 2039 1748 contra
2060 1699 2121 1748 res
2138 1689 2177 1749 et
2194 1673 2293 1752 bona

868 1802 1022 1908 antique
1042 1800 1230 1878 societatis
1250 1799 1480 1888 Bardorum,
1505 1826 1578 1907 que
1600 1815 1679 1877 erat
1696 1815 1868 1906 tempore
1889 1799 1979 1879 dicti
2004 1801 2166 1909 depositi
2186 1801 2288 1896 lacti,

866 1933 897 2008 si
916 1959 1031 2040 super
1049 1930 1122 2009 hoc
1137 1931 1326 2008 voluerint
1341 1931 1512 2036 experiri.
1817 1929 1818 1934 ’

922 2065 1031 2141 Lune
1051 2079 1137 2169 post
1156 2063 1306 2140 octabas
1323 2061 1544 2168 Epiphanie.

924 2195 1132 2300 Episcopus
1146 2193 1384 2273 Abrincensis
1398 2209 1437 2270 et
1449 2209 1579 2270 cantor
1598 2190 1876 2270 Aurelianensis
1893 2209 2186 2298 reportaverunt.

923 2457 1014 2533 LXI.
1046 2456 1145 2533 Cum
1158 2453 1251 2533 olim
1267 2455 1431 2562 quedam
1445 2454 1651 2544 sentencia,
1663 2451 1799 2530 virtute
1809 2452 2003 2560 cujusdam
2017 2455 2288 2534 commissionis

867 2605 1011 2674 nostre,
1028 2586 1102 2664 lata
1116 2585 1232 2663 luerit
1250 2614 1318 2691 per
1337 2585 1557 2692 magistrum
1576 2583 1786 2662 lohannem
1805 2581 2001 2676 Anthonii‚
2022 2585 2211 2692 quondam
2226 2589 2288 2696 ju-

867 2719 989 2795 dicem
1008 2735 1181 2794 nostrum
1201 2716 1435 2794 ordinarium
1455 2716 1736 2806 Caturcensem‚
1754 2744 1824 2822 pro
1844 2732 2084 2822 procuratore
2107 2717 2290 2795 senescal-

866 2848 916 2927 lie
932 2865 1059 2926 nostre
1077 2848 1388 2954 Petregoricensis
1404 2865 1442 2924 et
1452 2875 1523 2954 pro
1541 2847 1760 2926 consulibus
1777 2846 1826 2924 de
1846 2845 2144 2956 Castilbonnays‚
2162 2866 2288 2926 contra

866 2979 1135 3059 Grimoardum
1151 2979 1198 3057 de
1216 2978 1412 3071 Balomos,
1432 2978 1700 3084 Raymnndum
1718 2995 1756 3055 et
1773 2977 2063 3056 Arnuscaudum
2080 2979 2127 3056 de
2145 2979 2288 3060 Garan-

867 3109 993 3199 duno,
1015 3108 1164 3197 iratres,
1187 3108 1411 3216 ejus'lilios,
1433 3135 1548 3214 super
1570 3108 1788 3186 omnimoda
1802 3109 2068 3217 jurisdictione
2088 3127 2126 3186 et
2139 3111 2288 3219 justicia

865 3238 1116 3347 quarumdam
1135 3238 1400 3346 parochiarum
1422 3255 1716 3344 expressatarnm
1737 3239 1777 3314 in
1793 3240 1983 3317 sentencia
1999 3257 2037 3316 et
2052 3242 2287 3346 processibus

867 3369 957 3446 inde
977 3369 1129 3461 secutis,
1152 3385 1190 3445 et
1208 3397 1230 3445 a
1250 3367 1348 3444 dicta
1368 3367 1557 3446 sentencia
1576 3397 1644 3478 per
1664 3368 1783 3447 dictos
1801 3388 1945 3476 patrem
1967 3387 2004 3447 et
2024 3370 2103 3478 ejus
2123 3370 2222 3448 lilios
2239 3373 2285 3449 ad

866 3517 1033 3577 nostram
1050 3500 1191 3577 curiam
1206 3499 1319 3577 luerit
1333 3499 1579 3607 appellatum,
1598 3518 1636 3579 et
1651 3501 1768 3580 eciam
1782 3502 1937 3607 quidam
1951 3527 2144 3608 processus
2159 3529 2283 3580 coram

867 3630 1021 3708 diversis
1035 3630 1243 3737 judicibus,
1260 3658 1329 3738 per
1346 3631 1466 3710 dictos
1482 3649 1625 3738 patrem
1646 3651 1683 3712 et
1704 3633 1837 3711 liliosa
1854 3633 1962 3712 nobis
1981 3631 2203 3739 impetratis,
2222 3660 2284 3710 su-

865 3792 933 3870 per
948 3766 1021 3841 hoc
1035 3762 1121 3840 lacti
1134 3762 1288 3853 luerint,
1307 3763 1371 3871 qui
1384 3791 1580 3869 processus
1593 3779 1631 3843 et
1640 3765 1840 3858 sentencia,
1857 3781 1932 3840 tam
1949 3791 2058 3840 cause
2071 3763 2285 3871 principalis

865 3923 979 4003 quam
1007 3893 1286 4002 appellacionis,
1315 3893 1363 3971 ad
1389 3893 1531 3972 curiam
1555 3911 1720 3972 nostram
1743 3895 1889 3972 remissi
1911 3892 2052 3972 fuerint
2071 3893 2284 4002 judicandi:

864 4025 1052 4113 Tandem,
1074 4025 1161 4102 visis
1178 4023 1415 4132 processibus
1435 4041 1473 4102 et
1495 4025 1682 4104 sentencia
1704 4025 1943 4133 supradictis,
1964 4042 2118 4132 propter
2139 4026 2286 4102 intrica-

865 4160 1013 4235 cionem
1031 4175 1068 4234 et
1085 4155 1253 4233 delectus
1267 4155 1395 4262 plures
1409 4155 1449 4232 in
1466 4155 1685 4264 hujusmodi
1701 4183 1878 4264 processu
1893 4170 2079 4262 repertos,
2100 4181 2170 4262 per
2184 4154 2283 4230 curie

864 4307 991 4367 nostre
997 4287 1201 4396 judicium,
1217 4285 1360 4363 dictum
1373 4284 1446 4363 luit
1455 4299 1494 4364 et
1504 4285 1718 4365 ordinatum
1731 4287 1850 4394 quod,
1861 4286 2038 4364 omnibus
2050 4284 2284 4394 processibus

864 4437 904 4495 et
920 4395 1438 4526 appellacionibns'predictis
1454 4415 1610 4495 omnino
1628 4416 1793 4525 rejectis,
1812 4443 1853 4492 ac
1871 4414 1981 4491 dictis
2001 4413 2116 4492 rebus
2133 4431 2285 4491 conten·

863 4550 973 4628 ciosis
991 4550 1143 4627 instato
1161 4547 1201 4626 in
1220 4575 1297 4654 quo
1313 4564 1400 4624 sunt
1414 4547 1713 4635 remanentibus,
1731 4546 1841 4624 certis
1858 4544 2091 4623 auditoribus
2111 4545 2283 4622 commit·

861 4697 964 4759 tetur
977 4681 1083 4788 quod
1098 4681 1168 4788 ipsi
1184 4679 1232 4756 ad
1247 4679 1423 4788 patriam,
1446 4706 1572 4757 coram
1593 4707 1631 4756 se
1652 4678 1788 4756 vocatis
1805 4677 1973 4785 partibus
1988 4705 2029 4753 ac
2043 4691 2281 4783 procuratore

862 4829 994 4891 nostro
1015 4829 1055 4889 et
1072 4811 1248 4922 gentibus
1268 4811 1375 4890 ducis
1394 4809 1611 4919 Aquitanis,
1635 4809 1666 4888 si
1685 4808 1875 4887 voluerint
1894 4807 2092 4893 interesse,
2116 4804 2162 4882 de
2182 4803 2283 4912 prin·

813 4982 821 4999 v
862 4942 973 5051 cipali
996 4944 1196 5052 questione
1220 4946 1404 5053 predicta,
1431 4944 1641 5024 secundum
1665 4939 1842 5018 articulos
1867 4965 1887 5014 a
1910 4937 2079 5044 partibus
2101 4935 2189 5012 inde
2212 4932 2282 5011 sibi

861 5077 1068 5154 tradendos
1085 5095 1123 5155 et
1136 5105 1206 5184 per
1221 5105 1286 5156 eos
1302 5076 1600 5164 concordandos,
1621 5069 1823 5150 summarie
1842 5067 1941 5146 etde
1959 5067 2073 5175 plano
2090 5084 2129 5145 et
2142 5065 2282 5171 absque

861 5208 1022 5314 strepitu
1036 5207 1188 5316 judicii,
1212 5208 1414 5318 diligenter
1429 5208 1622 5286 veritatem
1643 5203 1848 5311 inquirant,
1871 5215 1909 5276 et
1923 5200 2151 5306 inquestam,
2168 5219 2281 5301 quam

861 5336 952 5415 inde
972 5337 1146 5427 fecerint,
1170 5341 1273 5418 curie
1293 5357 1421 5419 nostre
1436 5337 1680 5449 judicandam
1700 5333 1891 5412 remittant
1908 5329 1979 5408 sub
1999 5355 2129 5406 eorum
2150 5322 2282 5430 sigillis

860 5468 1029 5548 fideliter
1040 5470 1234 5550 inclusam.
