5817 7292
1049 1119 1319 1228 enontrrs
1344 1139 1409 1212 ar
1436 1119 1645 1215 eneces.
1990 1140 2061 1214 125

635 1275 738 1354 bona
755 1294 880 1382 potest
897 1277 1098 1358 efficaciter
1123 1279 1310 1387 obligare3
1340 1281 1503 1388 ideoque
1526 1298 1676 1389 peteret
1696 1281 1816 1358 dictos
1830 1298 2063 1360 mercatores
2100 1289 2230 1344 Partim
2243 1292 2286 1356 tv,

637 1407 824 1486 societatis
850 1409 1046 1490 Mororum
1066 1426 1106 1486 et
1128 1437 1262 1488 eorum
1286 1429 1568 1516 procuratorem
1593 1411 1766 1518 predicto
1786 1411 1940 1488 nomine
1960 1440 2063 1490 com·
2163 1382 2227 1426 Μ’

635 1537 727 1642 peili
748 1538 798 1616 ad
816 1538 1057 1618 reddendum
1076 1557 1115 1618 et
1132 1543 1395 1648 reponendum
1410 1545 1449 1620 in
1464 1572 1577 1622 manu
1598 1542 1696 1620 dicte
1712 1540 1897 1618 consortis
1916 1559 2061 1634 nostre,

636 1669 807 1775 predicto
826 1671 983 1750 nomine
1003 1671 1217 1750 executorio
1238 1673 1337 1751 dicte
1360 1675 1490 1754 matris
1514 1702 1597 1764 sue,
1621 1672 1742 1750 dictos
1766 1679 1886 1778 equos
1905 1671 1945 1748 in
1965 1688 2063 1749 statu

635 1799 825 1904 predicto,
847 1817 914 1878 ant
931 1831 1119 1880 summam
1135 1805 1296 1908 pecunie
1316 1805 1587 1910 supradictam
1604 1819 1642 1880 et
1662 1830 1682 1879 e
1703 1801 1939 1880 contradicti
1965 1827 2064 1880 mer·

636 1947 779 2008 catores
795 1935 993 2010 Motorum
1014 1949 1205 2012 eteorum
1225 1952 1458 2041 procurator,
1478 1934 1654 2042 pluribus
1673 1931 1906 2021 nacionibus,
1924 1960 2064 2040 propo-

635 2079 771 2139 nerent
788 2063 958 2168 predicta
975 2064 1058 2142 fieri
1074 2091 1153 2142 non
1168 2064 1327 2142 debere:
1343 2067 1531 2157 Tandem,
1550 2065 1688 2142 auditis
1705 2065 1793 2142 hinc
1811 2063 1902 2141 inde
1920 2093 2060 2170 propo·

634 2190 731 2282 sitis,
748 2208 786 2268 et
805 2191 1044 2297 superiectis
1062 2194 1233 2299 parcium
1249 2195 1503 2299 predictarum
1520 2195 1698 2300 inquisita
1718 2194 1871 2300 plenius
1889 2193 2060 2282 veritate,

633 2319 795 2428 visisque
815 2350 903 2399 cum
924 2322 1202 2402 deliberacione
1217 2324 1403 2429 inquestis
1418 2353 1532 2430 super
1547 2325 1620 2402 hiis
1634 2323 1760 2412 saetis,
1783 2352 1852 2430 per
1870 2323 2059 2429 judicium

582 2443 585 2447 ¹
633 2468 762 2530 nostre
780 2451 902 2541 curie,
922 2453 1068 2533 dietum
1085 2453 1158 2532 fuit
1178 2471 1216 2532 et
1233 2455 1525 2560 pronunciatum
1545 2455 1759 2561 predictum
1777 2471 2060 2560 procuratorem

633 2580 733 2657 dicte
763 2582 946 2660 consortis
971 2601 1099 2662 nostre
1128 2584 1383 2662 intencionem
1411 2613 1518 2662 suam
1546 2585 1777 2684 sufficienter
1799 2586 1994 2688 probasse,
2023 2601 2061 2660 et

632 2738 702 2815 per
735 2712 838 2788 idem
863 2713 1055 2819 judicium
1084 2714 1177 2794 dicti
1203 2732 1429 2794 mercatores
1454 2714 1643 2792 societatis
1672 2715 1882 2801 Mozorum,
1910 2712 2059 2790 racione

635 2838 734 2916 dicte
750 2838 1009 2949 obligaeionis,
1025 2859 1065 2920 et
1081 2870 1213 2920 eorum
1226 2860 1525 2948 procuratorem,
1547 2842 1718 2949 predicto
1739 2842 1893 2918 nomine
1914 2867 2060 2919 eorum-

635 2969 742 3060 dem,
759 2970 1027 3078 condempnati
1048 2971 1204 3050 suerunt
1222 2974 1272 3050 ad
1290 2973 1531 3050 reddendum
1551 2989 1590 3050 et
1605 2971 1868 3079 reponendum
1888 2973 1927 3048 in
1943 3001 2056 3049 manu

633 3099 734 3176 dicte
753 3101 938 3180 consortis
966 3118 1109 3190 nostre,
1142 3103 1357 3180 executorio
1377 3102 1533 3182 nomine
1562 3102 1750 3208 predicto,
1782 3129 1900 3206 equos
1929 3131 2059 3209 supra·

633 3229 753 3308 dictos
770 3231 809 3308 in
826 3249 924 3309 statu
938 3232 1127 3337 predicto,
1143 3231 1203 3310 vel
1217 3233 1289 3310 tria
1305 3230 1429 3310 millia
1440 3232 1621 3310 librarum
1638 3231 1918 3308 Turonensium
1935 3259 2059 3338 supra-

633 3357 747 3450 dicta,
769 3361 869 3440 salvo
889 3360 998 3439 dietis
1017 3362 1289 3439 mercatoribus
1303 3361 1392 3467 jure
1411 3389 1481 3439 suo
1502 3361 1550 3438 de
1570 3359 1746 3437 habendo
1766 3387 1921 3437 recursu
1945 3389 2059 3466 snper

632 3517 766 3569 eorum
782 3493 830 3569 de
846 3491 1182 3599 dampnificacione
1199 3492 1243 3568 in¹
1255 3491 1477 3601 hujusmodi
1495 3506 1625 3568 contra
1641 3488 1824 3568 donatum
1843 3491 2056 3596 predictum

632 3637 670 3696 et
690 3623 772 3726 ejus
794 3621 1022 3700 societatem.
1043 3623 1086 3698 ln
1105 3622 1230 3728 eujus,
1252 3639 1322 3700 etc.

689 3753 820 3830 Martis
832 3769 919 3831 ante
929 3751 1069 3834 festum
1084 3752 1522 3845 Omnium-Sanctorum,
1537 3780 1635 3829 anno
1648 3752 1913 3830 trecentesimo
1925 3755 2053 3830 tercio.

687 4014 763 4093 XV.
795 4013 894 4092 Cum
913 4015 1013 4094 inter
1029 4035 1312 4123 procuratorem
1328 4034 1518 4106 nostrum,
1541 4014 1752 4123 procebis,
1774 4041 1819 4092 ex
1835 4041 1908 4090 uua
1932 4029 2053 4119 parte,

631 4160 670 4219 et
697 4142 881 4223 Guiotum
906 4146 1257 4255 Meilleur-Gaigne,
1283 4174 1353 4252 pro
1375 4173 1415 4224 se
1435 4163 1474 4223 et
1492 4146 1602 4224 sociis
1621 4145 1699 4222 suis
1723 4161 1761 4220 et
1784 4141 2055 4220 mercatoribus

631 4274 818 4352 societatis
838 4275 888 4352 de
906 4275 1264 4384 Meilleur-Gaigne‚
1290 4305 1334 4354 ex
1358 4275 1448 4363 alia,
1471 4293 1569 4353 esset
1589 4291 1693 4354 mota
1712 4273 1909 4352 contencio
1930 4299 2054 4350 coram

631 4404 760 4496 nobis,
777 4433 892 4512 super
906 4433 953 4482 eo
968 4405 1074 4514 qnod
1088 4408 1212 4485 dietus
1225 4423 1446 4514 procurator
1464 4424 1608 4497 nostem·
1625 4435 1695 4514 pro
1715 4407 1841 4498 nobis,
1869 4404 2056 4484 asserebat

631 4536 737 4640 quod
757 4534 942 4613 Girardus
957 4534 1115 4642 Chipm,
1132 4538 1173 4615 in
1187 4564 1258 4616 suo
1273 4554 1498 4615 testamento
1518 4565 1587 4616 seu
1606 4538 1740 4616 ultima
1760 4537 1949 4615 voluntate
1969 4565 2053 4628 sua,

631 4665 742 4743 nobis
762 4665 898 4774 legavit
921 4683 1094 4775 quartam
1113 4686 1260 4776 partem
1279 4669 1466 4752 sexdecim
1486 4668 1649 4749 millium
1676 4670 1922 4748 ducentarum
1944 4685 1982 4746 et
1998 4667 2053 4744 vi-

629 4795 723 4902 ginti
735 4813 899 4902 quatuor
909 4796 1095 4876 librarum
1107 4799 1389 4879 Turonensinm
1402 4827 1620 4906 parvorum,
1636 4799 1676 4877 in
1689 4827 1764 4908 qua
1778 4827 1925 4878 summa
1940 4826 2053 4904 pecu·

630 4924 692 5002 nie
707 4926 786 5032 ipse
800 4925 985 5008 Girardus
999 4928 1150 5008 dicebat
1164 4930 1257 5008 dicti
1272 4930 1461 5010 Guidonis
1476 4931 1597 5010 socios
1617 4947 1654 5006 et
1674 4929 1890 5008 societatem
1905 4927 2052 5034 predio

629 5072 705 5146 tos,
715 5085 759 5133 ex
770 5086 879 5136 causa
891 5075 991 5136 certa
1001 5074 1041 5138 et
1051 5059 1234 5170 legitima,
1246 5059 1467 5153 sibiteneri;
1484 5077 1704 5168 peteretque
1717 5058 1820 5136 idem
1833 5073 2052 5163 procurator

629 5203 757 5273 noster
773 5186 896 5266 dictos
916 5187 1037 5268 socios
1059 5197 1099 5267 et
1117 5191 1336 5268 societatem
1355 5190 1465 5268 nobis
1487 5189 1771 5296 condempnari,
1793 5205 1832 5266 et
1850 5187 2052 5293 condemp

629 5331 737 5392 natos
759 5316 936 5423 compelli
965 5317 1014 5396 ad
1037 5318 1279 5413 reddendum
1302 5336 1474 5427 quartam
1500 5323 1644 5426 partein
1678 5347 1827 5396 summe
1856 5317 2046 5425 predicte;

628 5459 733 5546 parte
745 5443 896 5526 adversa
910 5445 1085 5553 pluribus
1098 5449 1313 5530 nacionibus
1327 5448 1557 5528 eontrarium
1569 5463 1823 5555 proponente*
1841 5461 1879 5524 et
1893 5457 2043 5551 petente
