5817 7292
865 1114 935 1186 100
1447 1112 1538 1185 LES
1564 1111 1703 1186 OLIM.

632 1268 762 1323 Parum
775 1270 818 1334 tv,
857 1252 1080 1360 parlamenti
1102 1253 1309 1331 remitteret
1328 1252 1398 1330 sub
1416 1280 1485 1331 suo
1509 1253 1670 1331 clausam
1690 1252 1838 1360 sigillet
1860 1254 1946 1332 Visa
1967 1252 2082 1362 igitur
2103 1254 2199 1332 dicta
2217 1257 2274 1335 in·

693 1360 755 1405 1³01.

855 1402 1004 1493 questa,
1027 1380 1064 1463 et
1086 1385 1329 1465 consideratis
1350 1385 1529 1463 omnibus
1551 1386 1625 1491 due
1646 1401 1813 1462 nostram
1834 1384 1976 1460 curiam
1999 1412 2149 1462 movere
2168 1404 2275 1492 pote·

854 1533 939 1593 rant
955 1533 992 1594 et
1011 1516 1216 1606 debebant,
1239 1544 1306 1621 per
1320 1534 1488 1594 nostram
1508 1516 1579 1606 fuit
1596 1516 1737 1592 curimu
1756 1515 1989 1603 ordinatum,
2008 1515 2276 1597 nonobstante

854 1648 1015 1753 quadam
1036 1646 1290 1754 appellacione
1315 1674 1384 1751 per
1409 1646 1552 1724 dictum
1574 1626 1786 1724 Guiardum
1808 1645 2041 1752 interposita,
2063 1676 2176 1753 quam
2197 1649 2277 1755 ipsa

853 1778 954 1855 curia
974 1793 1100 1854 nostra
1120 1776 1291 1854 frivolam
1308 1778 1512 1882 reputavit,
1528 1777 1651 1882 quod,
1671 1776 1702 1852 si
1721 1776 1842 1854 dictus
1856 1776 2044 1855 Guiardus
2058 1776 2195 1855 advoet
2208 1777 2277 1857 fae

850 1925 933 1985 tum
958 1908 1191 2013 predictum,
1214 1907 1293 2014 ipsc
1316 1907 1433 1985 solvet
1450 1907 1562 1985 nobis
1580 1908 1803 2016 quingentas
1819 1906 1932 1984 libras
1948 1908 2190 1986 Turonenses
2204 1936 2274 2015 pro

852 2038 1011 2115 emenda
1030 2066 1247 2115 excessuum
1267 2038 1541 2143 predictorum,
1567 2037 1614 2115 de
1633 2038 1773 2145 quibus
1792 2035 1948 2114 babebit
1963 2036 2087 2115 dictus
2110 2040 2274 2119 serviens

850 2166 1120 2275 quinquaginta
1145 2166 1280 2257 libras3
1302 2167 1333 2243 si
1353 2195 1440 2243 vero
1460 2167 1603 2244 dictum
1625 2166 1763 2243 lactum
1787 2194 1864 2243 non
1881 2166 2107 2255 advoaverit,
2123 2168 2272 2273 predic-

848 2315 911 2373 tus
936 2298 1069 2374 Petrus
1092 2295 1262 2373 Audrant
1286 2313 1324 2373 et
1346 2295 1580 2405 Aymericus‚
1608 2295 1733 2372 valleti
1762 2296 1853 2373 dicti
1877 2295 2052 2387 Guiardi‚
2078 2325 2121 2373 ac
2149 2297 2272 2375 dictus

848 2428 980 2504 Petrus
998 2424 1184 2516 Andrum,
1205 2425 1364 2504 ballivus
1387 2426 1478 2503 dicti
1502 2426 1678 2514 Guiardi‚
1700 2443 1738 2503 et
1759 2427 1971 2534 prepositus
1992 2427 2059 2534 qui
2083 2445 2175 2505 tunc
2193 2444 2273 2505 erat

848 2558 948 2664 apud
958 2556 1198 2645 Archiacum,
1214 2556 1408 2663 capientur
1417 2586 1486 2663 per
1497 2556 1745 2634 senescallum
1751 2558 1961 2664 predictum
1973 2558 2061 2635 etin
2070 2556 2271 2640 Castelleto

848 2705 978 2766 nostro
1006 2686 1220 2780 Parisicnsi‚
1248 2687 1318 2766 sub
1343 2686 1420 2765 lida
1441 2688 1627 2780 custodia,
1653 2716 1722 2795 per
1747 2689 1890 2766 dictum
1913 2687 2161 2795 senescallum
2187 2688 2273 2765 mit-

847 2835 975 2895 tentur
992 2818 1209 2923 puniendos
1229 2848 1297 2925 pro
1315 2837 1494 2927 computo
1511 2847 1751 2909 excessuum,
1768 2836 1881 2927 prout
1898 2818 2001 2896 curie
2022 2836 2149 2899 nostre
2167 2818 2272 2897 vide-

846 2948 950 3026 bitur
966 2948 1194 3026 laciendum.
1243 3014 1246 3023 .
2182 2961 2186 2968 ’

904 3081 1068 3161 Sabbato
1086 3099 1173 3188 post
1188 3082 1536 3162 Annunciacionem
1550 3083 1718 3160 Domini.
1825 3060 1828 3070 ,

903 3213 1085 3293 Gorintus
1103 3211 1314 3318 reportavit.

866 3576 871 3589 .
901 3470 1026 3549 XLIX.
1059 3471 1158 3548 Cum
1179 3498 1303 3547 coram
1329 3470 1467 3549 ballivo
1488 3471 1616 3549 dilecti
1641 3500 1682 3549 ac
1706 3469 1832 3548 fidelis
1851 3470 1969 3549 nostri
1994 3470 2157 3578 episcopi
2178 3472 2269 3549 Lin-

844 3601 1022 3710 gonensis
1042 3601 1214 3680 Johanna
1234 3600 1331 3679 dicta
1352 3601 1387 3680 la
1405 3602 1599 3696 Vendere,
1621 3603 1710 3680 civis
1728 3602 1995 3712 Lingonensis‚
2011 3620 2143 3681 contra
2155 3604 2271 3681 Pero·

846 3762 951 3826 nam,
972 3731 1140 3809 relictam
1159 3732 1324 3811 debincti
1344 3734 1493 3841 Jaquini
1508 3733 1543 3811 le
1562 3733 1728 3823 Gantier‚
1745 3733 2000 3842 proposuisset
2012 3733 2118 3841 quod
2131 3762 2268 3841 prepo-

846 3864 939 3941 situs
954 3864 1203 3972 Lingoncnsis
1218 3881 1347 3942 contra
1364 3882 1509 3943 tutores
1528 3864 1737 3943 liberorum
1758 3864 1925 3941 defuncti
1941 3863 2101 3970 predicti
2117 3863 2268 3972 Jaquini

845 3994 1155 4102 pronunciaverat
1177 3996 1283 4102 quod
1310 3996 1381 4103 ipsi
1405 4013 1550 4074 tutores
1571 4024 1648 4073 non
1673 3996 1844 4073 dixerant
1867 3994 2012 4102 aliquid
2034 4022 2105 4071 nec
2129 4021 2269 4103 propo-

845 4144 997 4204 suerant
1022 4128 1307 4234 propterquod
1332 4127 1411 4234 ipsa
1435 4127 1606 4204 Jobanna
1631 4125 1788 4213 deberet
1812 4128 1972 4232 perdere
1996 4155 2102 4203 suam
2122 4144 2268 4232 partem

844 4257 1034 4336 bonorum
1051 4287 1125 4366 que
1146 4257 1300 4335 fuerunt
1313 4257 1472 4348 alaidis,
1493 4257 1668 4336 defuncte
1690 4258 1818 4335 matris
1832 4286 1917 4347 suc,
1934 4273 2153 4364 peteretque
2171 4257 2269 4335 dicta

844 4389 1015 4465 Jobanna
1034 4389 1139 4494 quod
1155 4387 1320 4493 prefatus
1338 4389 1498 4467 ballivus
1516 4390 1727 4496 predictum
1744 4389 1957 4498 judicatum
1981 4388 2195 4467 erccucioni
2217 4387 2270 4467 la-

844 4535 945 4594 ceret
965 4518 1205 4609 demendam,
1228 4520 1326 4597 dicta
1344 4521 1489 4598 Perona
1503 4520 1544 4597 in
1561 4522 1790 4599 contrarium
1810 4550 1849 4599 se
1866 4520 2041 4627 pluribus
2055 4520 2268 4598 racionibus

844 4664 1077 4753 opponente;
1099 4649 1271 4740 tandem,
1288 4665 1374 4755 post
1394 4650 1531 4727 multas
1545 4652 1713 4730 raciones
1728 4652 1819 4728 hinc
1835 4651 1925 4727 inde
1939 4650 2167 4757 propositas,
2183 4676 2267 4755 pre·

842 4776 941 4855 latus
962 4777 1120 4856 ballivus
1143 4778 1340 4859 diffinitive
1367 4783 1628 4885 pronunciavit
1647 4783 1752 4890 quod
1774 4782 1872 4860 dicta
1891 4782 2035 4858 Perona
2054 4794 2267 4857 remaneret

843 4908 883 4983 in
907 4908 1043 4986 saisina
1065 4910 1130 4986 tali
1159 4910 1259 5018 quali
1284 4909 1331 4988 de
1355 4910 1468 4989 bonis
1492 4913 1687 5018 predictis,
1713 4913 1780 4992 tali
1806 4912 2029 4990 condicione
2058 4909 2163 5017 quod
2188 4908 2266 5017 ipsa

841 5038 1003 5129 Perona‚
1019 5066 1064 5116 ex
1075 5057 1168 5117 tunc
1182 5070 1293 5147 supra
1304 5043 1422 5148 pedes
1431 5070 1535 5132 suos,
1550 5044 1693 5122 diceret
1704 5042 1763 5121 vel
1777 5058 2007 5149 proponeret
2018 5040 2163 5119 bonurn
2175 5039 2266 5118 titu-

840 5169 921 5247 lum
946 5186 984 5247 et
1011 5199 1158 5249 causam
1174 5189 1333 5279 propter
1351 5202 1466 5280 quam
1486 5175 1565 5280 ipsa
1586 5176 1745 5252 deberet
1764 5172 1823 5251 vel
1847 5172 1960 5253 vellet
1980 5172 2149 5278 predicta
2164 5168 2266 5249 bona

840 5317 990 5393 tenere,
1011 5300 1180 5409 alioquin
1200 5302 1436 5411 adjudicabat
1456 5305 1706 5383 incontinenti
1721 5303 1888 5410 predicte
1901 5304 2073 5381 Johanne
2088 5300 2264 5381 saisinam

841 5450 880 5509 et
891 5433 1159 5541 proprietatem
1171 5432 1361 5531 bonorum
1375 5438 1645 5542 predictorum.
1657 5435 1778 5544 Aquo
1789 5434 1958 5544 judicato
1972 5431 2106 5543 prelati
2119 5430 2263 5525 ballivi,
