5817 7292
853 1143 928 1214 278
1434 1135 1526 1208 LES
1555 1133 1696 1208 OLIM.

628 1295 758 1350 enirm
770 1293 813 1356 tv,
848 1281 1056 1393 judicium,
1078 1279 1223 1356 dictum
1237 1275 1310 1354 fuit
1323 1275 1467 1353 dictum
1482 1275 1662 1353 ballivum
1677 1275 1773 1352 bene
1784 1275 1990 1384 judicasse,
2008 1293 2048 1352 et
2061 1277 2181 1358 dictos
2197 1311 2276 1360 ma-

689 1385 752 1429 m
848 1414 974 1523 jerem
991 1427 1030 1488 et
1039 1410 1186 1518 juratos
1198 1407 1297 1486 male
1310 1407 1533 1514 appellasse,
1551 1424 1590 1486 et
1599 1406 1704 1512 quod
1713 1407 1783 1513 ipsi
1800 1408 1873 1484 boc
1890 1407 2166 1502 emendabunt,
2179 1413 2276 1492 salva

852 1545 994 1622 eisdem
1015 1542 1220 1649 superboc
1242 1540 1482 1647 proprietatis
1501 1539 1709 1646 questione.

906 1673 1104 1753 Dominica
1124 1671 1301 1780 predicta.

908 1937 985 2012 Vll.
1014 1935 1113 2013 Cum
1131 1951 1355 2042 procurator
1374 1949 1513 2024 noster,
1534 1961 1658 2010 coram
1678 1930 1915 2011 auditoribus
1934 1933 2030 2010 datis
2049 1935 2097 2012 ab
2116 1935 2276 2042 inquisi-

851 2065 998 2146 toribus
1018 2067 1205 2173 deputatis
1224 2094 1245 2142 a
1267 2065 1378 2143 nobis
1396 2065 1438 2142 in
1460 2063 1676 2142 senescallia
1693 2064 1933 2158 Carcassone,
1952 2083 2081 2144 contra
2100 2067 2275 2146 abbatem

850 2197 1122 2286 Montis-Olivi,
1137 2198 1395 2305 proposuisset
1409 2198 1535 2303 quod,
1553 2195 1640 2273 licet
1652 2196 1756 2274 locus
1771 2197 1927 2303 quidam
1939 2255 1948 2284 ,
1962 2223 2080 2304 prope
2095 2200 2274 2277 Montem-

851 2328 1002 2407 Olivum
1022 2329 1199 2433 existens,
1221 2329 1260 2404 in
1279 2357 1357 2434 quo
1376 2329 1568 2435 quondam
1589 2328 1712 2405 fuerat
1726 2343 1889 2406 castrum
1903 2329 2046 2406 dictum
2060 2329 2107 2406 de
2123 2329 2269 2419 Malast,

851 2461 914 2567 qui
927 2459 1234 2566 locusqucndam
1247 2459 1370 2536 fuerat
1379 2456 1627 2549 Trancavelli,
1640 2459 1869 2537 vicecomitis
1879 2459 2114 2550 Biterrensis,
2128 2460 2271 2537 inimici

851 2609 889 2668 et
908 2591 1028 2670 faiditi
1047 2619 1090 2668 ac
1110 2591 1227 2668 eciam
1251 2590 1406 2668 rebellis
1431 2591 1714 2698 progenitorum
1736 2607 1970 2680 nostrorum,
1991 2591 2102 2669 nobis
2119 2589 2269 2686 fuisset,

851 2722 960 2799 certis
978 2749 1023 2798 ex
1043 2722 1178 2809 causis,
1198 2749 1285 2798 cum
1306 2717 1399 2799 locis
1421 2721 1547 2798 eidem
1568 2721 1698 2798 vicinis
1717 2739 1756 2799 et
1777 2723 1963 2832 contiguis
1982 2721 2216 2815 commissus,
2237 2739 2275 2800 et
2345 2776 2348 2787 ι

849 2869 978 2956 postea
987 2879 1056 2958 per
1065 2869 1194 2958 gentes
1202 2852 1489 2960 progenitorum
1501 2867 1716 2930 nostrorum
1728 2853 1882 2929 omnino
1895 2853 2123 2942 destructus,
2136 2871 2189 2944 et,
2201 2879 2275 2930 ara·

849 2999 910 3060 tro
929 2982 1102 3072 inmisso,
1123 2985 1301 3062 heremus
1318 2981 1438 3060 lactus
1455 2982 1606 3072 fuisset,
1628 3001 1756 3062 tamen
1775 2983 1890 3062 abbas
1908 2985 2103 3092 predictus
2121 2969 2275 3063 Montis-

851 3110 966 3203 Olivi,
983 3113 1023 3189 in
1036 3113 1288 3221 prejudicium
1302 3131 1473 3192 nostrum
1486 3112 1611 3192 locum
1621 3113 1834 3220 predictum
1850 3115 2085 3223 occupando,
2099 3114 2274 3220 pluribus

849 3233 980 3323 illicite
1001 3262 1232 3322 concesserat
1254 3245 1449 3322 licenciam
1471 3243 1615 3322 ibidem
1635 3244 1856 3336 edificandi3
1876 3263 2031 3351 propter
2050 3245 2155 3351 quod
2174 3260 2273 3350 pete·

848 3374 915 3450 bat
935 3373 1056 3449 dietus
1080 3390 1301 3478 procurator
1326 3391 1455 3451 noster
1479 3374 1665 3480 predicta,
1695 3376 1748 3452 sic
1774 3391 1950 3481 usurpata
1976 3392 2014 3452 et
2037 3391 2164 3452 contra
2182 3401 2269 3464 nos,

850 3503 961 3594 lacta,
985 3505 1175 3580 emendari
1202 3523 1239 3582 et
1258 3504 1383 3583 locum
1403 3506 1635 3612 predictum,
1659 3535 1745 3584 cum
1770 3506 1926 3584 edificiis
1946 3505 1998 3582 ibi
2019 3504 2138 3591 lactis,
2160 3501 2270 3582 nobis

852 3661 932 3710 esse
952 3635 1193 3711 commissum
1211 3636 1468 3740 pronunciari,
1489 3637 1622 3713 abbate
1638 3637 1826 3743 predicto,
1844 3635 2016 3742 pluribus
2036 3634 2266 3726 nacionibus,

850 3763 888 3838 in
909 3764 1138 3841 contrarium
1154 3781 1388 3872 proponente
1414 3767 1582 3872 predicta
1602 3765 1685 3842 fieri
1705 3795 1782 3843 non
1810 3765 1976 3844 debere:
1996 3765 2082 3845 Visa
2101 3765 2270 3871 inquesta

850 3922 964 4000 super
979 3894 1170 3982 boclacta,
1186 3898 1475 4001 pronunciatum
1490 3897 1577 3986 luit,
1594 3925 1662 4004 per
1676 3897 1778 3974 curie
1791 3913 1917 3976 nostre
1928 3895 2131 4004 judicium,
2143 3896 2269 3974 locum

850 4025 1081 4131 predictum,
1096 4044 1210 4133 prout
1221 4057 1260 4104 se
1275 4047 1515 4135 comportata
1529 4030 1648 4133 capite
1662 4029 1771 4106 castri
1783 4027 1872 4105 dicti
1889 4027 1937 4104 de
1949 4027 2082 4106 Malast
2091 4055 2210 4136 usque
2222 4028 2269 4104 ad

849 4156 995 4261 portale
1013 4175 1185 4235 vocatum
1212 4159 1261 4238 de
1279 4161 1490 4267 Nandreya,
1513 4161 1617 4268 quod
1643 4177 1698 4237 est
1717 4159 1851 4237 subtus
1869 4174 1908 4236 et
1927 4187 2045 4266 prope
2066 4160 2268 4266 quamdam

850 4285 1019 4380 ulmum,
1039 4305 1095 4380 et,
1115 4289 1214 4366 sicut
1231 4289 1438 4367 includitur
1456 4317 1525 4398 per
1546 4317 1661 4397 aquas
1680 4291 1729 4366 de
1744 4289 1881 4366 Alaano
1902 4305 1940 4365 et
1960 4290 2007 4366 de
2025 4290 2143 4381 Dura,
2162 4289 2269 4368 nobis

760 4464 764 4472 »
849 4433 1042 4522 tamqnam
1062 4420 1305 4498 commissum
1327 4449 1414 4498 cum
1437 4420 1517 4498 suis
1536 4419 1695 4496 edificiis
1721 4445 1914 4496 remanere
1936 4435 1974 4496 et
1993 4416 2184 4497 confiscari
2202 4421 2269 4498 de-

849 4544 958 4634 bere,
973 4563 1012 4623 ct
1024 4546 1072 4623 de
1084 4547 1244 4626 edificiis
1258 4549 1437 4656 predictis
1451 4550 1596 4629 ibidem
1611 4549 1717 4628 factis
1737 4567 1775 4626 et
1794 4549 1842 4626 de
1860 4549 1967 4626 totali
1984 4533 2264 4657 loco'predicto,

848 4703 917 4781 per
935 4705 1007 4754 nos
1021 4705 1102 4756 esse
1117 4679 1370 4757 ordinandum
1389 4698 1502 4787 prout
1517 4699 1645 4758 nostre
1660 4679 1843 4788 placuerit
1856 4679 2050 4758 voluntati.

903 4807 1032 4884 Martis
1051 4826 1137 4913 post
1156 4811 1435 4890 conversionem
1454 4813 1569 4890 sancti
1584 4812 1701 4888 Pauli.

903 4936 1062 5015 Cuillier
1081 4941 1292 5046 reportavit.

903 5197 996 5277 Vlll.
1026 5198 1123 5278 Cum
1139 5198 1251 5280 irater
1261 5201 1466 5292 Galterius,
1481 5203 1596 5283 abbas
1614 5205 1829 5284 monasterii
1842 5201 2120 5295 Belle-Portica,
2135 5205 2268 5283 Cister-

848 5328 980 5406 ciensis
999 5330 1158 5422 ordinis,
1183 5361 1308 5411 coram
1332 5334 1536 5414 senescallo
1556 5353 1686 5415 nostro
1703 5335 1939 5428 Tbolosanc,
1962 5351 2112 5414 vocatus
2130 5361 2199 5441 pm
2219 5361 2267 5412 eo

846 5459 1119 5568 quodquidam
1136 5463 1312 5542 monachi
1323 5467 1540 5545 monasterii
1552 5467 1730 5574 predicti,
1743 5467 1825 5574 ipso
1840 5465 1974 5546 abbate
1990 5466 2145 5559 sciente,
2162 5491 2270 5544 mnn-
