5817 7292
875 1117 949 1191 aas
1016 1210 1018 1215 ,
1458 1113 1549 1187 cas
1578 1112 1717 1188 omn.

649 1268 780 1322 Pavum
793 1262 838 1327 ln,
876 1255 999 1335 dictus
1016 1282 1103 1335 vero
1119 1282 1244 1334 comes
1258 1256 1369 1342 Fuxi,
1387 1254 1510 1332 simile
1524 1266 1865 1331 assecuramentum
1882 1247 2063 1355 predictis
2075 1247 2291 1354 prestando,

712 1358 775 1403 1³00.

878 1389 969 1467 dixit
987 1389 1093 1495 quod
1112 1388 1190 1493 ipse
1210 1386 1299 1463 inde
1321 1385 1528 1492 excipiebat
1544 1401 1682 1462 terram
1702 1409 1815 1489 quam
1835 1381 1914 1487 ipse
1933 1378 2051 1457 habet
2068 1380 2110 1457 in
2128 1379 2299 1459 Cathalo·

877 1519 955 1609 nia,
978 1535 1016 1596 et
1033 1535 1193 1595 matrem
1214 1546 1320 1593 suam
1337 1533 1375 1594 ct
1388 1514 1649 1595 Constenciam
1665 1510 1974 1591 vicecomitissam
1992 1509 2187 1595 Marciani,
2204 1509 2296 1587 ami·

834 1664 848 1691 ⁹
877 1666 953 1725 tarn
975 1649 1091 1755 ipsius
1110 1647 1273 1735 comitis,
1295 1663 1334 1723 et
1350 1665 1470 1724 terras
1485 1672 1631 1734 earum;
1649 1661 1688 1721 et
1701 1660 1791 1721 tunc
1807 1642 1978 1750 precepit
1989 1640 2062 1719 sibi
2078 1642 2181 1721 curia
2195 1638 2300 1747 quod

878 1780 973 1886 ipse,
986 1780 1065 1856 sinc
1077 1778 1299 1883 exccpcione
1309 1794 1408 1854 terre
1419 1804 1486 1854 sue
1496 1776 1543 1853 dc
1553 1774 1788 1866 Cathalonia,
1800 1774 1946 1853 dictum
1956 1789 2298 1855 assecuramentum

876 1928 1076 2017 prestaret,
1092 1928 1130 1987 et
1144 1910 1175 1987 si
1187 1908 1301 1987 vellet
1315 1908 1404 1985 inde
1420 1906 1589 2013 excipere
1603 1922 1762 1984 matrem
1779 1922 1817 1982 et
1830 1907 1984 1984 amitam
1999 1935 2084 1986 suas
2095 1905 2296 2012 predictas,

878 2042 982 2147 quod
1002 2042 1081 2147 ipse
1092 2041 1237 2147 juraret
1255 2066 1332 2117 non
1344 2039 1474 2145 juvare
1490 2066 1552 2115 eas
1570 2051 1700 2114 contra
1719 2035 1926 2142 predictos;
1947 2039 2052 2144 quod
2071 2065 2159 2114 cum
2178 2034 2299 2113 facere

879 2188 1081 2261 recusaret,
1104 2172 1239 2249 missus
1256 2169 1329 2247 fuit
1347 2171 1386 2246 in
1407 2168 1662 2265 Castelletum.
1685 2168 1817 2245 Postea
1833 2195 1922 2245 vero
1941 2168 2148 2245 recreditus
2165 2165 2238 2243 fuit
2255 2177 2298 2241 ut

879 2303 952 2379 iret
970 2304 1070 2411 apud
1091 2302 1342 2381 Silvanectum
1363 2301 1411 2377 ad
1431 2284 1629 2377 dominum
1645 2299 1786 2405 Regem
1807 2300 1902 2402 (13),
1929 2316 1968 2377 et
1995 2297 2048 2376 ibi
2064 2298 2205 2376 sactum
2223 2295 2298 2375 fuit

880 2434 985 2539 quod
1004 2434 1184 2539 sequitur.
1978 2424 1982 2429 ’

935 2565 1111 2642 Noverint
1120 2564 1282 2641 universi
1296 2563 1398 2669 quod
1408 2563 1511 2670 apud
1519 2562 1788 2652 Silvanectum,
1802 2590 1928 2641 coram
1937 2563 2092 2641 domino
2101 2565 2202 2671 Rege
2211 2562 2299 2639 exis

876 2713 963 2773 tens
977 2722 1103 2773 comes
1117 2695 1228 2786 Furi,
1245 2694 1291 2771 ad
1308 2694 1528 2771 mandatum
1542 2694 1662 2800 ipsius
1678 2695 1825 2772 domini
1842 2694 1967 2801 Regis,
1990 2693 2097 2770 dedit
2112 2688 2299 2771 assecura-

880 2842 1050 2903 mentum
1073 2823 1301 2931 legittimum
1324 2824 1371 2901 de
1395 2852 1434 2901 se
1458 2841 1497 2901 et
1519 2824 1612 2914 suis,
1633 2826 1842 2902 secundum
1862 2825 2176 2903 consuetudinem
2198 2825 2300 2903 curie

881 2956 1027 3033 domini
1047 2955 1175 3062 Regis,
1198 2956 1325 3033 comiti
1346 2954 1572 3046 Armeniaci,
1595 2956 1787 3033 Bernardo
1807 2956 1856 3033 de
1875 2956 2075 3047 Convenis,
2093 2956 2300 3034 vicecomiti
2346 3030 2349 3034 ,

880 3088 1075 3175 Turenne,
1093 3085 1270 3178 Gasooni,
1291 3086 1502 3165 vicecomiti
1526 3086 1827 3194 Ferencaguelli,
1844 3085 1948 3165 fratri
1968 3086 2057 3163 dicti
2072 3086 2222 3163 comitis
2240 3086 2303 3163 Ar·
2366 3154 2375 3167 Ι

882 3216 1042 3294 meniaci
1061 3234 1100 3294 et
1118 3216 1212 3306 suis;
1230 3217 1372 3322 excepit
1389 3234 1518 3294 tamen
1536 3216 1661 3295 dictus
1679 3244 1807 3295 comes
1826 3219 1917 3295 Fuxi
1938 3218 1985 3295 ab
2002 3234 2300 3295 assecuramento

882 3347 1051 3453 predicto
1072 3363 1230 3424 matrem
1252 3362 1289 3423 et
1308 3346 1588 3435 Constanciam,
1611 3346 1919 3424 vicecomitissam
1934 3347 2125 3438 Marciani,
2147 3346 2300 3425 amitam

881 3506 980 3567 suas,
996 3495 1034 3555 et
1044 3494 1163 3554 terras
1176 3504 1305 3552 earum
1317 3507 1327 3563 3
1337 3476 1474 3583 juravit
1485 3503 1573 3554 vero
1586 3476 1636 3553 ad
1649 3493 1772 3553 sancta
1783 3477 1853 3554 Dei
1865 3476 2076 3584 Evangelia,
2089 3477 2300 3556 secundum

882 3636 1029 3686 morem
1040 3608 1161 3697 curie,
1175 3634 1215 3685 se
1229 3603 1417 3684 facturum
1431 3623 1469 3683 ct
1482 3624 1717 3697 curaturum,
1729 3636 1798 3714 pro
1814 3634 1938 3714 posse,
1951 3606 2054 3713 quod
2068 3606 2167 3685 dicte
2181 3626 2302 3688 mater

883 3755 921 3816 et
938 3739 1052 3817 amita
1071 3756 1108 3816 ct
1127 3755 1227 3815 terre
1247 3763 1396 3828 esuum,
1413 3754 1525 3814 erunt
1539 3756 1578 3815 et
1591 3738 1835 3816 includentur
1849 3740 1889 3815 in
1903 3757 2201 3816 assecuramento
2217 3768 2303 3845 prc-

882 3869 1002 3961 dict03
1016 3868 1121 3976 quod
1138 3869 1169 3944 si
1184 3865 1305 3945 lacere
1322 3867 1468 3947 nollent
1482 3869 1618 3946 eodem
1630 3869 1848 3975 juramento
1866 3896 1906 3946 se
1921 3868 2107 3958 astrinxit,
2125 3898 2195 3975 pro
2210 3898 2251 3947 se
2266 3888 2304 3948 et

883 4000 976 4087 suis,
993 4027 1070 4076 non
1085 4016 1250 4105 prestare
1264 4000 1373 4077 dictis
1388 4000 1498 4077 matri
1511 4016 1550 4076 et
1564 4000 1679 4077 amite
1693 4028 1825 4107 opem,
1838 4000 2040 4078 consilium
2052 4000 2112 4078 vel
2124 4001 2302 4081 auxilium

881 4128 1095 4207 volentibus
1119 4131 1224 4238 prius
1243 4131 1437 4209 offendere
1458 4131 1518 4208 vel
1540 4130 1716 4210 invadere
1734 4131 1855 4209 dictos
1873 4132 2049 4209 comitem
2073 4130 2299 4222 Armeniaci,

880 4259 1034 4340 fratrem
1049 4262 1131 4369 ejus
1147 4279 1186 4340 et
1199 4262 1458 4341 vicecomitem
1474 4264 1653 4339 Turenne
1673 4278 1713 4339 et
1730 4290 1835 4351 suos,
1853 4262 1972 4340 eciam
1986 4264 2026 4339 in
2044 4261 2300 4352 defendendo,

880 4392 947 4471 uhi
964 4393 1086 4472 dictus
1101 4422 1227 4472 comes
1237 4394 1466 4483 Armeniaci,
1481 4391 1595 4471 frater
1608 4394 1705 4500 ejus,
1723 4410 1761 4471 et
1774 4393 1982 4471 vicecomes
1995 4410 2034 4471 et
2047 4393 2105 4472 sui
2121 4422 2161 4471 se
2176 4394 2304 4473 contra
2389 4404 2396 4415 '

881 4522 1112 4602 vindicarent
1132 4524 1178 4601 de
1198 4525 1376 4631 predictis
1395 4540 1515 4601 matre
1536 4539 1574 4601 et
1593 4524 1707 4602 amita
1727 4542 1765 4601 et
1790 4525 1900 4602 terris
1928 4552 2074 4613 earnm,
2101 4553 2176 4631 que
2200 4526 2305 4631 prius
2422 4570 2429 4579 ·

882 4654 1099 4731 invasissent
1119 4655 1238 4732 dictos
1258 4654 1433 4732 comitem
1448 4654 1677 4743 Armeniaci,
1699 4655 1780 4762 ejus
1799 4655 1967 4745 fratrem,
1989 4672 2028 4733 et
2047 4653 2302 4732 vicecomitem

882 4800 920 4860 et
938 4799 1055 4861 terras
1075 4811 1228 4873 eorum;
1253 4784 1320 4861 sed
1343 4784 1374 4861 si
1399 4812 1527 4861 comes
1548 4783 1777 4875 Armeniaci,
1803 4784 1917 4863 frater
1932 4785 2018 4892 ejus
2042 4801 2081 4861 et
2097 4785 2305 4861 vicecomes

881 4912 1038 5019 predicti
1059 4932 1123 4992 aut
1142 4915 1220 5003 aui,
1241 4916 1427 5021 predictas
1446 4933 1606 4992 matrem
1628 4933 1665 4993 et
1688 4917 1841 4993 amitam
1859 4918 1965 5022 prius
1984 4914 2219 4991 offenderent
2238 4930 2305 4990 aut

879 5062 997 5123 terrae
1016 5072 1165 5132 earum,
1183 5074 1257 5152 que
1279 5066 1390 5124 erunt
1406 5064 1508 5125 extra
1525 5064 1869 5126 assecuramentum
1885 5046 2160 5153 predictorum,
2180 5042 2304 5122 dictus

879 5203 1006 5253 comes
1019 5176 1112 5254 Fuxi
1129 5176 1183 5253 eis
1200 5177 1337 5283 poterit
1354 5195 1521 5283 prestare
1538 5205 1670 5282 opem,
1687 5179 1869 5256 auxilium
1883 5194 1923 5255 et
1935 5176 2100 5254 favorem
2114 5174 2303 5251 defensio·

879 5306 955 5399 nis,
970 5306 1049 5383 sine
1062 5306 1231 5412 periculo
1245 5306 1363 5413 ipsius
1375 5309 1678 5386 assecuramenti.
1692 5311 1919 5388 Protestatus
1931 5306 2003 5383 luit
2014 5306 2169 5411 insuper
2181 5304 2305 5384 dictus

879 5466 1004 5517 comcs
1029 5438 1138 5529 Furi,
1163 5439 1202 5516 in
1222 5438 1416 5545 presencia
1441 5438 1585 5517 domini
1618 5439 1744 5547 Regis,
1765 5436 1937 5519 sibilare
1959 5435 2102 5515 salvum
2115 5436 2179 5545 jus
2199 5433 2305 5541 qnod
