5817 7292
1028 1082 1290 1190 annueres
1316 1102 1380 1172 nr
1405 1082 1608 1176 rnocts.
1954 1105 2027 1179 aas

608 1239 730 1317 dictus
745 1238 885 1319 Alanus
901 1241 1097 1349 appellavit
1111 1272 1118 1316 ι
1136 1243 1245 1319 Facta
1256 1243 1370 1348 igitur
1384 1243 1557 1349 inquesta
1572 1271 1687 1349 super
1702 1245 1774 1322 boc
1786 1245 1835 1322 de
1850 1248 2028 1325 mandato
2067 1261 2198 1316 suarm
2210 1263 2255 1326 Ν.

608 1371 710 1447 curie
725 1388 867 1461 nostre,
885 1360 959 1450 visa
976 1391 1013 1449 et
1026 1373 1226 1480 diligenter
1245 1375 1467 1462 examinata,
1484 1403 1553 1480 per
1575 1376 1678 1450 curie
1700 1393 1826 1452 nostre
1841 1377 2029 1483 judicium

609 1499 680 1578 fuit
696 1500 837 1580 dictum
856 1503 999 1580 dictum
1017 1503 1179 1582 Alanum
1195 1506 1291 1582 male
1307 1505 1526 1612 appellasse,
1543 1505 1772 1584 remittendo
1791 1504 1933 1582 dictum
1948 1508 2031 1584 Ala-

2129 1351 2192 1396 1809.

609 1659 701 1707 num
720 1633 766 1708 ad
788 1661 941 1711 examen
962 1635 1069 1713 ducis
1090 1622 1311 1742 supradicti,
1333 1637 1373 1714 in
1392 1653 1491 1713 statu
1510 1637 1549 1712 in
1569 1667 1647 1744 quo
1666 1638 1746 1743 ipse
1764 1654 1844 1713 erat
1862 1654 2031 1744 tempore

610 1761 872 1868 appellationis
891 1767 1074 1871 predicte,
1099 1784 1137 1844 et
1155 1769 1261 1873 quod
1280 1769 1360 1873 ipse
1381 1769 1454 1846 boc
1477 1767 1587 1846 nobis
1607 1767 1834 1845 emendabit.

665 1893 772 1970 Lune
793 1913 876 2000 post
894 1898 1031 1973 Remos
1051 1897 1276 1974 Palmamm.

665 2023 771 2101 Creci
793 2027 1005 2129 reportarit.

664 2287 770 2365 XCll.
802 2289 884 2367 Lite
915 2305 1015 2368 mota
1044 2318 1170 2369 coram
1194 2291 1401 2371 Guillelmo
1431 2293 1638 2400 Flamingi,
1670 2295 1868 2372 castellano
1897 2299 2036 2374 Sancti·

608 2427 785 2532 tangam,
804 2424 1061 2505 commissario
1081 2424 1261 2529 deputato
1282 2424 1453 2502 aballivo
1468 2425 1748 2513 Matisconensi,
1770 2426 1867 2503 inter
1882 2425 2033 2504 fratrem

609 2562 844 2647 (luidonem,
865 2559 1028 2664 priorem
1051 2558 1099 2634 de
1120 2555 1284 2641 Calcbis,
1303 2585 1346 2631 ex
1359 2585 1435 2634 una
1453 2572 1578 2661 parte,
1600 2573 1639 2632 et
1657 2557 1854 2634 Perrotum
1875 2558 2036 2637 Vincen-

611 2695 656 2770 eii
679 2695 726 2770 de
746 2690 908 2777 Calebis,
937 2717 979 2764 er
1004 2687 1134 2774 altera,
1156 2713 1271 2790 super
1296 2713 1341 2760 eo
1366 2685 1471 2792 quod
1492 2684 1642 2761 dicebat
1664 2684 1789 2763 dictus
1807 2689 1910 2794 prior
1929 2691 2034 2793 quod

610 2824 765 2932 quidam
782 2819 909 2896 mulus
924 2817 1042 2923 ipsius
1059 2843 1126 2920 per
1142 2831 1272 2921 gentes
1292 2831 1436 2890 nostras
1455 2814 1600 2918 positus
1618 2813 1740 2890 fuerat
1754 2817 1793 2890 in
1815 2816 1931 2894 domo
1952 2847 2035 2922 pre-

611 2957 701 3033 dicti
721 2949 866 3029 Perroti
886 2948 933 3024 ad
953 2964 1146 3053 poturam;
1168 2945 1233 3051 qui
1254 2944 1380 3021 mulus
1400 2971 1446 3020 eo
1466 2960 1639 3050 tempore
1657 2945 1804 3022 valebat
1818 2947 2035 3052 quindecim

610 3086 724 3177 libras
742 3083 1003 3167 Divionenses;
1024 3105 1093 3183 per
1111 3075 1252 3152 lactum
1271 3092 1397 3152 autem
1423 3101 1490 3151 seu
1511 3074 1660 3181 culpam
1686 3076 1846 3181 predicti
1873 3078 2033 3166 Perroti,

610 3217 667 3295 vel
682 3215 852 3302 alterius,
867 3209 1022 3288 nomine
1038 3209 1171 3314 ipsius,
1189 3205 1291 3282 lesus
1307 3221 1344 3282 et
1359 3203 1457 3281 male
1474 3221 1652 3283 tractatus
1667 3206 1803 3292 extitit,
1822 3207 1916 3284 adeo
1931 3208 2037 3315 quod

610 3346 755 3425 inutilis
778 3360 856 3420 erat
875 3341 1015 3428 lactus,
1038 3337 1139 3414 dicto
1163 3338 1319 3411 Perroto
1339 3335 1379 3410 in
1399 3335 1631 3411 contrarium
1655 3334 1804 3413 dicente
1829 3365 1868 3413 se
1894 3337 2036 3414 dictum

496 3530 499 3542 ι
610 3479 755 3558 mulum
779 3501 912 3555 sanum
935 3486 973 3547 et
992 3469 1140 3546 illesum
1162 3467 1263 3543 dicto
1285 3465 1400 3572 priori
1421 3493 1489 3542 seu
1507 3467 1588 3573 ejus
1609 3466 1787 3544 mandato
1806 3485 2037 3573 presentasse

610 3633 649 3692 et
669 3609 896 3693 reddidisse,
920 3621 957 3681 et
971 3600 1076 3709 quod
1097 3598 1219 3676 dictus
1237 3597 1340 3702 prior
1362 3625 1428 3674 seu
1449 3597 1532 3704 ejus
1550 3597 1770 3674 mandatum
1791 3598 1930 3674 dictam
1949 3599 2037 3675 red·

611 3744 800 3820 dicionem
819 3754 935 3814 ratam
943 3715 1104 3819 'habuin
1121 3729 1222 3805 dicto
1238 3729 1362 3832 priore
1381 3729 1451 3804 ista
1466 3745 1640 3834 negante,
1657 3726 1779 3803 dictus
1794 3726 2034 3816 Guillelmus,

611 3869 904 3953 commissarius,
920 3860 1168 3947 deffiniendo,
1183 3857 1439 3963 pronunciavit
1454 3856 1667 3963 predictum
1681 3856 1845 3960 priorem
1860 3855 2038 3932 intencio

613 4030 700 4078 nem
726 4027 830 4078 suam
855 3998 954 4073 bene
981 4010 1018 4069 et
1043 3989 1271 4070 sufficienter
1294 3986 1526 4092 probavisse,
1547 4003 1586 4062 et
1610 3987 1752 4062 dictum
1776 3965 1973 4063 Peirotum
1997 3986 2035 4062 in

611 4131 790 4239 predictis
816 4125 1031 4233 quindecim
1053 4121 1158 4198 libris
1177 4116 1487 4205 Divionensibus,
1508 4145 1577 4222 pro
1596 4113 1720 4192 valore
1741 4115 1836 4191 muli
1856 4116 2032 4223 predicti,

612 4265 736 4342 eidem
751 4257 867 4366 priori
882 4253 1155 4334 sentencialiter
1174 4247 1479 4356 condempnavit,
1495 4247 1686 4323 taracione
1707 4273 1950 4352 expensarum
1966 4275 2035 4351 per

612 4395 755 4483 dictum
781 4385 1029 4469 Guillelmum
1059 4379 1355 4458 commissarium
1378 4377 1449 4454 sibi
1479 4376 1661 4484 legittime
1689 4394 1888 4466 reservam
1912 4405 1932 4451 a
1958 4405 2034 4482 qua

611 4523 816 4613 sentencia,
833 4537 1010 4624 tanquam
1026 4513 1170 4618 iniqua,
1189 4508 1261 4586 luit
1272 4536 1339 4616 per
1354 4507 1497 4584 dictum
1514 4509 1712 4584 Percotum
1727 4508 1774 4583 ad
1787 4508 1930 4584 curiam
1946 4537 2033 4584 nos-
2143 4565 2146 4570 .

609 4673 706 4731 tram
731 4649 983 4758 appellatum:
1004 4642 1101 4722 Visis
1119 4640 1234 4748 igitur
1253 4638 1344 4715 actis
1364 4654 1401 4714 et
1423 4637 1661 4746 processibus
1683 4639 1878 4744 utriusque
1899 4639 2029 4741 partis,

611 4784 829 4889 meritisque
863 4779 961 4857 dicte
995 4800 1104 4850 cause
1133 4769 1334 4878 diligenter
1362 4769 1527 4856 attentis,
1550 4797 1618 4874 per
1646 4768 1749 4845 curie
1775 4784 1901 4844 nostre
1926 4769 2032 4876 judi-

610 4918 712 4994 cium
733 4914 877 4990 dictum
896 4907 969 4984 fuit
988 4922 1026 4982 et
1041 4899 1331 5009 pronunciatum
1348 4897 1560 5004 predictum
1572 4896 1840 4989 Guillelmum,
1855 4900 2033 4976 commis-

609 5047 764 5133 sarium,
791 5042 889 5118 bene
916 5035 1120 5147 judicasse,
1148 5048 1186 5110 et
1212 5030 1425 5137 predictum
1454 5029 1655 5106 Perrotum
1680 5027 1777 5106 male
1806 5029 2030 5135 appellasse,

612 5193 650 5252 et
673 5174 778 5282 quod
799 5174 898 5250 dicta
926 5166 1114 5249 sentencia
1141 5159 1382 5240 mandabitur
1406 5159 1643 5249 execncioni,
1664 5175 1703 5236 et
1723 5159 1829 5267 qtrod
1858 5161 1935 5266 ipse
1959 5161 2034 5238 boc

612 5303 838 5383 emendabit.

668 5435 774 5512 Lune
793 5449 878 5540 post
891 5434 1028 5512 ltamos
1043 5427 1268 5505 Palmamm.

701 5608 751 5648 crs
772 5606 854 5648 ΟΗΙ.
880 5605 926 5647 111.
