5817 7292
995 1124 997 1129 ’
1028 1104 1297 1213 euoutrns
1323 1118 1387 1195 ar
1413 1106 1622 1198 raucas.
1963 1122 2031 1197 ιιι

668 1266 759 1343 XIV.
791 1265 873 1343 Lite
890 1282 991 1345 mota
1005 1264 1104 1345 inter
1118 1264 1311 1345 Matbeum
1323 1265 1372 1342 de
1385 1268 1552 1373 Moroys‚
1569 1262 1746 1351 militem,
1762 1281 1802 1342 et
1813 1265 1959 1344 dictum
1973 1265 2041 1344 Sa-
2075 1290 2207 1348 rnnm
2219 1294 2263 1357 tt,

612 1395 1001 1486 lebrase,castellanos
1010 1414 1158 1475 nostros
1170 1395 1416 1492 {tamti-Loci,
1432 1424 1476 1475 ex
1487 1413 1591 1503 parte
1602 1424 1691 1488 una,
1704 1412 1744 1474 et
1752 1414 1884 1505 gentes
1894 1397 2039 1475 Sancti·
2137 1386 2202 1430 ¹³⁰⁹·

609 1525 793 1605 Golmerii
820 1554 861 1605 ac
886 1526 1064 1617 officiales
1090 1545 1128 1605 et
1155 1544 1285 1635 gentes
1312 1527 1462 1605 comitis
1489 1526 1632 1607 Foresii
1658 1525 1757 1639 dicte
1784 1526 1869 1604 ville
1894 1527 2035 1605 Sancti:

607 1656 792 1737 Golrnerii
817 1676 856 1737 et
883 1660 931 1737 de
956 1658 1152 1749 Chateluz,
1178 1686 1222 1735 ex
1249 1657 1381 1748 altera,
1406 1687 1521 1766 super
1549 1656 1844 1749 inobedieuciis,
1873 1656 2035 1765 injuriis,

608 1788 820 1869 excessibus
838 1816 880 1865 ac
894 1788 1089 1867 violenciis
1101 1806 1140 1868 et
1153 1789 1332 1867 rescussis
1348 1789 1594 1897 quibusdam,
1613 1787 1719 1867 lactis
1734 1788 1945 1867 castellanis
1958 1818 2039 1897 pre

496 1924 504 1937 '
609 1921 733 2009 dictis,
760 1920 958 2030 agentibus
983 1938 1022 1999 et
1042 1918 1267 1999 officialibus
1286 1921 1466 2028 predictis
1484 1950 1598 2001 suum
1622 1918 1791 1999 officium
1809 1922 2037 2030 sergentarie
2088 1996 2095 2016 ,

608 2051 836 2141 exercendo,
853 2052 892 2129 in
907 2068 1165 2159 contemptum
1175 2051 1341 2159 jurium,
1358 2068 1401 2129 ut
1416 2052 1568 2137 dicitur,
1585 2068 1623 2129 et
1642 2051 1851 2159 dampnum
1866 2052 2037 2161 ipsorum

496 2180 503 2193 '
609 2180 914 2271 castellanorum,
937 2181 1109 2289 inquesta
1135 2183 1182 2261 de
1207 2181 1385 2261 mandato
1409 2200 1538 2261 nostro
1559 2210 1673 2289 super
1691 2184 1764 2261 boc
1786 2182 1880 2261 lacta
1899 2184 1975 2263 visa
1998 2203 2037 2263 et

607 2311 808 2420 diligenter
839 2312 1064 2405 examinata,
1098 2313 1187 2420 quia
1215 2315 1417 2422 probatum
1447 2330 1505 2393 est
1533 2312 1764 2393 sufficienter
1789 2314 1910 2422 quod,
1941 2315 2034 2394 dum

606 2445 675 2552 ipsi
699 2445 890 2525 castellani
914 2447 1102 2554 cepissent
1124 2446 1327 2553 quemdam
1353 2466 1526 2526 vocatum
1546 2445 1582 2525 le
1603 2449 1723 2537 Rous,
1744 2446 1941 2526 bannitum
1967 2475 2037 2556 per
2099 2530 2105 2537 ,

605 2593 734 2685 gentes
754 2593 913 2666 nostras,
937 2595 975 2655 et
996 2605 1112 2684 quem
1134 2577 1204 2683 ipsi
1231 2576 1527 2685 insequebantur
1545 2606 1614 2685 pro
1634 2577 1737 2655 sunto
1757 2577 1955 2685 cujusdam
1970 2580 2036 2688 ju·

607 2708 743 2796 menti,
771 2724 902 2815 gentes
925 2706 1283 2795 Sancti-Golmerii,
1310 2735 1396 2785 cum
1424 2707 1592 2814 quodam
1620 2735 1738 2786 cornu
1769 2707 2031 2801 tubicinando,

608 2866 694 2914 cum
714 2839 828 2914 armis
842 2838 1058 2916 invaserunt
1072 2837 1192 2917 dictos
1208 2808 1445 2928 castellanos,
1464 2836 1685 2916 clamantes:
1704 2834 1944 2930 «Salebrase,
1961 2840 2033 2919 nisi

609 3006 621 3035 ι
637 2966 751 3046 istum
763 2968 967 3062 dimiseris,
979 2968 1190 3075 percuciam
1204 2984 1242 3045 te
1258 2968 1307 3045 de
1318 2968 1390 3045 isto
1401 2995 1490 3046 ense
1501 2996 1623 3077 usque
1635 2968 1839 3047 addentes.
1856 2969 2033 3063 »Quibus

607 3124 687 3177 non
704 3098 888 3191 contenti,
905 3098 994 3177 licet
1009 3097 1130 3177 dicun
1149 3094 1373 3175 castellanus
1388 3096 1581 3176 inhiberet
1595 3098 1757 3190 eisdem,
1775 3117 1935 3207 exparte
1951 3128 2034 3179 nos·

607 3246 678 3318 tra,
706 3256 754 3306 ne
774 3257 838 3307 eos
864 3229 1093 3336 impedirent
1115 3230 1153 3305 in
1175 3229 1350 3337 capcione
1373 3229 1557 3337 predicta,
1584 3230 1730 3309 dictum
1753 3229 2033 3309 malefactorem

606 3378 864 3439 rescusserunt
887 3359 1030 3448 eidam,
1053 3376 1090 3437 et
1114 3388 1235 3438 unum
1258 3362 1306 3439 de
1328 3360 1405 3437 suis
1428 3360 1654 3467 sequacibus
1673 3361 1849 3439 atrociter
1866 3360 2036 3439 umnam-

605 3508 754 3581 verunt,
775 3520 841 3571 eos
860 3490 985 3570 taliter
1006 3491 1270 3599 impugnantes
1289 3490 1412 3599 quod,
1434 3492 1575 3571 timore
1593 3492 1743 3581 mortis,
1765 3492 1814 3569 ad
1838 3490 2034 3571 ecclesiam

606 3622 871 3731 confugerunt,
892 3622 1028 3703 amotis
1044 3622 1119 3701 sibi
1140 3638 1179 3701 et
1197 3622 1445 3702 servientibus
1462 3624 1528 3730 qui
1549 3653 1637 3702 cum
1656 3624 1710 3701 eis
1724 3640 1830 3701 erant
1849 3623 1979 3731 clipeis
1998 3640 2036 3701 et

604 3754 739 3863 gladiis
755 3782 852 3860 quos
868 3753 1105 3844 deferebant,
1123 3782 1166 3833 ac
1184 3754 1280 3833 duos
1297 3755 1345 3833 de
1366 3755 1474 3862 equis
1490 3755 1568 3833 suis
1583 3754 1806 3833 occiderunt
1821 3770 1860 3831 et
1872 3755 2034 3831 tercium

605 3883 907 3975 vulneraverunt,
929 3887 1038 3979 item,
1060 3912 1146 3963 cum
1171 3884 1232 3962 die
1258 3886 1450 3992 sequenti,
1471 3912 1541 3991 pro
1559 3883 1750 3992 premissis
1770 3881 1872 3989 apud
1895 3882 2033 3962 Chate-

605 4013 683 4105 lua,
710 4016 748 4091 in
775 4032 873 4093 terra
899 4015 989 4093 dicti
1018 4015 1182 4104 comitis,
1208 4013 1347 4094 vellent
1372 4014 1519 4123 gagiare
1540 4030 1578 4093 et
1597 4013 1809 4123 gagiassent
1830 4041 1900 4121 pro
1922 4014 2032 4092 causa

604 4144 769 4251 predicta
781 4206 790 4235 ,
801 4144 969 4225 Andreas
981 4146 1029 4224 de
1046 4145 1246 4233 Solemeu,
1263 4146 1477 4254 prepositus
1493 4144 1583 4223 dicti
1600 4144 1750 4223 comitis
1763 4145 1812 4223 de
1830 4143 2028 4235 Chatalua,

605 4304 692 4353 cum
717 4276 890 4383 pluribus
915 4304 1043 4355 secum
1070 4276 1237 4369 minatis,
1267 4304 1388 4385 usque
1417 4277 1466 4355 ad
1490 4276 1638 4385 viginti,
1667 4275 1873 4355 occurrerit
1897 4276 1966 4367 eis,
1994 4295 2033 4357 et
2152 4306 2159 4319 ·

604 4407 761 4515 pignora
790 4436 865 4515 que
892 4422 1071 4515 ceperant
1097 4407 1300 4485 rescoussit
1326 4404 1488 4498 eisdem;
1513 4407 1807 4513 propterquod,
1833 4436 1903 4514 per
1928 4408 2032 4487 curie

604 4556 731 4617 nostre
740 4538 944 4649 judicium,
959 4538 1224 4645 condempnati
1236 4536 1394 4651 bierunt
1406 4539 1583 4618 homines
1595 4537 1694 4617 dicte
1708 4538 1793 4617 ville
1809 4538 2033 4619 Sanctitiol-

605 4670 713 4749 metii
728 4670 768 4747 in
781 4654 951 4749 ducentis
964 4669 1071 4749 libris
1085 4671 1392 4762 Turonensibus,
1407 4670 1532 4762 nobis,
1550 4697 1619 4776 pro
1630 4668 1806 4761 emenda,
1823 4670 2027 4764 solvendis,

605 4802 705 4879 etad
720 4803 962 4881 reddendum
980 4801 1090 4881 dictis
1108 4802 1318 4883 castellanis
1333 4803 1461 4881 omnia
1477 4800 1640 4909 dampna
1652 4830 1721 4910 per
1734 4802 1808 4880 boc
1822 4803 1894 4881 sibi
1910 4801 2027 4892 illata,

604 4951 642 5011 et
656 4932 778 5012 dictus
791 4934 958 5014 Andreas
969 4933 1009 5012 in
1024 4952 1175 5014 centum
1189 4932 1297 5013 libris
1306 4932 1610 5024 Turonensibus,
1624 4932 1750 5023 nobis,
1764 4962 1834 5042 pro
1851 4934 2027 5023 emenda,

603 5064 807 5157 solvendis;
830 5084 973 5145 etcum
993 5066 1067 5145 boc
1079 5065 1294 5174 jurisdictio
1314 5065 1511 5174 utriusque
1531 5064 1619 5144 ville
1638 5063 1678 5141 in
1696 5091 1812 5144 manu
1831 5083 1958 5145 nostra
1971 5083 2031 5145 te·

603 5196 767 5285 nebitur,
798 5226 884 5275 curn
911 5196 1090 5275 omnibus
1120 5194 1299 5305 explectis
1329 5195 1463 5275 exinde
1490 5196 1602 5276 nobis
1629 5195 1876 5305 applicandis,
1907 5225 2029 5305 usque

603 5327 650 5403 ad
671 5356 788 5405 unum
812 5357 954 5407 annum
978 5358 998 5406 a
1027 5326 1089 5406 die
1113 5328 1260 5434 incepte
1288 5328 1523 5407 executionis
1545 5328 1703 5436 judicati
1726 5328 1946 5435 hujusmodi
1968 5328 2028 5402 in-

605 5454 831 5535 choandum.

690 5631 844 5675 assotiat.
871 5634 915 5675 ιιι.
1305 5640 1310 5647 ·
1839 5613 1875 5673 5ι
