5817 7292
847 1161 917 1236 tut
1420 1159 1510 1232 LES
1540 1156 1682 1231 OLlM.

618 1320 749 1372 enaim
759 1315 805 1377 tv,
842 1303 1016 1391 fuissent,
1036 1331 1184 1380 necnon
1199 1300 1247 1377 ad
1260 1299 1530 1407 inquirendum
1539 1299 1652 1377 blada
1665 1317 1702 1378 et
1714 1297 1907 1408 aliagrana
1919 1301 1957 1376 in
1971 1277 2057 1378 villa
2068 1301 2262 1380 Parisieusi

679 1410 743 1452 lm

844 1451 882 1511 et
903 1434 992 1511 alibi
1018 1432 1232 1521 existencia,
1258 1447 1296 1508 et
1319 1430 1367 1508 ad
1396 1428 1703 1507 distribuendum
1730 1457 1772 1507 ea
1796 1429 2058 1519 talemerariis,
2083 1431 2131 1508 ad
2155 1431 2263 1511 illum

844 1565 959 1641 finem
973 1565 1078 1672 qnod
1095 1564 1142 1640 de
1157 1590 1253 1669 pane
1270 1560 1393 1638 etalio
1408 1589 1524 1670 grano
1539 1560 1675 1638 melius
1693 1560 1817 1638 sorum
1833 1561 2036 1640 baberetur
2051 1594 2059 1638 ε
2076 1563 2263 1652 Tandem,

844 1697 1014 1802 inquesta
1027 1722 1141 1801 super
1157 1695 1231 1770 boc
1247 1691 1487 1770 demandato
1507 1707 1635 1769 nostro
1651 1689 1760 1782 laeta,
1778 1693 1853 1770 visa
1869 1710 1907 1771 et
1920 1691 2120 1802 diligenter
2134 1695 2269 1771 exami-

844 1844 928 1905 nata
939 1888 947 1914 ,
959 1826 1098 1903 auditis
1113 1840 1152 1901 et
1162 1824 1249 1901 visis
1261 1821 1442 1901 omnibns
1456 1851 1532 1929 que
1548 1822 1618 1928 ipsi
1631 1823 1845 1913 voluerunt,
1859 1822 1907 1901 ad
1919 1825 1977 1904 sui
1988 1823 2265 1914 defensionem,

730 1997 734 2004 ·
845 1982 1074 2063 proponere,
1095 1956 1184 2061 quia
1202 1954 1399 2031 inventum
1420 1970 1478 2030 est
1497 1951 1724 2031 sufficienter
1741 1955 1941 2060 probatum
1965 1957 2179 2048 Matbeum‚
2201 1957 2268 2033 Pe-

843 2106 945 2177 trum
965 2105 1003 2164 et
1021 2085 1249 2164 bichardum
1267 2085 1459 2191 predictos
1480 2084 1614 2164 emisse
1633 2113 1655 2161 a
1675 2085 1777 2164 dicto
1792 2085 1976 2174 Roberto,
1997 2103 2168 2192 tempore
2182 2116 2269 2192 pre·

845 2219 943 2294 dicte
968 2218 1136 2306 caristie,
1163 2233 1291 2294 contra
1317 2215 1525 2322 predictam
1550 2215 1853 2321 prohibicionem
1880 2233 2066 2307 nostram,
2091 2245 2266 2326 magnam

845 2347 1092 2455 quantitatem
1113 2347 1235 2436 bladi,
1257 2362 1296 2423 et
1307 2346 1477 2452 posuisse
1493 2345 1635 2426 dictum
1651 2345 1808 2426 bladum
1822 2347 1862 2423 in
1876 2347 2039 2453 quadam
2053 2374 2142 2424 nave
2158 2376 2266 2424 causa

846 2478 1011 2556 ducendi
1023 2477 1124 2585 apud
1135 2477 1430 2584 Rotbomagum,
1442 2477 1549 2584 quod
1562 2474 1736 2555 fecissent
1750 2477 1820 2556 uici
1833 2478 1932 2555 dicta
1943 2478 2044 2554 navis
2055 2505 2124 2584 per
2137 2496 2268 2585 gentes

845 2625 991 2686 nosuas
1002 2624 1180 2686 arrestata
1191 2605 1338 2696 fuisset,
1353 2624 1468 2713 prout
1480 2607 1675 2685 inventum
1687 2607 1794 2686 estin
1807 2607 1979 2715 inquesta
1993 2606 2159 2714 predicta
2168 2609 2269 2713 ipsos

845 2739 919 2815 boc
937 2739 1163 2817 confessatos
1181 2737 1314 2828 fuisse,
1332 2765 1401 2845 per
1417 2736 1607 2846 judicium
1628 2739 1729 2817 curie
1747 2756 1892 2829 nostre,
1912 2739 2055 2818 dictum
2072 2738 2145 2817 fuit
2164 2739 2270 2845 quod

846 2869 989 2948 dictum
1008 2869 1165 2948 bladum
1187 2869 1432 2947 commissum
1454 2885 1512 2946 est
1532 2869 1689 2949 domiuo
1709 2871 1800 2980 Regi
1822 2886 1860 2948 et
1879 2869 1968 2962 sibi,
1987 2871 2059 2948 nisi
2076 2871 2153 2979 jam
2173 2869 2271 2947 illud

846 3000 1041 3090 babuerit,
1065 2998 1314 3109 applicabitur
1332 3017 1526 3108 tamquam
1550 3001 1811 3090 commissum,
1835 3019 1875 3078 et
1893 3000 1998 3109 quod
2017 2992 2176 3108 predicti
2196 3001 2272 3078 llo·

846 3129 977 3209 bertus
995 3130 1119 3224 mille,
1139 3131 1314 3210 Matbeus
1332 3149 1538 3224 trecentas,
1558 3133 1692 3210 Petrus
1710 3131 1899 3240 sexaginta
1917 3148 1956 3209 et
1977 3129 2184 3210 Ricbardus
2204 3130 2272 3207 tri-

847 3261 947 3370 ginta
964 3261 1080 3340 libres
1097 3291 1297 3370 parvorum
1314 3260 1506 3341 bonorum
1525 3263 1791 3342 Parisieusium
1811 3262 1881 3368 ipsi
1901 3262 2059 3339 domino
2077 3262 2184 3368 Regi,
2202 3289 2271 3367 pro

848 3393 1028 3486 emenda,
1048 3393 1272 3500 persolvent.

904 3525 1081 3603 Mercurii
1099 3525 1139 3600 in
1158 3522 1254 3602 sesto
1275 3524 1577 3603 Sancti-Andree.

906 3655 1081 3734 Bocellus
1100 3656 1313 3762 reportavit.

907 3919 999 3998 lllll.
1031 3919 1127 3996 Cum
1144 3919 1319 4028 magister
1333 3921 1443 4028 Hugo
1455 3921 1613 3998 Rectore
1629 3919 1730 3998 curie
1746 3918 2009 3997 denunciasset
2022 3919 2127 4028 quod
2141 3917 2274 3997 Petrus

854 4049 901 4125 de
927 4049 962 4125 la
986 4049 1137 4143 Queue,
1160 4050 1248 4128 civis
1265 4050 1503 4143 Parisiensis,
1526 4079 1614 4129 cum
1639 4051 1716 4129 suis
1741 4050 2009 4159 complicibus,
2030 4049 2214 4130 violenter
2238 4069 2275 4128 et

853 4211 941 4260 cum
960 4182 1072 4258 armis
1091 4181 1249 4259 domum
1270 4210 1374 4259 suam
1394 4183 1608 4272 intraverat,
1631 4199 1669 4259 et
1688 4180 1890 4288 quamdam
1910 4181 2092 4290 puellam,
2113 4210 2181 4290 per
2200 4181 2277 4259 offi-

854 4313 986 4389 cialem
1004 4312 1266 4404 Parisiensem,
1288 4313 1337 4390 ad
1354 4313 1561 4392 amicorum
1583 4340 1740 4390 suorum
1759 4313 2071 4420 requisicionem,
2097 4314 2178 4423 ejus
2198 4341 2277 4391 cus

853 4442 958 4519 todie
983 4441 1221 4547 deputatam,
1246 4444 1336 4522 inde
1363 4461 1567 4524 extraxerat
1596 4462 1725 4523 contra
1753 4445 2056 4552 prohibicionem
2084 4445 2278 4524 servientis

853 4573 999 4650 domini
1019 4573 1150 4680 Regis,
1180 4602 1249 4682 per
1268 4575 1395 4654 locum
1415 4593 1608 4654 tenentem
1627 4577 1845 4658 Parisiensis
1863 4578 2042 4685 prepositi
2067 4576 2278 4683 specialiter
2304 4650 2307 4658 .

854 4703 1026 4811 deputati
1045 4701 1147 4781 dicto
1165 4704 1335 4814 Hugoni,
1350 4733 1399 4783 ne
1419 4706 1491 4784 sibi
1509 4735 1623 4812 super
1643 4707 1716 4785 boc
1730 4707 1910 4786 violencia
1928 4705 2139 4796 inferretur,
2160 4706 2276 4780 immo

856 4835 1000 4914 dictum
1015 4834 1240 4914 servientem
1254 4838 1433 4916 atrociter
1448 4837 1753 4930 vulneraverunt,
1769 4838 1966 4946 requirens
1980 4834 2164 4942 predictas
2180 4834 2278 4942 inju-

852 4967 930 5044 rias
947 4983 987 5042 et
1005 4965 1209 5045 violencias
1225 4967 1298 5048 sibi
1319 4969 1534 5061 emendari,
1556 4986 1596 5047 et
1614 4969 1751 5048 dictam
1772 4967 1937 5076 puellam
1958 4965 2028 5044 sibi
2048 4963 2176 5055 reddi;
2199 4983 2237 5042 et
2257 4995 2278 5042 e

857 5116 986 5178 contra
1010 5100 1133 5179 dictus
1153 5103 1303 5192 Petrus,
1330 5099 1459 5180 adsui
1486 5099 1762 5191 defensionem,
1787 5100 1913 5210 plures
1936 5097 2106 5176 raciones
2129 5112 2280 5205 preten-

857 5231 968 5322 dens,
988 5234 1088 5311 inter
1101 5250 1223 5310 cetera
1237 5250 1469 5340 proponeret
1483 5235 1586 5341 quod
1606 5263 1693 5312 cum
1713 5233 1807 5311 dicta
1826 5229 1969 5338 puella,
1986 5229 2110 5339 neptis
2126 5255 2213 5320 sua,
2229 5227 2278 5305 de

858 5389 1051 5442 consensu:
1071 5361 1280 5438 amicorum
1302 5389 1476 5451 suorum,
1502 5393 1546 5440 ex
1569 5381 1734 5472 utroque
1758 5363 1873 5442 latere
1900 5361 1948 5437 ad
1974 5361 2048 5438 hoc
2068 5359 2280 5466 specialiter

857 5511 1089 5581 vocatomm,
1109 5519 1179 5599 per
1192 5489 1362 5599 judicem
1379 5507 1655 5600 competentem
1675 5495 1758 5600 ejus
1777 5491 1946 5570 cutodie
1965 5491 2101 5570 tradita
2126 5489 2275 5583 brisaet,
