5817 7292
916 1016 989 1091 6011
1495 1016 1584 1093 LES
1609 1010 1753 1092 obul·

691 1171 818 1223 unumne
831 1168 874 1231 tv,
914 1158 1023 1236 dictis
1048 1158 1225 1235 domibus
1247 1176 1322 1237 ota
1344 1163 1514 1265 personis
1532 1158 1729 1236 antedictis
1746 1184 1789 1233 ac
1809 1148 1892 1233 aliis
1912 1155 2085 1264 ejusdem
2109 1186 2179 1237 seu
2198 1161 2332 1243 similis

619 1268 623 1279 ¹
751 1254 812 1301 ml
914 1284 1145 1366 condicionis
1171 1286 1313 1365 ibidem
1339 1318 1498 1395 granum
1525 1286 1779 1367 vendentibus
1799 1289 2025 1377 conservari,
2044 1317 2137 1366 -non
2163 1293 2331 1373 obstante

913 1420 1151 1527 opposicione
1165 1446 1231 1497 seu
1244 1419 1515 1526 impedimento
1527 1417 1805 1525 capellanorum
1813 1418 2088 1525 predictorum:
2099 1422 2208 1499 Facta
2221 1424 2335 1531 igitur

914 1550 1094 1655 inquesta,
1115 1548 1162 1625 de
1176 1548 1351 1625 mandato
1366 1548 1490 1626 ballivi
1505 1547 1623 1626 nostri
1639 1546 1935 1638 silvanectensis,
1946 1576 2061 1656 super
2074 1552 2277 1656 premissis,
2290 1582 2332 1629 ea

912 1680 986 1757 visa
1006 1697 1045 1756 et
1064 1680 1262 1787 diligenter
1278 1680 1499 1769 examinata,
1517 1679 1606 1786 quia
1622 1678 1836 1755 commissio
1857 1678 1947 1756 dicti
1966 1680 2092 1757 ballivi
2113 1682 2225 1761 aliam
2247 1712 2333 1791 pree

785 1832 791 1851 “
912 1811 1090 1918 supponit
1101 1809 1402 1888 commissionem
1414 1810 1461 1887 de
1474 1839 1549 1918 qna
1561 1838 1638 1887 non
1650 1826 1802 1916 apparet
1812 1836 1881 1915 per
1896 1809 2040 1887 dictum
2054 1838 2281 1917 processum,
2294 1831 2332 1890 et

912 1942 1000 2047 quia
1020 1968 1096 2017 non
1116 1958 1294 2047 apparent
1312 1940 1436 2047 aliqua
1456 1940 1712 2047 procuratorio
1731 1940 1769 2015 in
1791 1939 1893 2017 dicto
1912 1967 2107 2046 processu,
2128 1970 2198 2019 nec
2217 1944 2330 2019 etiam

913 2069 1066 2148 fuerunt
1083 2069 1312 2149 sufficienter
1331 2070 1471 2148 evocati
1493 2071 1562 2178 qui
1585 2071 1802 2149 debuerunt
1817 2070 1939 2147 vocari
1960 2087 1998 2147 et
2016 2099 2111 2177 quos
2135 2074 2251 2180 tangit
2267 2074 2327 2149 in-

913 2217 1043 2307 questa
1064 2199 1247 2309 predicta,
1266 2228 1335 2307 per
1357 2201 1460 2277 curie
1480 2218 1605 2279 nostre
1619 2201 1830 2309 judicium,
1852 2199 1996 2277 dictum
2019 2200 2089 2277 luit
2105 2202 2207 2307 quod
2223 2201 2324 2278 dicta

913 2334 1099 2441 inquesta,
1111 2350 1304 2439 tamquam
1317 2329 1512 2423 defectiva,
1529 2359 1605 2408 non
1611 2330 1854 2438 judicabitur,
1870 2330 1941 2407 sed·
1953 2331 2044 2407 certi
2057 2330 2240 2409 dabuntur
2256 2360 2326 2408 au-

913 2464 1054 2541 ditores
1073 2464 1156 2569 qui,
1177 2490 1291 2569 super
1309 2462 1517 2568 premissis,
1538 2462 1674 2538 vocatis
1693 2460 1888 2540 evocandis
1908 2477 1946 2537 et
1966 2460 2042 2538 illis
2054 2461 2208 2537 maxime
2227 2490 2327 2568 quos

910 2594 1028 2700 tangit
1040 2593 1241 2701 negocium
1253 2593 1531 2700 supradictum,
1542 2593 1733 2699 inquirent
1746 2591 1879 2669 iterato
1895 2591 2088 2668 veritatem
2106 2589 2325 2696 adplenum

913 2743 951 2803 ct
970 2727 1180 2831 inquestam
1202 2752 1333 2802 eorum
1353 2723 1547 2800 remittent
1565 2723 1613 2799 ad
1630 2724 1772 2799 curiam
1788 2721 2044 2828 judicandam.

968 2856 1132 2934 Sabbato
1150 2872 1234 2961 post
1250 2854 1534 2932 Penthecosten.

968 2989 1017 3066 M.
1040 2985 1267 3095 Reginaldus
1285 2985 1333 3061 de
1349 2985 1533 3084 Briencon
1548 2984 1766 3091 reportavit..

967 3248 1089 3329 XCVI.
1122 3248 1219 3327 Cum
1233 3249 1390 3355 Egidius
1403 3247 1430 3323 li
1443 3247 1645 3325 Escriniers
1661 3248 1929 3355 proposuisset,
1939 3274 2060 3324 coram
2073 3243 2208 3324 ballivo
2224 3250 2330 3325 Viro

911 3378 1123 3467 mandensi,
1142 3393 1269 3454 contra
1294 3377 1460 3485 Riquam·
1479 3378 1514 3454 la
1535 3377 1710 3455 Barbiere
1730 3378 1777 3455 de
1798 3378 1987 3467 Lauduno,
2007 3378 2114 3484 quodv
2129 3377 2223 3483 ipse,
2250 3380 2326 3458 sub

912 3537 977 3615 spe
995 3508 1118 3587 brture
1131 3508 1419 3600 muneracionis,
1431 3507 1623 3586 confessus
1632 3507 1756 3586 fuerat
1770 3537 1810 3587 se
1824 3508 1941 3585 teneri
1957 3495 2055 3585 dicte
2065 3508 2185 3614 Rique
2201 3508 2241 3585 in
2259 3510 2328 3587 de·

913 3666 994 3717 cem
1010 3640 1115 3717 libris
1134 3638 1415 3729 Parisiensibus‚
1432 3667 1474 3717 ex
1487 3640 1844 3718 causa-vendicionis
1856 3654 2032 3746 potorum
2052 3656 2091 3717 et
2107 3638 2328 3746 patellarum

912 3796 1148 3879 cupreorum,
1167 3788 1206 3848 et
1219 3770 1324 3877 quod
1343 3770 1391 3848 de
1412 3771 1484 3849 hoc
1500 3771 1598 3848 dicte
1616 3771 1735 3878 Rique
1750 3771 1889 3849 fecerat
1902 3771 2066 3848 litteram
2076 3769 2225 3848 ballivis
2246 3800 2331 3878 pre·

912 3903 1020 3992 dicte,
1039 3901 1218 4009 quodque
1235 3902 1333 3979 dicta
1344 3902 1474 4008 lliqua,
1489 3919 1660 4007 pretextu
1674 3884 1919 4009 obligationis
1928 3898 2107 4008 predicte,
2125 3900 2226 3979 dicto
2240 3903 2331 4012 Egi-

912 4034 977 4110 dio
991 4032 1212 4138 promiserat
1231 4060 1270 4109 se
1293 4032 1409 4110 dictas
1429 4033 1561 4109 decem
1581 4031 1696 4111 libras
1713 4033 1751 4110 in
1769 4034 1926 4141 pecunia
1944 4050 2139 4110 numerata
2155 4050 2330 4113 mutuare

912 4164 1054 4255 eidem,
1075 4192 1237 4270 cumque
1253 4164 1348 4241 dicta
1363 4160 1484 4269 lliqua
1502 4164 1710 4269 predictam
1728 4166 1927 4271 pecuniam
1943 4164 2046 4241 dicto
2060 4162 2206 4270 Egidio,
2217 4180 2261 4240 ut
2272 4164 2331 4239 di-

887 4346 891 4361 ·
912 4294 1028 4384 cebat,
1043 4292 1301 4373 fraudulenter
1315 4311 1353 4371 ct
1367 4292 1509 4382 dolose,
1521 4294 1674 4370 nominc
1689 4294 1778 4371 dicti
1798 4293 1935 4381 mutui,
1949 4293 2097 4371 tradere
2108 4294 2326 4384 retardaret,

911 4426 1028 4503 immo
1050 4427 1121 4505 sibi
1141 4426 1355 4533 denegaret,
1373 4443 1416 4502 ut
1435 4425 1515 4531 ipse
1531 4423 1695 4518 dicebat,
1713 4452 1827 4532 quare
1845 4426 1996 4531 petebat
2015 4424 2154 4501 dictam
2170 4424 2327 4530 lliquam

911 4554 982 4632 sibi
1000 4555 1267 4663 condempnari
1288 4556 1334 4632 ad
1356 4556 1428 4633 hoc
1447 4573 1491 4633 ut
1510 4554 1649 4632 dictam
1667 4556 1866 4661 pecuniam
1881 4554 1952 4633 sibi
1973 4572 2172 4647 mutuaret,
2182 4554 2238 4632 vel
2256 4554 2327 4630 sal-

910 4703 988 4763 tem
1009 4687 1170 4765 litteram
1192 4685 1431 4795 obligacionis
1446 4686 1614 4792 predicte
1634 4686 1707 4763 sibi
1721 4686 1887 4764 traderet
1906 4703 1944 4763 et
1957 4684 2151 4775 liberaret,
2172 4682 2327 4789 etquod

911 4816 1072 4925 dampna
1090 4834 1127 4895 et
1146 4818 1340 4924 deperdita
1355 4844 1446 4924 que,
1468 4844 1538 4924 pro
1554 4816 1762 4923 premissis,
1784 4816 1981 4907 habuerat,
2003 4798 2075 4894 sibi
2095 4814 2324 4905 restitueret,

910 4948 1007 5025 dicta
1026 4948 1144 5055 lliqua
1158 4977 1201 5026 ex
1217 4949 1371 5027 adverso
1386 4965 1621 5055 proponente
1641 4966 1679 5026 et
1697 4948 1904 5055 perplures
1918 4948 2329 5051 racionesdiccntepe-

908 5074 1039 5157 tita'ex
1060 5097 1162 5185 parte
1184 5080 1273 5157 dicti
1297 5078 1421 5185 Egidii
1440 5079 1596 5156 minime
1618 5079 1757 5157 debere
1776 5078 1877 5168 lieri,
1901 5079 2093 5184 ipsamque
2113 5077 2161 5153 ab
2181 5076 2330 5181 impeti·

807 5250 812 5263 ·
909 5210 1015 5287 cione
1031 5210 1196 5316 predicta
1217 5210 1332 5315 ipsius
1352 5207 1492 5285 debere
1509 5209 1672 5287 absolvi:
1689 5212 1795 5287 Facta
1807 5210 1922 5317 igitur
1933 5209 2102 5314 inquesta
2121 5232 2234 5313 super
2244 5232 2331 5311 pre·

777 5384 778 5387 ¹
908 5342 1041 5436 missis,
1059 5343 1104 5420 de
1122 5341 1297 5418 mandato
1308 5338 1440 5417 ballivi
1457 5338 1644 5429 antedicti,
1663 5358 1699 5417 et
1717 5340 1765 5416 ad
1786 5358 1950 5417 nostram
1968 5340 2111 5415 curiam
2125 5351 2325 5442 asportata,
