5817 7292
898 1078 972 1154 668
1471 1072 1563 1147 Lus
1597 1071 1740 1148 OLlM.

674 1229 802 1283 nnuma
815 1228 858 1290 IV·
897 1218 1023 1325 aliqua
1041 1233 1222 1307 uteretur,
1244 1215 1447 1323 quemdam
1464 1214 1659 1293 bominem
1681 1241 1768 1290 cum
1787 1210 1948 1320 quadam
1967 1213 2143 1304 muliere,
2163 1234 2315 1324 propter

735 1318 798 1363 ’ω’
898 1348 1126 1426 adulterium
1140 1368 1208 1453 per
1224 1374 1287 1425 eos
1307 1344 1568 1435 commissum,
1583 1361 1627 1420 ut
1641 1343 1832 1430 dicebant,
1845 1362 2092 1423 cucurrerunt
2105 1374 2174 1453 per
2190 1347 2314 1426 villam

898 1479 1142 1566 antedictam,
1163 1477 1353 1584 quoddam
1370 1475 1572 1582 postellum
1586 1502 1655 1552 seu
1672 1474 1851 1581 pilerium
1865 1473 2008 1553 ibidem
2022 1477 2189 1584 positum
2207 1484 2313 1585 rupe

898 1628 1003 1699 runt,
1027 1608 1207 1715 claperios
1224 1607 1314 1683 dicti
1334 1606 1531 1712 prepositi,
1552 1604 1650 1681 infra
1662 1604 1972 1712 jurisdiccionem
1992 1605 2091 1684 dicte
2108 1608 2212 1699 ville,
2234 1609 2318 1689 des·

896 1758 1111 1827 unxerunt,
1131 1738 1410 1846 quamdamque
1430 1735 1565 1813 scalam
1585 1736 1626 1811 in
1645 1736 1743 1813 dicta
1757 1735 1843 1812 villa
1856 1734 2085 1827 levaverunt,
2102 1738 2314 1817 bominem·

897 1900 970 1980 que
981 1900 1099 1950 unum
1111 1886 1318 1976 posuerunt
1328 1868 1366 1944 in
1380 1867 1529 1957 eadem,
1542 1865 1744 1946 clamantes
1753 1866 1858 1973 qnod
1867 1894 2001 1944 omnes
2008 1868 2181 1946 venirent
2189 1869 2315 1950 videre

891 2004 1079 2111 justiciam
1103 1999 1330 2079 vicecomitis
1350 1998 1544 2086 antedicti,
1574 1998 1662 2075 licet
1683 1998 1825 2075 eisdem
1847 1996 2035 2075 diceretur
2052 2000 2159 2104 quod
2181 2030 2315 2082 manus

896 2151 1023 2211 nostra
1042 2149 1121 2210 erat
1140 2131 1283 2209 ibidem
1300 2147 1337 2207 et
1352 2128 1526 2205 vexillum
1547 2146 1718 2207 nostrum
1738 2128 1882 2206 eisdem
1895 2127 1945 2205 ad
1960 2127 2117 2235 digitum
2132 2150 2311 2211 monstra-

896 2282 1000 2343 retur
1020 2280 1057 2340 et
1076 2261 1180 2368 qnod
1196 2260 1358 2337 serviens
1379 2276 1507 2336 noster
1524 2259 1715 2365 predictos
1732 2258 1785 2349 sic
1796 2256 2059 2365 delinquentes
2071 2260 2211 2337 ibidem
2228 2291 2311 2339 ver-

897 2396 1061 2473 botenus
1072 2391 1276 2478 arrestavit,
1286 2389 1496 2496 precipiens
1509 2388 1651 2467 eisdem
1667 2389 1787 2495 quod,
1804 2417 1892 2465 cum
1905 2390 2019 2473 amnis
2032 2418 2104 2496 que
2112 2390 2311 2496 portabant

897 2528 936 2603 in
955 2526 1053 2602 dicta
1073 2522 1157 2600 villa
1172 2522 1220 2599 de
1239 2520 1409 2609 Alnerio,
1432 2548 1472 2597 se
1486 2520 1610 2597 statim
1627 2519 1832 2596 redderent
1843 2536 2060 2608 arrestatos,
2078 2522 2181 2627 quod
2192 2521 2310 2600 lacere

896 2670 1212 2761 contempserunt,
1226 2681 1294 2758 per
1306 2648 1543 2728 cnrienostre
1551 2650 1755 2757 judicium,
1766 2651 1890 2728 dictus
1897 2650 2106 2730 vicecomes
2116 2652 2315 2761 conderbp-

895 2806 1004 2865 natus
1020 2760 1099 2863 luit
1110 2786 1154 2862 ad
1172 2784 1412 2862 reddendum
1433 2782 1542 2860 dictis
1556 2781 1776 2860 bominibus
1790 2782 1953 2887 dampna
1970 2782 2138 2897 predicta
2150 2811 2225 2890 que
2244 2786 2313 2893 ipsi

895 2920 1155 2998 sustinuerunt
1176 2916 1215 2992 in
1234 2914 1412 3022 predictis
1435 2914 1551 2991 rebus
1566 2930 1608 2991 et
1628 2912 1768 3003 bonis‚.
1789 2940 1832 2990 ac
1853 2940 1987 2991 eorum
2012 2915 2236 2994 animalibus
2261 2918 2314 2995 sic

895 3050 1010 3157 captis
1031 3048 1078 3126 de
1101 3045 1241 3153 quibus
1261 3044 1331 3152 ipsi
1352 3045 1400 3123 de
1420 3043 1532 3150 plano
1551 3059 1732 3152 poterunt
1749 3042 1871 3120 lacere
1889 3059 2030 3120 certam
2047 3044 2183 3136 lidem,
2205 3064 2243 3123 et
2265 3048 2314 3125 ad

894 3178 1158 3287 reponendum
1179 3176 1347 3285 predicta
1372 3190 1590 3283 attemptata
1614 3174 1653 3251 in
1682 3190 1821 3252 statum
1842 3173 2062 3280 pristinum,
2091 3203 2236 3253 necnon
2261 3179 2311 3255 ad

895 3309 1116 3389 solvendum
1137 3308 1259 3395 nobis,
1275 3334 1345 3412 pro
1357 3305 1533 3395 emenda,
1545 3305 1711 3383 valorem
1724 3303 1916 3383 fructuum
1932 3323 1969 3382 et
1980 3304 2195 3383 reddituum
2210 3324 2310 3385 terre

895 3440 1012 3545 ipsius
1026 3437 1254 3514 vicecomitis
1275 3436 1322 3512 de
1341 3464 1419 3513 uno
1436 3463 1551 3526 anno,
1574 3435 1797 3513 solvendum
1816 3438 1864 3513 ad
1882 3436 1977 3513 duos
2000 3462 2132 3525 annom
2153 3435 2309 3515 bierunt

895 3569 1010 3647 eciam
1034 3568 1098 3645 alii
1121 3566 1220 3644 'inlra
1244 3566 1428 3644 nominati
1455 3567 1721 3673 condempnati
1744 3567 1785 3643 in
1814 3569 1916 3646 bunc
1936 3567 2112 3657 modum,
2134 3568 2310 3647 videlicet

894 3699 1054 3807 quilibet
1072 3698 1243 3804 ipsorum
1262 3696 1406 3775 habens
1423 3698 1610 3804 sexaginta
1629 3697 1743 3777 libras
1761 3700 2003 3776 Turonenses
2021 3698 2061 3773 in
2079 3698 2309 3790 redditibus,

894 3834 932 3909 in
948 3830 1133 3938 sexaginta
1150 3828 1258 3905 libris
1274 3827 1576 3917 Turonensibus,
1588 3845 1628 3913 et
1642 3827 1804 3935 quilibet
1816 3829 1864 3907 de
1878 3828 2039 3910 residuis
2053 3829 2196 3907 babens
2211 3858 2314 3907 sexa·

893 3964 994 4069 ginta
1009 3961 1121 4038 libras
1139 3962 1382 4037 Turonenses
1396 3959 1577 4053 inbonis,
1597 3959 1636 4053 in
1651 3960 1783 4037 decem
1796 3959 1903 4038 libris
1923 3959 2021 4037 dicte
2035 3978 2187 4037 monete
2202 3958 2313 4037 nobis

893 4090 1081 4170 solvendis
1100 4118 1167 4196 pro
1184 4088 1343 4165 emenda
1359 4116 1577 4167 excessuum
1592 4090 1867 4195 predictorum,
1883 4090 2139 4168 nominavero
2158 4091 2312 4196 compli-

893 4221 1065 4299 cum-bec
1082 4238 1170 4299 sunt
1187 4252 1194 4295 :
1212 4219 1441 4299 Gnillelmus
1455 4220 1623 4309 Bannita,
1646 4220 1791 4301 balivus
1806 4221 1896 4299 dicti
1912 4220 2153 4315 vicecomitis,
2171 4267 2226 4282 -
2244 4222 2313 4298 Pe·

892 4369 972 4429 trus
991 4350 1136 4457 Ayrals,
1153 4364 1210 4410 —‘-
1221 4348 1437 4429 Willolmus
1450 4349 1498 4427 de
1511 4350 1672 4456 Sangiis,
1683 4351 1913 4429 —Andreas
1923 4368 1961 4430 et
1973 4352 2186 4457 Stephanus
2204 4353 2313 4430 Mau-

892 4509 992 4571 rans,
1014 4528 1070 4541 -
1091 4482 1212 4558 dictus
1232 4482 1416 4587 Symeon,
1433 4526 1490 4539 -
1503 4480 1676 4559 Lobanos
1703 4482 1835 4571 Marel,
1854 4528 1911 4541 -
1934 4481 2055 4559 dictus
2068 4482 2238 4573 Daumis,
2253 4530 2312 4541 -

892 4612 1120 4689 Gnillelmus
1134 4611 1263 4699 Balen,
1276 4612 1463 4689 -dictus
1476 4611 1690 4699 Marandos‚
1702 4610 2052 4690 -Bertbolomeus
2060 4613 2109 4691 de
2118 4613 2305 4703 Vidrinas,

891 4786 947 4801 -·
965 4740 1175 4847 bernardus
1194 4740 1400 4829 Cbevalier,
1418 4786 1473 4799 -
1491 4741 1680 4819 lohannes
1699 4742 1808 4835 Gras,
1829 4790 1886 4803 —
1901 4744 2105 4822 Durandus
2121 4744 2228 4833 Gras,
2248 4788 2308 4803 -

890 4872 1057 4950 Andreas
1074 4889 1111 4950 et
1126 4873 1299 4951 Matheus
1308 4873 1443 4961 Bruni,
1458 4872 1649 4950 —dictus
1663 4875 1936 4990 lambraudos,
1945 4876 2102 4955 filiaster
2111 4875 2306 4968 Jacometi,

889 5050 944 5063 -
961 5007 1097 5083 rPetrus
1125 5003 1313 5093 Mnizonil,
1334 5050 1392 5063 —
1410 5005 1623 5082 Bernardus
1642 5005 1826 5098 Charnac,
1847 5006 1887 5082 Ρ.
1913 5006 2229 5094 Boni-Hominis,
2249 5052 2311 5067 -

888 5136 1055 5213 Andreas
1068 5136 1250 5222 Cbarnac,
1267 5180 1320 5193 ·-
1336 5134 1555 5213 Willelmus
1574 5133 1726 5227 Chalet,
1742 5181 1799 5252 ᾗ
1810 5138 1919 5245 Hugo
1937 5134 2092 5226 Asterii,
2108 5182 2162 5195 -
2177 5138 2312 5215 Petrus

888 5286 926 5345 et
944 5268 1051 5376 Hugo
1070 5264 1218 5355 Boielli,
1236 5312 1291 5324 -
1306 5264 1510 5343 Durandus
1529 5281 1568 5342 et
1585 5265 1718 5343 Petrus
1737 5267 1912 5345 Croeetez
1931 5282 1970 5344 et
1985 5266 2157 5345 Nicolaus
2175 5294 2311 5345 eorum

887 5395 1010 5487 freter,
1022 5446 1079 5457 --
1089 5400 1132 5475 R.
1144 5395 1332 5486 Estornel,
1345 5442 1401 5455 --
1413 5394 1602 5475 Gerardus
1612 5397 1800 5490 Maizonil,
1811 5399 2000 5477 -Jacine
2010 5396 2305 5509 Negogendolas‚
