5817 7292
864 1081 938 1159 tot
1328 1091 1370 1152 „f
1397 1088 1534 1164 “uns
1562 1088 1732 1163 omn..

641 1238 770 1293 Fun-¹⁹²⁵
784 1236 828 1300 lv,
862 1231 956 1308 riam
976 1248 1144 1309 nostram
1163 1230 1397 1338 judicaretur
1416 1232 1447 1309 ei
1466 1248 1593 1310 umen
1613 1232 1716 1310 curia
1734 1230 2125 1339 noetra‘oogn'oacoret
2142 1236 2284 1317 diotuin

698 1330 761 1375 Μ’
862 1362 1041 1441 comitem
1059 1360 1270 1439 Armeniaci
1288 1360 1588 1453 admittendum,
1605 1361 1709 1453 idem
1723 1363 1852 1441 comcs
1868 1362 1961 1441 Furi
1974 1360 2208 1446 *reddidisset
2222 1396 2285 1476 ga-

861 1495 966 1600 gium
983 1491 1213 1573 defensionis
1221 1492 1400 1571 adversus
1415 1494 1602 1600 predicta3
1617 1521 1783 1600 cumque
1793 1492 2007 1591 Berunrrlta
2016 1496 2067 1575 de
2078 1496 2281 1589 Conveuis,

860 1626 1069 1705 vicecomes
1086 1626 1281 1713 Turenue,
1304 1624 1405 1703 silius
1424 1623 1702 1732 primogenitus
1724 1624 1852 1706 dilecti
1875 1626 2071 1721 etzfidelie
2082 1630 2200 1708 nostri
2212 1658 2284 1707 co-

859 1758 961 1834 mitis
980 1757 1254 1843 Convenarum,
1272 1753 1452 1832 adversus
1472 1756 1595 1861 ipsum
1614 1756 2142 1864 comitem·anproponenc
2160 1760 2280 1868 quod,

858 1905 943 1993 poet
961 1914 1090 1993 pacem
1106 1885 1330 1992 predictam,
1348 1883 1511 1963 eandem
1526 1885 1879 1976 temere-violindo,
1896 1891 2028 1994 gentes
2038 1906 2085 1969 et
2101 1889 2283 1969 familiam

858 2020 975 2124 ipsius
992 2017 1141 2096 comitis
1155 2016 1266 2102 Furi,
1283 2015 1364 2122 ipso
1381 2015 1586 2092 mandante
1601 2016 1659 2093 vel
1679 2033 1804 2095 return
1820 2017 2001 2107 habente,
2017 2021 2226 2126 proditorie
2243 2039 2282 2101 et

858 2178 963 2227 more
983 2148 1110 2229 noum
1129 2146 1268 2225 terram
1286 2146 1375 2224 uim
1392 2147 1510 2253 paens
1522 2147 1582 2225 m
1596 2146 1800 2238 iamim,
1814 2165 1978 2255 quacior,
1990 2125 2096 2227 aua
2110 2150 2200 2255 aim
2214 2181 2284 2258 pa·

856 2281 924 2357 tris
934 2282 992 2359 sui
1003 2279 1191 2358 hostiliter
1206 2276 1430 2369 invenerant,
1448 2293 1488 2355 et
1501 2277 1789 2387 igueimml'eeo,
1806 2277 1993 2360 hostiliter
2002 2282 2274 2373 destruxerant,

856 2411 1031 2489 homines
1051 2410 1242 2487 dicturum
1255 2406 1428 2485 villarum
1449 2407 1746 2513 depredaverunt
1764 2428 1804 2488 et
1817 2410 2036 2489 robtveraut
2050 2411 2276 2503 bouis‘ouie,

858 2560 895 2621 et
910 2545 1078 2649 quinque
1096 2540 1269 2619 homines
1281 2536 1720 2631 ibidem-interfecerout;
1738 2570 1832 2647 que,
1848 2542 2080 2650 pergagiurn
2090 2541 2227 2633 duelli,
2245 2545 2277 2623 si

857 2674 979 2752 dictus
998 2672 1124 2751 eomes
1144 2698 1188 2749 ea
1207 2669 1449 2762 diffiteretuu.
1465 2697 1506 2749 ee
1525 2670 1776 2777 probaturum
1796 2671 1996 2761 offerebat,
2017 2672 2121 2751 ditato
2139 2674 2278 2752 comite

856 2806 965 2895 Furi,
983 2820 1069 2909 poet
1082 2800 1219 2879 multas
1235 2801 1419 2879 harrauet
1434 2800 1677 2880 defensionen
1688 2802 1956 2912 euna,gagium
1969 2801 2200 2882 defensionis
2216 2804 2282 2883 a'd-

855 2964 982 3014 versus
994 2934 1162 3042 predicta
1173 2934 1377 3022 reddentur
1397 2934 1500 3011 curia
1511 2948 1638 3012 nostra
1649 2961 1766 3041 nuper
1778 2933 2165 3041 predictiv,omuibus
2175 2934 2281 3015 lactis
2416 2979 2426 2995 ·

855 3068 1073 3175 propositis,
1092 3082 1130 3144 et
1147 3064 1642 3171 eciamcuperquibusdam
1658 3065 1743 3144 eliis
1756 3065 1967 3156 violenciis,
1984 3065 2186 3173 injuriiset
2198 3065 2279 3144 aliie

856 3196 1066 3288 maleficiis,
1083 3196 1152 3304 per
1167 3214 1296 3305 genten
1310 3196 1400 3273 dicti
1421 3195 1693 3289 comitis·Fuxi,
1712 3212 1757 3274 ut
1776 3195 1984 3285 dicebatur,
2002 3193 2107 3273 sactis
2118 3197 2166 3272 ‘in
2180 3198 2277 3275 villis
2360 3269 2364 3274 .

856 3331 992 3409 nocuis
1003 3356 1072 3407 seu
1086 3328 1242 3407 bastidie
1258 3326 1768 3407 deBellolMarchceiozetde
1784 3327 1983 3417 Marciaco,
1996 3326 2207 3404 mundasset
2220 3355 2278 3405 ve·

854 3462 1004 3539 ritatem
1014 3460 1153 3566 inquiri
1163 3460 1212 3539 ud
1225 3460 1346 3537 finem·
1353 3459 1534 3546 uiueret,
1546 3458 1762 3565 per'dictam
1775 3459 2004 3565 inquestam,
2017 3485 2065 3533 an
2075 3456 2171 3534 dicta
2182 3457 2275 3537 facta

855 3592 1046 3698 proposita
1066 3607 1193 3669 esseut
1207 3590 1306 3680 uera,
1329 3606 1368 3667 et
1387 3588 1476 3667 talia
1493 3590 1603 3695 qnod
1619 3616 1687 3695 pro
1709 3588 1765 3665 eis
1782 3588 1888 3697 gagio
1903 3587 2042 3680 duelli,
2063 3589 2274 3667 secundum

855 3723 1115 3800 ordinacionee
1133 3737 1294 3811 nostras,
1312 3720 1427 3825 recipi
1447 3720 1648 3810 deberent,
1663 3737 1702 3798 et
1715 3719 1765 3796 ad
1775 3717 1895 3797 finem
1909 3717 2071 3797 faciendi
2084 3719 2274 3826 justiciam

855 3870 893 3931 et
910 3851 1139 3931 emendandi
1156 3850 1326 3931 nobiscc
1346 3851 1442 3956 parti
1460 3850 1647 3956 predicta,
1663 3850 1695 3928 si
1714 3849 1919 3957 superbiis
1937 3850 2042 3959 gagia
2060 3850 2178 3929 duelli
2198 3880 2275 3933 non

853 3987 1121 4090 reciperentur,
1138 4000 1176 4059 et
1194 3982 1293 4059 diota
1311 3981 1406 4059 sacta
1425 3980 1572 4088 liquide
1587 3981 1825 4087 probata-per
1839 3981 2050 4088 inqueatarn
2062 3981 2278 4063 inveniren-

852 4134 917 4193 tur
930 4115 1137 4222 predictam
1150 4144 1158 4191 ε
1173 4113 1359 4203 Tandem,
1373 4110 1468 4190 facta
1480 4140 1594 4218 super
1606 4112 1786 4218 predictis
1795 4112 1968 4219 inquesta
1978 4114 2019 4191 et
2032 4130 2160 4203 nocue
2172 4116 2276 4193 curie

852 4262 1038 4352 reportate
1052 4246 1128 4323 visa
1142 4262 1181 4322 et
1195 4243 1397 4353 diligenter
1409 4242 1631 4334 examinata,
1647 4243 1838 4321 et‘auditis
1849 4243 2022 4350 partibus
2033 4243 2122 4321 hino
2136 4262 2175 4321 et
2185 4246 2274 4323 inde

851 4404 1037 4484 superea,
1052 4405 1121 4485 per
1134 4376 1238 4453 curie
1253 4392 1380 4455 nocue
1390 4374 1602 4482 judicium,
1616 4373 1762 4451 dictum
1774 4374 1847 4452 fnit
1856 4391 1902 4452 et
1911 4375 2205 4480 pronunciatum
2224 4377 2275 4452 vi·

853 4508 1007 4598 delicet,
1026 4509 1149 4615 primo
1171 4524 1209 4585 et
1226 4506 1483 4613 principaliter
1502 4504 1740 4613 precepimus
1758 4523 1798 4583 et
1816 4505 2051 4586 decrevimus
2069 4506 2173 4613 quod
2187 4535 2272 4613 pax,

851 4639 945 4717 lectu
960 4656 998 4717 et
1012 4639 1256 4747 pronunciata
1271 4666 1338 4746 per
1349 4662 1419 4715 nos
1429 4635 1613 4725 Tholooe,
1627 4636 1838 4743 specialiter
1849 4637 1950 4716 inter
1960 4637 2085 4717 dictoe
2097 4637 2271 4735 comitem

850 4772 942 4848 Fari
959 4789 997 4849 et
1011 4770 1202 4858 valitoros,
1219 4770 1375 4863 amicos,
1389 4768 1559 4877 alligator
1573 4785 1614 4845 et
1626 4767 1815 4876 subjectos
1828 4796 1936 4857 suos,
1954 4796 2001 4848 ex
2012 4789 2088 4845 una
2100 4783 2219 4874 parte,
2235 4784 2272 4843 et

851 4902 1007 4979 comites
1020 4901 1228 4979 Arnremaci
1243 4917 1281 4979 ct
1290 4899 1572 4986 Convenarum,
1583 4898 1774 4987 valituros,
1787 4899 1938 4987 amicos,
1953 4899 2122 5007 alligatos
2132 4914 2171 4974 et
2183 4896 2271 4975 eub'-

844 5031 966 5137 jectos
986 5057 1135 5119 eorum,
1153 5058 1197 5109 ex
1216 5031 1347 5121 altera,
1364 5030 1526 5137 firmitpr
1543 5046 1584 5107 et
1602 5029 1878 5117 inviolabiliter,
1895 5029 1968 5108 sub
1984 5056 2082 5136 penu
2098 5027 2273 5105 omniurn

848 5159 1039 5238 bonorum
1052 5190 1224 5252 suorum,
1237 5190 1311 5270 que
1322 5160 1904 5268 violatorecdictepaciapossent
1916 5159 2026 5239 nobis
2039 5156 2267 5245 loriasccere,

848 5291 1129 5399 imperpetuum
1151 5292 1416 5371 inviolabiliter
1436 5291 1672 5381 observetum
1690 5309 1737 5371 ‘et
1760 5291 1864 5398 quod
1885 5291 1933 5367 de
1956 5316 1997 5367 ee
2017 5305 2055 5366 et
2073 5288 2171 5378 ouie,
2195 5286 2268 5365 sibi

849 5440 886 5499 et
905 5424 981 5513 suis
1002 5424 1178 5512 invicem,
1201 5442 1240 5501 et
1259 5424 1381 5501 statim
1403 5423 1673 5503 dicti-comites
1690 5422 1917 5531 legittimum
1936 5434 2104 5526 prestem
2121 5446 2270 5497 eumcu-
