5817 7292
1043 1085 1313 1193 evonenus
1340 1103 1404 1174 m
1429 1083 1638 1176 esoces.
1976 1105 2050 1178 aar

626 1243 833 1350 judicium,
858 1244 1000 1322 dictum
1019 1244 1093 1322 luit
1111 1244 1234 1351 quod,
1256 1271 1334 1322 nou
1352 1243 1592 1322 obstantibus
1608 1243 1914 1350 quibuscumque
1934 1247 2053 1322 racio-2
2090 1259 2220 1312 Partim
2232 1259 2278 1326 tv,

633 1375 746 1452 nibus
765 1403 809 1452 ex
827 1391 931 1481 parte
951 1375 1070 1481 ipsius
1087 1375 1203 1483 Helye
1223 1374 1440 1480 propositis,
1461 1374 1588 1450 omnia
1607 1371 1791 1479 predicta,
1809 1373 1862 1448 sic
1877 1395 1943 1478 per
1957 1403 2051 1452 eum

634 1503 820 1598 edificata,
837 1525 1071 1612 reponentur
1087 1523 1125 1584 et
1143 1499 1307 1613 reposita
1325 1505 1560 1584 tenebuntur
1579 1505 1617 1580 in
1636 1502 1702 1580 tali
1719 1520 1818 1580 statu
1829 1504 1935 1609 quod
1949 1505 2053 1584 dicto

634 1653 752 1712 castro
770 1654 903 1714 nostro
918 1654 959 1715 et
974 1638 1091 1745 ipsius
1105 1636 1292 1716 sonalicio
1306 1637 1526 1714 nullatenus
1545 1651 1698 1742 possent
1717 1635 1862 1712 obesse.

688 1767 729 1842 ln
750 1769 891 1848 octabis
905 1770 1055 1848 Pascbe.

690 1897 796 1976 Creci
817 1901 1029 2003 reportavit.

2153 1349 2215 1392 1108.

687 2161 893 2239 LXXXVII.
924 2162 1022 2238 Cum
1038 2160 1333 2240 intellexerimus
1347 2163 1469 2268 quod,
1485 2159 1678 2238 occasione
1694 2159 1890 2268 cujusdam
1902 2148 2056 2267 pbriagii

632 2316 764 2394 nuper,
787 2290 886 2367 inter
900 2319 970 2367 nos
986 2307 1026 2368 et
1045 2293 1265 2399 episcopum
1277 2291 1663 2378 Mimatensem„facti
1683 2321 1799 2399 super
1812 2292 2003 2398 regalibus
2020 2309 2057 2367 et

632 2419 891 2523 superioritate
909 2423 1109 2501 comitatus
1127 2422 1372 2513 Gaballitani,
1388 2423 1582 2502 Cbanlonc
1598 2423 1759 2511 Salelas,
1775 2423 1904 2500 locum
1922 2439 2057 2500 tenens

631 2547 750 2654 bajuli
770 2552 983 2660 Marologii,
1013 2583 1100 2630 cum
1124 2555 1203 2632 suis
1220 2553 1469 2632 servientibus
1489 2571 1526 2630 et
1545 2552 1719 2660 pluribus
1737 2553 1820 2630 aliis
1838 2552 2058 2630 homiuibus

632 2677 730 2754 dicte
748 2679 853 2769 ville,
870 2685 1019 2758 annatis
1038 2683 1193 2760 diversis
1213 2684 1427 2770 armaturis,
1444 2711 1487 2758 ac
1503 2683 1624 2758 eciam
1641 2711 1690 2758 ne
1710 2683 1884 2789 cognosci
1905 2699 2058 2786 possent

631 2808 741 2885 variis
760 2810 888 2886 modis
900 2811 1136 2918 desguisatis,
1153 2814 1193 2890 in
1215 2812 1396 2890 ballivum
1418 2812 1685 2889 asservientes
1705 2842 1746 2888 ac
1765 2811 1859 2889 alios
1880 2811 2056 2888 officiales

632 2938 743 3016 nobis
762 2957 801 3017 et
821 2941 920 3018 dicto
941 2942 1117 3047 episcopo
1130 2943 1170 3018 in
1188 2941 1385 3019 dictavilla
1404 2969 1645 3030 communes,
1667 2943 1714 3018 de
1736 2959 1846 3019 nocte
1861 2959 1953 3019 etex
1967 2968 2055 3047 pro-

632 3069 770 3174 posito,
802 3069 986 3148 insultum
1010 3072 1195 3162 lecenmt,
1218 3101 1261 3151 ac
1281 3073 1384 3179 ipsos
1409 3099 1499 3149 cum
1520 3072 1677 3150 ensibus
1694 3089 1731 3150 et
1751 3072 1890 3150 lanceis
1913 3071 2063 3150 aeoliis

631 3199 765 3305 gladiis
776 3201 1008 3290 invaserunt,
1022 3205 1118 3280 adeo
1131 3205 1235 3309 quod
1245 3204 1285 3280 in
1301 3203 1403 3279 dicto
1414 3203 1595 3280 conflictu
1607 3231 1727 3280 unum
1745 3202 1793 3280 de
1807 3203 2057 3281 servientibus

634 3332 846 3410 communis
872 3333 975 3410 curie
995 3334 1158 3411 letaliter
1175 3333 1544 3422 vulneraverunt,·ac
1571 3333 1688 3409 eciam
1714 3335 1981 3440 Raymuudnm
2008 3334 2056 3410 de

630 3461 775 3554 Valvas,
801 3462 929 3541 locum
947 3481 1140 3542 tenentem
1161 3466 1251 3542 dicti
1270 3464 1397 3542 ballivi
1417 3466 1645 3555 communis,
1666 3465 1716 3540 de
1734 3463 1900 3570 quodam
1919 3492 2056 3573 magno

629 3591 764 3701 baculo
777 3593 817 3669 in
832 3593 988 3672 brachio
1001 3595 1308 3684 vulneraverunt,
1326 3623 1509 3702 ensesque
1526 3611 1564 3672 et
1578 3594 1764 3672 boclarios
1780 3593 1967 3672 dictorum
1984 3621 2057 3672 sen

630 3722 796 3800 vientum
826 3728 1086 3803 communium
1116 3727 1301 3804 violenter
1327 3742 1367 3803 et
1393 3726 1575 3833 injuriose
1601 3725 1841 3802 abstulerunt
1864 3741 1903 3800 et
1926 3753 2053 3801 secum

630 3852 799 3929 indebite
818 3873 1072 3960 asportarunt,
1094 3882 1137 3934 ac
1160 3859 1283 3964 ipsum
1306 3856 1490 3934 ballivum
1510 3882 1753 3937 communem
1776 3881 1956 3931 unacum
1977 3854 2057 3929 suis

631 3983 877 4061 servientibus
898 4003 937 4062 et
954 3987 1038 4064 aliis
1057 3986 1281 4066 officialibus
1298 3986 1399 4064 dicte
1414 3985 1628 4064 communis
1643 3985 1762 4072 curie,
1779 3983 1924 4062 dictum
1934 3983 2057 4060 insul-

509 4165 513 4174 «
631 4131 714 4189 tum
728 4119 993 4221 prosequendo
1004 4135 1044 4195 et
1056 4117 1328 4205 continuando,
1340 4145 1463 4224 nsque
1477 4117 1526 4194 ad
1535 4118 1695 4195 domum
1710 4114 1816 4192 curie
1824 4115 2052 4202 communis,

632 4244 698 4322 ubi
716 4247 972 4336 morabantur,
991 4250 1182 4355 fugarunt,
1201 4250 1416 4356 dimamque
1429 4250 1590 4327 domum
1607 4273 1850 4328 communem
1864 4273 1906 4323 ac
1917 4245 2061 4324 officiass

632 4374 687 4451 les
699 4403 919 4456 communes
927 4379 1026 4456 intra
1036 4409 1120 4456 cam
1133 4381 1332 4458 existentes
1343 4409 1429 4457 cum
1444 4378 1559 4457 armis
1570 4396 1609 4458 et
1622 4377 1809 4457 hostiliter
1821 4377 2053 4464 invaserunt,

631 4505 834 4584 clamantes
846 4525 886 4586 et
897 4509 1132 4590 horribiliter
1138 4512 1383 4589 vociferantes
1394 4543 1403 4588 ε
1416 4549 1429 4581 ι
1443 4510 1504 4588 Ad
1514 4512 1695 4588 mortem!
1712 4508 1762 4585 ad
1775 4511 1956 4586 morteml
1971 4506 2055 4584 des-

633 4653 807 4716 ·truatur
820 4639 957 4720 domus
975 4643 1204 4735 communis,
1219 4659 1259 4720 et
1272 4642 1483 4721 moriantur
1502 4641 1681 4720 officiales
1701 4666 1922 4718 communes
1942 4655 1981 4715 et
1999 4637 2056 4715 illi

633 4805 646 4834 ·
660 4769 709 4845 de
722 4769 861 4877 regalia
878 4774 944 4878 qui
959 4773 1062 4853 intus
1073 4777 1179 4852 suutl
1194 4811 1207 4844 ι
1225 4789 1263 4852 et
1277 4773 1523 4880 quamplures
1535 4801 1684 4880 grossos
1696 4771 1841 4878 lapides
1857 4787 1896 4848 et
1907 4769 2056 4848 lanceas

631 4901 930 5007 quamplurimas
944 4904 1208 5012 supradictam
1227 4905 1388 4984 domum
1403 4933 1646 4984 communem
1661 4921 1700 4982 et
1714 4921 1847 5012 contrav
1849 4901 2004 5010 januam
2019 4916 2058 4976 et

631 5027 813 5110 fenestras
827 5033 946 5140 ipsius
960 5035 1219 5143 projecerunt,
1236 5036 1434 5114 intantum
1444 5034 1553 5143 quod
1564 5061 1632 5141 per
1645 5033 1747 5140 ipsos
1760 5049 1837 5112 non
1850 5031 1953 5111 stetit
1964 5057 2058 5137 quo-

633 5162 758 5240 minus
772 5163 1081 5245 dictamdomum
1092 5168 1306 5260 diruerent,
1318 5195 1361 5244 ac
1367 5167 1522 5276 januam
1536 5183 1576 5244 et
1587 5165 1767 5244 fenestras
1780 5164 1898 5272 ipsius
1911 5161 2058 5241 confre-

631 5309 785 5398 gerunt3
803 5321 942 5376 nec-eo
960 5299 1143 5390 conteuti,
1160 5297 1230 5378 sed
1245 5297 1344 5376 mala
1362 5298 1472 5376 malis
1492 5297 1743 5389 cumulantes,
1761 5295 1871 5372 dictis
1890 5289 2057 5372 officiali-

632 5418 704 5498 bus
724 5429 1010 5525 communibus,
1031 5432 1130 5510 intra
1148 5431 1290 5510 deum
1310 5427 1468 5510 domum
1488 5456 1731 5508 communem
1754 5422 1999 5504 existentibus
2018 5434 2057 5496 et

1876 5579 1928 5646 ta.
