<?xml version="1.0" encoding="UTF-8"?>
<!DOCTYPE html PUBLIC "-//W3C//DTD XHTML 1.0 Transitional//EN"
    "http://www.w3.org/TR/xhtml1/DTD/xhtml1-transitional.dtd">
<html xmlns="http://www.w3.org/1999/xhtml" xml:lang="en" lang="en">
 <head>
  <title>
</title>
<meta http-equiv="Content-Type" content="text/html;charset=utf-8" />
  <meta name='ocr-system' content='tesseract 3.04.00' />
  <meta name='ocr-capabilities' content='ocr_page ocr_carea ocr_par ocr_line ocrx_word'/>
</head>
<body>
  <div class='ocr_page' id='page_1' title='image "./lesolimouregist00pargoog_0422.png"; bbox 0 0 5817 7292; ppageno 0'>
   <div class='ocr_carea' id='block_1_1' title="bbox 869 1104 1708 1180">
    <p class='ocr_par' dir='ltr' id='par_1_1' title="bbox 869 1104 1708 1180">
     <span class='ocr_line' id='line_1_1' title="bbox 869 1104 1708 1180; baseline -0.005 0"><span class='ocrx_word' id='word_1_1' title='bbox 869 1107 942 1180; x_wconf 81' lang='lat' dir='ltr'><strong>sto</strong></span> <span class='ocrx_word' id='word_1_2' title='bbox 1446 1105 1538 1177; x_wconf 85' lang='lat' dir='ltr'><strong>LES</strong></span> <span class='ocrx_word' id='word_1_3' title='bbox 1569 1104 1708 1178; x_wconf 85' lang='lat' dir='ltr'><strong>OLIM.</strong></span> 
     </span>
    </p>
   </div>
   <div class='ocr_carea' id='block_1_2' title="bbox 647 1247 2400 3705">
    <p class='ocr_par' dir='ltr' id='par_1_2' title="bbox 647 1247 2400 3705">
     <span class='ocr_line' id='line_1_2' title="bbox 647 1247 2291 1361; baseline 0.012 -47"><span class='ocrx_word' id='word_1_4' title='bbox 647 1261 829 1324; x_wconf 69' lang='lat' dir='ltr'><strong>annnam,</strong></span> <span class='ocrx_word' id='word_1_5' title='bbox 868 1275 929 1324; x_wconf 88' lang='lat' dir='ltr'><strong>res</strong></span> <span class='ocrx_word' id='word_1_6' title='bbox 956 1247 1212 1324; x_wconf 88' lang='lat' dir='ltr'><strong>contenciosas</strong></span> <span class='ocrx_word' id='word_1_7' title='bbox 1236 1247 1363 1352; x_wconf 80' lang='lat' dir='ltr'><strong>posuit</strong></span> <span class='ocrx_word' id='word_1_8' title='bbox 1386 1247 1434 1324; x_wconf 92' lang='lat' dir='ltr'><strong>ad</strong></span> <span class='ocrx_word' id='word_1_9' title='bbox 1459 1273 1613 1361; x_wconf 75' lang='lat' dir='ltr'><strong>manum</strong></span> <span class='ocrx_word' id='word_1_10' title='bbox 1641 1263 1822 1335; x_wconf 84' lang='lat' dir='ltr'><strong>nostram,</strong></span> <span class='ocrx_word' id='word_1_11' title='bbox 1850 1264 1888 1324; x_wconf 91' lang='lat' dir='ltr'><strong>et</strong></span> <span class='ocrx_word' id='word_1_12' title='bbox 1912 1275 2091 1352; x_wconf 73' lang='lat' dir='ltr'><strong>personas</strong></span> <span class='ocrx_word' id='word_1_13' title='bbox 2115 1281 2291 1357; x_wconf 90' lang='lat' dir='ltr'><strong>procura-</strong></span> 
     </span>
     <span class='ocr_line' id='line_1_3' title="bbox 706 1353 2292 1485; baseline 0.006 -30"><span class='ocrx_word' id='word_1_14' title='bbox 706 1353 768 1396; x_wconf 53' lang='grc' dir='ltr'><strong>Μ’</strong></span> <span class='ocrx_word' id='word_1_15' title='bbox 867 1378 976 1467; x_wconf 90' lang='lat' dir='ltr'><strong>toris,</strong></span> <span class='ocrx_word' id='word_1_16' title='bbox 998 1377 1135 1483; x_wconf 91' lang='lat' dir='ltr'><strong>prioris</strong></span> <span class='ocrx_word' id='word_1_17' title='bbox 1154 1395 1193 1454; x_wconf 89' lang='lat' dir='ltr'><strong>et</strong></span> <span class='ocrx_word' id='word_1_18' title='bbox 1210 1378 1390 1484; x_wconf 91' lang='lat' dir='ltr'><strong>capellani</strong></span> <span class='ocrx_word' id='word_1_19' title='bbox 1409 1377 1667 1484; x_wconf 86' lang='lat' dir='ltr'><strong>predictorum</strong></span> <span class='ocrx_word' id='word_1_20' title='bbox 1685 1377 1813 1484; x_wconf 85' lang='lat' dir='ltr'><strong>posuit</strong></span> <span class='ocrx_word' id='word_1_21' title='bbox 1834 1378 1876 1454; x_wconf 84' lang='lat' dir='ltr'><strong>in</strong></span> <span class='ocrx_word' id='word_1_22' title='bbox 1895 1381 2010 1485; x_wconf 84' lang='lat' dir='ltr'><strong>garda</strong></span> <span class='ocrx_word' id='word_1_23' title='bbox 2029 1399 2171 1476; x_wconf 88' lang='lat' dir='ltr'><strong>nostra,</strong></span> <span class='ocrx_word' id='word_1_24' title='bbox 2193 1387 2292 1464; x_wconf 89' lang='lat' dir='ltr'><strong>inbi-</strong></span> 
     </span>
     <span class='ocr_line' id='line_1_4' title="bbox 868 1508 2292 1625; baseline 0.006 -39"><span class='ocrx_word' id='word_1_25' title='bbox 868 1510 963 1586; x_wconf 90' lang='lat' dir='ltr'><strong>bens</strong></span> <span class='ocrx_word' id='word_1_26' title='bbox 982 1509 1092 1586; x_wconf 89' lang='lat' dir='ltr'><strong>dictis</strong></span> <span class='ocrx_word' id='word_1_27' title='bbox 1108 1510 1303 1587; x_wconf 84' lang='lat' dir='ltr'><strong>monacbis</strong></span> <span class='ocrx_word' id='word_1_28' title='bbox 1315 1510 1364 1587; x_wconf 91' lang='lat' dir='ltr'><strong>de</strong></span> <span class='ocrx_word' id='word_1_29' title='bbox 1378 1508 1680 1615; x_wconf 86' lang='lat' dir='ltr'><strong>Burgo-Dolensi</strong></span> <span class='ocrx_word' id='word_1_30' title='bbox 1696 1537 1743 1586; x_wconf 88' lang='lat' dir='ltr'><strong>ne</strong></span> <span class='ocrx_word' id='word_1_31' title='bbox 1757 1510 1796 1625; x_wconf 86' lang='lat' dir='ltr'><strong>in</strong></span> <span class='ocrx_word' id='word_1_32' title='bbox 1809 1512 1982 1616; x_wconf 88' lang='lat' dir='ltr'><strong>personis</strong></span> <span class='ocrx_word' id='word_1_33' title='bbox 1995 1529 2062 1590; x_wconf 93' lang='lat' dir='ltr'><strong>aut</strong></span> <span class='ocrx_word' id='word_1_34' title='bbox 2076 1515 2189 1592; x_wconf 89' lang='lat' dir='ltr'><strong>bonis</strong></span> <span class='ocrx_word' id='word_1_35' title='bbox 2208 1545 2292 1622; x_wconf 88' lang='lat' dir='ltr'><strong>pre—</strong></span> 
     </span>
     <span class='ocr_line' id='line_1_5' title="bbox 870 1639 2290 1746; baseline 0.006 -30"><span class='ocrx_word' id='word_1_36' title='bbox 870 1640 1055 1736; x_wconf 71' lang='lat' dir='ltr'><strong>dictorum</strong></span> <span class='ocrx_word' id='word_1_37' title='bbox 1080 1641 1217 1746; x_wconf 88' lang='lat' dir='ltr'><strong>prioris</strong></span> <span class='ocrx_word' id='word_1_38' title='bbox 1245 1657 1284 1717; x_wconf 90' lang='lat' dir='ltr'><strong>et</strong></span> <span class='ocrx_word' id='word_1_39' title='bbox 1313 1639 1493 1745; x_wconf 87' lang='lat' dir='ltr'><strong>capellani</strong></span> <span class='ocrx_word' id='word_1_40' title='bbox 1521 1639 1686 1745; x_wconf 81' lang='lat' dir='ltr'><strong>aliquam</strong></span> <span class='ocrx_word' id='word_1_41' title='bbox 1715 1640 1937 1720; x_wconf 80' lang='lat' dir='ltr'><strong>violenciam</strong></span> <span class='ocrx_word' id='word_1_42' title='bbox 1968 1642 2166 1736; x_wconf 78' lang='lat' dir='ltr'><strong>inferrent3</strong></span> <span class='ocrx_word' id='word_1_43' title='bbox 2201 1647 2290 1724; x_wconf 90' lang='lat' dir='ltr'><strong>dicti</strong></span> 
     </span>
     <span class='ocr_line' id='line_1_6' title="bbox 867 1768 2293 1877; baseline 0.005 -30"><span class='ocrx_word' id='word_1_44' title='bbox 867 1788 995 1848; x_wconf 88' lang='lat' dir='ltr'><strong>tamen</strong></span> <span class='ocrx_word' id='word_1_45' title='bbox 1016 1769 1190 1848; x_wconf 89' lang='lat' dir='ltr'><strong>monachi</strong></span> <span class='ocrx_word' id='word_1_46' title='bbox 1210 1768 1530 1877; x_wconf 82' lang='lat' dir='ltr'><strong>Burgi-Dolensis‚</strong></span> <span class='ocrx_word' id='word_1_47' title='bbox 1552 1786 1617 1847; x_wconf 88' lang='lat' dir='ltr'><strong>aut</strong></span> <span class='ocrx_word' id='word_1_48' title='bbox 1638 1797 1740 1848; x_wconf 90' lang='lat' dir='ltr'><strong>unus</strong></span> <span class='ocrx_word' id='word_1_49' title='bbox 1762 1797 1806 1848; x_wconf 82' lang='lat' dir='ltr'><strong>ex</strong></span> <span class='ocrx_word' id='word_1_50' title='bbox 1826 1770 1933 1875; x_wconf 86' lang='lat' dir='ltr'><strong>ipsis,</strong></span> <span class='ocrx_word' id='word_1_51' title='bbox 1956 1801 2033 1850; x_wconf 91' lang='lat' dir='ltr'><strong>non</strong></span> <span class='ocrx_word' id='word_1_52' title='bbox 2055 1775 2293 1854; x_wconf 83' lang='lat' dir='ltr'><strong>obstantibus</strong></span> 
     </span>
     <span class='ocr_line' id='line_1_7' title="bbox 868 1899 2290 2008; baseline 0.004 -30"><span class='ocrx_word' id='word_1_53' title='bbox 868 1929 1002 1978; x_wconf 91' lang='lat' dir='ltr'><strong>manus</strong></span> <span class='ocrx_word' id='word_1_54' title='bbox 1021 1900 1262 2006; x_wconf 89' lang='lat' dir='ltr'><strong>opposicione</strong></span> <span class='ocrx_word' id='word_1_55' title='bbox 1280 1917 1319 1977; x_wconf 90' lang='lat' dir='ltr'><strong>et</strong></span> <span class='ocrx_word' id='word_1_56' title='bbox 1338 1899 1570 1977; x_wconf 74' lang='lat' dir='ltr'><strong>inhibitione</strong></span> <span class='ocrx_word' id='word_1_57' title='bbox 1588 1899 1786 2005; x_wconf 86' lang='lat' dir='ltr'><strong>predictis,</strong></span> <span class='ocrx_word' id='word_1_58' title='bbox 1807 1901 1951 1978; x_wconf 89' lang='lat' dir='ltr'><strong>dictum</strong></span> <span class='ocrx_word' id='word_1_59' title='bbox 1972 1903 2207 2008; x_wconf 79' lang='lat' dir='ltr'><strong>capellanum</strong></span> <span class='ocrx_word' id='word_1_60' title='bbox 2228 1937 2290 1984; x_wconf 90' lang='lat' dir='ltr'><strong>us-</strong></span> 
     </span>
     <span class='ocr_line' id='line_1_8' title="bbox 867 2031 2290 2141; baseline 0.004 -35"><span class='ocrx_word' id='word_1_61' title='bbox 867 2060 942 2136; x_wconf 90' lang='lat' dir='ltr'><strong>que</strong></span> <span class='ocrx_word' id='word_1_62' title='bbox 968 2031 1016 2107; x_wconf 91' lang='lat' dir='ltr'><strong>ad</strong></span> <span class='ocrx_word' id='word_1_63' title='bbox 1039 2032 1229 2138; x_wconf 83' lang='lat' dir='ltr'><strong>sanguinis</strong></span> <span class='ocrx_word' id='word_1_64' title='bbox 1253 2031 1477 2109; x_wconf 86' lang='lat' dir='ltr'><strong>effusionem</strong></span> <span class='ocrx_word' id='word_1_65' title='bbox 1501 2048 1767 2137; x_wconf 88' lang='lat' dir='ltr'><strong>percusserunt</strong></span> <span class='ocrx_word' id='word_1_66' title='bbox 1795 2049 1833 2109; x_wconf 90' lang='lat' dir='ltr'><strong>et</strong></span> <span class='ocrx_word' id='word_1_67' title='bbox 1857 2033 2018 2110; x_wconf 85' lang='lat' dir='ltr'><strong>eumad</strong></span> <span class='ocrx_word' id='word_1_68' title='bbox 2043 2051 2182 2112; x_wconf 91' lang='lat' dir='ltr'><strong>terram</strong></span> <span class='ocrx_word' id='word_1_69' title='bbox 2197 2064 2290 2141; x_wconf 91' lang='lat' dir='ltr'><strong>pro-</strong></span> 
     </span>
     <span class='ocr_line' id='line_1_9' title="bbox 867 2161 2289 2270; baseline 0.005 -34"><span class='ocrx_word' id='word_1_70' title='bbox 867 2177 1094 2256; x_wconf 85' lang='lat' dir='ltr'><strong>straverunt,</strong></span> <span class='ocrx_word' id='word_1_71' title='bbox 1110 2179 1148 2240; x_wconf 91' lang='lat' dir='ltr'><strong>et</strong></span> <span class='ocrx_word' id='word_1_72' title='bbox 1170 2164 1210 2238; x_wconf 92' lang='lat' dir='ltr'><strong>in</strong></span> <span class='ocrx_word' id='word_1_73' title='bbox 1232 2162 1376 2240; x_wconf 89' lang='lat' dir='ltr'><strong>dictum</strong></span> <span class='ocrx_word' id='word_1_74' title='bbox 1390 2161 1612 2238; x_wconf 90' lang='lat' dir='ltr'><strong>servientem</strong></span> <span class='ocrx_word' id='word_1_75' title='bbox 1633 2178 1804 2240; x_wconf 90' lang='lat' dir='ltr'><strong>nostrum</strong></span> <span class='ocrx_word' id='word_1_76' title='bbox 1817 2167 1957 2239; x_wconf 88' lang='lat' dir='ltr'><strong>&#39;manus</strong></span> <span class='ocrx_word' id='word_1_77' title='bbox 1975 2162 2155 2241; x_wconf 81' lang='lat' dir='ltr'><strong>violentas</strong></span> <span class='ocrx_word' id='word_1_78' title='bbox 2171 2193 2289 2270; x_wconf 85' lang='lat' dir='ltr'><strong>appo—</strong></span> 
     </span>
     <span class='ocr_line' id='line_1_10' title="bbox 868 2290 2285 2400; baseline 0.001 -32"><span class='ocrx_word' id='word_1_79' title='bbox 868 2311 1041 2383; x_wconf 88' lang='lat' dir='ltr'><strong>suerunt,</strong></span> <span class='ocrx_word' id='word_1_80' title='bbox 1062 2322 1227 2399; x_wconf 83' lang='lat' dir='ltr'><strong>eumque</strong></span> <span class='ocrx_word' id='word_1_81' title='bbox 1247 2293 1430 2400; x_wconf 87' lang='lat' dir='ltr'><strong>usquead</strong></span> <span class='ocrx_word' id='word_1_82' title='bbox 1450 2291 1591 2370; x_wconf 90' lang='lat' dir='ltr'><strong>collum</strong></span> <span class='ocrx_word' id='word_1_83' title='bbox 1612 2292 1700 2398; x_wconf 91' lang='lat' dir='ltr'><strong>equi</strong></span> <span class='ocrx_word' id='word_1_84' title='bbox 1717 2293 1776 2368; x_wconf 91' lang='lat' dir='ltr'><strong>sui</strong></span> <span class='ocrx_word' id='word_1_85' title='bbox 1793 2292 1965 2370; x_wconf 90' lang='lat' dir='ltr'><strong>inclinari</strong></span> <span class='ocrx_word' id='word_1_86' title='bbox 1984 2290 2172 2380; x_wconf 84' lang='lat' dir='ltr'><strong>lecerunt,</strong></span> <span class='ocrx_word' id='word_1_87' title='bbox 2187 2311 2228 2370; x_wconf 89' lang='lat' dir='ltr'><strong>et</strong></span> <span class='ocrx_word' id='word_1_88' title='bbox 2246 2295 2285 2371; x_wconf 91' lang='lat' dir='ltr'><strong>in</strong></span> 
     </span>
     <span class='ocr_line' id='line_1_11' title="bbox 870 2421 2400 2530; baseline 0.003 -32"><span class='ocrx_word' id='word_1_89' title='bbox 870 2424 951 2530; x_wconf 86' lang='lat' dir='ltr'><strong>ejus</strong></span> <span class='ocrx_word' id='word_1_90' title='bbox 968 2422 1101 2500; x_wconf 88' lang='lat' dir='ltr'><strong>faciem</strong></span> <span class='ocrx_word' id='word_1_91' title='bbox 1124 2423 1183 2500; x_wconf 91' lang='lat' dir='ltr'><strong>bis</strong></span> <span class='ocrx_word' id='word_1_92' title='bbox 1205 2423 1266 2500; x_wconf 87' lang='lat' dir='ltr'><strong>vel</strong></span> <span class='ocrx_word' id='word_1_93' title='bbox 1289 2440 1348 2500; x_wconf 93' lang='lat' dir='ltr'><strong>ter</strong></span> <span class='ocrx_word' id='word_1_94' title='bbox 1373 2439 1646 2528; x_wconf 85' lang='lat' dir='ltr'><strong>conspuerunt,</strong></span> <span class='ocrx_word' id='word_1_95' title='bbox 1672 2421 1841 2500; x_wconf 89' lang='lat' dir='ltr'><strong>dicentes</strong></span> <span class='ocrx_word' id='word_1_96' title='bbox 1865 2422 1968 2528; x_wconf 95' lang='lat' dir='ltr'><strong>quod</strong></span> <span class='ocrx_word' id='word_1_97' title='bbox 1988 2421 2105 2500; x_wconf 86' lang='lat' dir='ltr'><strong>nichil</strong></span> <span class='ocrx_word' id='word_1_98' title='bbox 2124 2421 2287 2502; x_wconf 85' lang='lat' dir='ltr'><strong>lacerent</strong></span> <span class='ocrx_word' id='word_1_99' title='bbox 2395 2490 2400 2503; x_wconf 84' lang='grc'>,</span> 
     </span>
     <span class='ocr_line' id='line_1_12' title="bbox 868 2551 2287 2660; baseline 0 -30"><span class='ocrx_word' id='word_1_100' title='bbox 868 2581 938 2657; x_wconf 92' lang='lat' dir='ltr'><strong>pro</strong></span> <span class='ocrx_word' id='word_1_101' title='bbox 961 2555 1078 2660; x_wconf 83' lang='lat' dir='ltr'><strong>Rege;</strong></span> <span class='ocrx_word' id='word_1_102' title='bbox 1103 2569 1235 2658; x_wconf 90' lang='lat' dir='ltr'><strong>petens</strong></span> <span class='ocrx_word' id='word_1_103' title='bbox 1258 2552 1381 2630; x_wconf 91' lang='lat' dir='ltr'><strong>dictus</strong></span> <span class='ocrx_word' id='word_1_104' title='bbox 1399 2568 1618 2657; x_wconf 88' lang='lat' dir='ltr'><strong>procurator</strong></span> <span class='ocrx_word' id='word_1_105' title='bbox 1639 2569 1767 2631; x_wconf 92' lang='lat' dir='ltr'><strong>noster</strong></span> <span class='ocrx_word' id='word_1_106' title='bbox 1785 2552 2000 2659; x_wconf 90' lang='lat' dir='ltr'><strong>predictum</strong></span> <span class='ocrx_word' id='word_1_107' title='bbox 2017 2551 2156 2629; x_wconf 82' lang='lat' dir='ltr'><strong>factum</strong></span> <span class='ocrx_word' id='word_1_108' title='bbox 2178 2555 2287 2633; x_wconf 89' lang='lat' dir='ltr'><strong>nobis</strong></span> 
     </span>
     <span class='ocr_line' id='line_1_13' title="bbox 867 2681 2288 2790; baseline 0.001 -30"><span class='ocrx_word' id='word_1_109' title='bbox 867 2683 1118 2788; x_wconf 86' lang='lat' dir='ltr'><strong>pecuniariter</strong></span> <span class='ocrx_word' id='word_1_110' title='bbox 1133 2683 1346 2761; x_wconf 90' lang='lat' dir='ltr'><strong>emendari:</strong></span> <span class='ocrx_word' id='word_1_111' title='bbox 1362 2683 1449 2762; x_wconf 89' lang='lat' dir='ltr'><strong>Visa</strong></span> <span class='ocrx_word' id='word_1_112' title='bbox 1465 2683 1580 2789; x_wconf 86' lang='lat' dir='ltr'><strong>igitur</strong></span> <span class='ocrx_word' id='word_1_113' title='bbox 1599 2682 1788 2790; x_wconf 67' lang='lat' dir='ltr'><strong>inquens,</strong></span> <span class='ocrx_word' id='word_1_114' title='bbox 1809 2683 1948 2762; x_wconf 85' lang='lat' dir='ltr'><strong>vocatis</strong></span> <span class='ocrx_word' id='word_1_115' title='bbox 1962 2681 2190 2762; x_wconf 87' lang='lat' dir='ltr'><strong>sufficienter</strong></span> <span class='ocrx_word' id='word_1_116' title='bbox 2203 2711 2288 2790; x_wconf 88' lang='lat' dir='ltr'><strong>par-</strong></span> 
     </span>
     <span class='ocr_line' id='line_1_14' title="bbox 867 2812 2288 2921; baseline 0.005 -35"><span class='ocrx_word' id='word_1_117' title='bbox 867 2813 985 2904; x_wconf 84' lang='lat' dir='ltr'><strong>tibus,</strong></span> <span class='ocrx_word' id='word_1_118' title='bbox 1002 2841 1115 2919; x_wconf 92' lang='lat' dir='ltr'><strong>super</strong></span> <span class='ocrx_word' id='word_1_119' title='bbox 1136 2813 1208 2891; x_wconf 88' lang='lat' dir='ltr'><strong>boc</strong></span> <span class='ocrx_word' id='word_1_120' title='bbox 1225 2812 1273 2889; x_wconf 90' lang='lat' dir='ltr'><strong>de</strong></span> <span class='ocrx_word' id='word_1_121' title='bbox 1292 2813 1470 2890; x_wconf 88' lang='lat' dir='ltr'><strong>mandato</strong></span> <span class='ocrx_word' id='word_1_122' title='bbox 1488 2830 1616 2890; x_wconf 87' lang='lat' dir='ltr'><strong>nostro</strong></span> <span class='ocrx_word' id='word_1_123' title='bbox 1631 2812 1744 2904; x_wconf 86' lang='lat' dir='ltr'><strong>facta,</strong></span> <span class='ocrx_word' id='word_1_124' title='bbox 1767 2815 1983 2893; x_wconf 90' lang='lat' dir='ltr'><strong>ordinatum</strong></span> <span class='ocrx_word' id='word_1_125' title='bbox 1997 2813 2086 2904; x_wconf 84' lang='lat' dir='ltr'><strong>luit,</strong></span> <span class='ocrx_word' id='word_1_126' title='bbox 2103 2844 2172 2921; x_wconf 91' lang='lat' dir='ltr'><strong>per</strong></span> <span class='ocrx_word' id='word_1_127' title='bbox 2185 2817 2288 2893; x_wconf 90' lang='lat' dir='ltr'><strong>curie</strong></span> 
     </span>
     <span class='ocr_line' id='line_1_15' title="bbox 867 2942 2290 3053; baseline 0.004 -33"><span class='ocrx_word' id='word_1_128' title='bbox 867 2960 994 3022; x_wconf 89' lang='lat' dir='ltr'><strong>nostre</strong></span> <span class='ocrx_word' id='word_1_129' title='bbox 1011 2942 1215 3049; x_wconf 87' lang='lat' dir='ltr'><strong>judicium,</strong></span> <span class='ocrx_word' id='word_1_130' title='bbox 1241 2943 1346 3051; x_wconf 92' lang='lat' dir='ltr'><strong>quod</strong></span> <span class='ocrx_word' id='word_1_131' title='bbox 1367 2943 1541 3020; x_wconf 89' lang='lat' dir='ltr'><strong>debonis</strong></span> <span class='ocrx_word' id='word_1_132' title='bbox 1561 2944 1834 3050; x_wconf 86' lang='lat' dir='ltr'><strong>temporalibus</strong></span> <span class='ocrx_word' id='word_1_133' title='bbox 1854 2947 2081 3024; x_wconf 89' lang='lat' dir='ltr'><strong>eorumdem</strong></span> <span class='ocrx_word' id='word_1_134' title='bbox 2097 2945 2290 3053; x_wconf 85' lang='lat' dir='ltr'><strong>religioso-</strong></span> 
     </span>
     <span class='ocr_line' id='line_1_16' title="bbox 867 3066 2289 3184; baseline 0.001 -34"><span class='ocrx_word' id='word_1_135' title='bbox 867 3103 953 3152; x_wconf 90' lang='lat' dir='ltr'><strong>rum</strong></span> <span class='ocrx_word' id='word_1_136' title='bbox 972 3066 1271 3184; x_wconf 84' lang='lat' dir='ltr'><strong>Burgi-Dolensis</strong></span> <span class='ocrx_word' id='word_1_137' title='bbox 1292 3074 1464 3152; x_wconf 89' lang='lat' dir='ltr'><strong>leventur</strong></span> <span class='ocrx_word' id='word_1_138' title='bbox 1486 3091 1525 3150; x_wconf 91' lang='lat' dir='ltr'><strong>et</strong></span> <span class='ocrx_word' id='word_1_139' title='bbox 1548 3075 1741 3181; x_wconf 87' lang='lat' dir='ltr'><strong>capiantur</strong></span> <span class='ocrx_word' id='word_1_140' title='bbox 1759 3076 1964 3184; x_wconf 89' lang='lat' dir='ltr'><strong>quingente</strong></span> <span class='ocrx_word' id='word_1_141' title='bbox 1984 3075 2080 3154; x_wconf 87' lang='lat' dir='ltr'><strong>libre</strong></span> <span class='ocrx_word' id='word_1_142' title='bbox 2106 3077 2289 3156; x_wconf 87' lang='lat' dir='ltr'><strong>Parisicn-</strong></span> 
     </span>
     <span class='ocr_line' id='line_1_17' title="bbox 867 3205 2287 3314; baseline 0.001 -32"><span class='ocrx_word' id='word_1_143' title='bbox 867 3234 924 3282; x_wconf 91' lang='lat' dir='ltr'><strong>ses</strong></span> <span class='ocrx_word' id='word_1_144' title='bbox 944 3205 1071 3294; x_wconf 88' lang='lat' dir='ltr'><strong>nobis,</strong></span> <span class='ocrx_word' id='word_1_145' title='bbox 1088 3234 1158 3311; x_wconf 92' lang='lat' dir='ltr'><strong>pro</strong></span> <span class='ocrx_word' id='word_1_146' title='bbox 1174 3206 1335 3284; x_wconf 89' lang='lat' dir='ltr'><strong>emenda</strong></span> <span class='ocrx_word' id='word_1_147' title='bbox 1348 3223 1491 3294; x_wconf 86' lang='lat' dir='ltr'><strong>nostra,</strong></span> <span class='ocrx_word' id='word_1_148' title='bbox 1513 3205 1710 3295; x_wconf 83' lang='lat' dir='ltr'><strong>solvende,</strong></span> <span class='ocrx_word' id='word_1_149' title='bbox 1726 3224 1765 3284; x_wconf 93' lang='lat' dir='ltr'><strong>et</strong></span> <span class='ocrx_word' id='word_1_150' title='bbox 1784 3206 2056 3314; x_wconf 84' lang='lat' dir='ltr'><strong>quinquaginta</strong></span> <span class='ocrx_word' id='word_1_151' title='bbox 2077 3205 2173 3285; x_wconf 91' lang='lat' dir='ltr'><strong>libre</strong></span> <span class='ocrx_word' id='word_1_152' title='bbox 2187 3208 2287 3284; x_wconf 90' lang='lat' dir='ltr'><strong>Pari-</strong></span> 
     </span>
     <span class='ocr_line' id='line_1_18' title="bbox 867 3335 2285 3445; baseline 0.001 -33"><span class='ocrx_word' id='word_1_153' title='bbox 867 3337 1008 3413; x_wconf 91' lang='lat' dir='ltr'><strong>sienses</strong></span> <span class='ocrx_word' id='word_1_154' title='bbox 1028 3337 1129 3414; x_wconf 92' lang='lat' dir='ltr'><strong>dicto</strong></span> <span class='ocrx_word' id='word_1_155' title='bbox 1148 3336 1353 3442; x_wconf 88' lang='lat' dir='ltr'><strong>capellano,</strong></span> <span class='ocrx_word' id='word_1_156' title='bbox 1369 3366 1411 3414; x_wconf 89' lang='lat' dir='ltr'><strong>ac</strong></span> <span class='ocrx_word' id='word_1_157' title='bbox 1430 3336 1559 3445; x_wconf 86' lang='lat' dir='ltr'><strong>viginti</strong></span> <span class='ocrx_word' id='word_1_158' title='bbox 1572 3335 1669 3414; x_wconf 92' lang='lat' dir='ltr'><strong>libre</strong></span> <span class='ocrx_word' id='word_1_159' title='bbox 1687 3337 1913 3416; x_wconf 89' lang='lat' dir='ltr'><strong>Parisienses</strong></span> <span class='ocrx_word' id='word_1_160' title='bbox 1925 3336 2094 3443; x_wconf 88' lang='lat' dir='ltr'><strong>predicto</strong></span> <span class='ocrx_word' id='word_1_161' title='bbox 2110 3337 2285 3414; x_wconf 83' lang='lat' dir='ltr'><strong>servienti</strong></span> 
     </span>
     <span class='ocr_line' id='line_1_19' title="bbox 867 3466 1057 3545; baseline -0.011 -1"><span class='ocrx_word' id='word_1_162' title='bbox 867 3466 1057 3545; x_wconf 88' lang='lat' dir='ltr'><strong>solvende.</strong></span> 
     </span>
     <span class='ocr_line' id='line_1_20' title="bbox 923 3597 1332 3705; baseline 0.002 -29"><span class='ocrx_word' id='word_1_163' title='bbox 923 3597 1083 3676; x_wconf 89' lang='lat' dir='ltr'><strong>Cuillier</strong></span> <span class='ocrx_word' id='word_1_164' title='bbox 1094 3600 1306 3705; x_wconf 88' lang='lat' dir='ltr'><strong>reportavit.</strong></span> <span class='ocrx_word' id='word_1_165' title='bbox 1329 3651 1332 3655; x_wconf 28' lang='grc' dir='ltr'><em>ν</em></span> 
     </span>
    </p>
   </div>
   <div class='ocr_carea' id='block_1_3' title="bbox 758 3861 2354 5540">
    <p class='ocr_par' dir='ltr' id='par_1_3' title="bbox 758 3861 2354 5540">
     <span class='ocr_line' id='line_1_21' title="bbox 922 3861 2286 3946; baseline -0.005 -4"><span class='ocrx_word' id='word_1_166' title='bbox 922 3865 1029 3942; x_wconf 86' lang='lat' dir='ltr'><strong>LXII.</strong></span> <span class='ocrx_word' id='word_1_167' title='bbox 1061 3866 1159 3946; x_wconf 87' lang='lat' dir='ltr'><strong>Cum</strong></span> <span class='ocrx_word' id='word_1_168' title='bbox 1180 3864 1321 3943; x_wconf 87' lang='lat' dir='ltr'><strong>ballivo</strong></span> <span class='ocrx_word' id='word_1_169' title='bbox 1339 3864 1566 3943; x_wconf 85' lang='lat' dir='ltr'><strong>Bituricensr</strong></span> <span class='ocrx_word' id='word_1_170' title='bbox 1587 3865 1875 3942; x_wconf 87' lang='lat' dir='ltr'><strong>denunciassent</strong></span> <span class='ocrx_word' id='word_1_171' title='bbox 1893 3861 2006 3940; x_wconf 88' lang='lat' dir='ltr'><strong>abbas</strong></span> <span class='ocrx_word' id='word_1_172' title='bbox 2027 3878 2066 3938; x_wconf 85' lang='lat' dir='ltr'><strong>et</strong></span> <span class='ocrx_word' id='word_1_173' title='bbox 2082 3878 2286 3940; x_wconf 85' lang='lat' dir='ltr'><strong>conventus</strong></span> 
     </span>
     <span class='ocr_line' id='line_1_22' title="bbox 865 3990 2287 4103; baseline -0.007 -27"><span class='ocrx_word' id='word_1_174' title='bbox 865 3996 1126 4084; x_wconf 83' lang='lat' dir='ltr'><strong>blaciaeenses,</strong></span> <span class='ocrx_word' id='word_1_175' title='bbox 1149 4022 1358 4102; x_wconf 89' lang='lat' dir='ltr'><strong>eorumque</strong></span> <span class='ocrx_word' id='word_1_176' title='bbox 1378 3997 1483 4103; x_wconf 92' lang='lat' dir='ltr'><strong>prior</strong></span> <span class='ocrx_word' id='word_1_177' title='bbox 1502 4013 1540 4073; x_wconf 90' lang='lat' dir='ltr'><strong>et</strong></span> <span class='ocrx_word' id='word_1_178' title='bbox 1554 4012 1703 4074; x_wconf 88' lang='lat' dir='ltr'><strong>curatus</strong></span> <span class='ocrx_word' id='word_1_179' title='bbox 1723 3994 1770 4070; x_wconf 90' lang='lat' dir='ltr'><strong>de</strong></span> <span class='ocrx_word' id='word_1_180' title='bbox 1790 3992 2035 4072; x_wconf 86' lang='lat' dir='ltr'><strong>Bretonnen&#39;a</strong></span> <span class='ocrx_word' id='word_1_181' title='bbox 2057 3990 2178 4097; x_wconf 90' lang='lat' dir='ltr'><strong>quod,</strong></span> <span class='ocrx_word' id='word_1_182' title='bbox 2200 3990 2287 4068; x_wconf 88' lang='lat' dir='ltr'><strong>licet</strong></span> 
     </span>
     <span class='ocr_line' id='line_1_23' title="bbox 758 4104 2287 4232; baseline -0.003 -31"><span class='ocrx_word' id='word_1_183' title='bbox 758 4104 763 4114; x_wconf 87' lang='lat'><strong>.</strong></span> <span class='ocrx_word' id='word_1_184' title='bbox 865 4126 935 4232; x_wconf 87' lang='lat' dir='ltr'><strong>ipsi</strong></span> <span class='ocrx_word' id='word_1_185' title='bbox 948 4143 987 4204; x_wconf 88' lang='lat' dir='ltr'><strong>et</strong></span> <span class='ocrx_word' id='word_1_186' title='bbox 1002 4127 1129 4205; x_wconf 89' lang='lat' dir='ltr'><strong>omnia</strong></span> <span class='ocrx_word' id='word_1_187' title='bbox 1144 4128 1361 4206; x_wconf 89' lang='lat' dir='ltr'><strong>monasterii</strong></span> <span class='ocrx_word' id='word_1_188' title='bbox 1382 4125 1621 4207; x_wconf 89' lang='lat' dir='ltr'><strong>Maciacensis</strong></span> <span class='ocrx_word' id='word_1_189' title='bbox 1641 4122 1812 4202; x_wconf 87' lang='lat' dir='ltr'><strong>membra</strong></span> <span class='ocrx_word' id='word_1_190' title='bbox 1826 4125 1867 4200; x_wconf 90' lang='lat' dir='ltr'><strong>in</strong></span> <span class='ocrx_word' id='word_1_191' title='bbox 1882 4139 2009 4202; x_wconf 89' lang='lat' dir='ltr'><strong>nostra</strong></span> <span class='ocrx_word' id='word_1_192' title='bbox 2020 4139 2147 4199; x_wconf 85' lang='lat' dir='ltr'><strong>essent</strong></span> <span class='ocrx_word' id='word_1_193' title='bbox 2160 4137 2198 4198; x_wconf 89' lang='lat' dir='ltr'><strong>et</strong></span> <span class='ocrx_word' id='word_1_194' title='bbox 2212 4121 2287 4196; x_wconf 88' lang='lat' dir='ltr'><strong>sint</strong></span> 
     </span>
     <span class='ocr_line' id='line_1_24' title="bbox 864 4252 2287 4364; baseline -0.005 -30"><span class='ocrx_word' id='word_1_195' title='bbox 864 4257 990 4362; x_wconf 80' lang='lat' dir='ltr'><strong>gardia</strong></span> <span class='ocrx_word' id='word_1_196' title='bbox 1005 4257 1171 4363; x_wconf 85' lang='lat' dir='ltr'><strong>speciali,</strong></span> <span class='ocrx_word' id='word_1_197' title='bbox 1190 4275 1228 4336; x_wconf 89' lang='lat' dir='ltr'><strong>et</strong></span> <span class='ocrx_word' id='word_1_198' title='bbox 1245 4259 1285 4334; x_wconf 93' lang='lat' dir='ltr'><strong>in</strong></span> <span class='ocrx_word' id='word_1_199' title='bbox 1298 4257 1534 4364; x_wconf 87' lang='lat' dir='ltr'><strong>possessione</strong></span> <span class='ocrx_word' id='word_1_200' title='bbox 1550 4256 1655 4364; x_wconf 92' lang='lat' dir='ltr'><strong>quod</strong></span> <span class='ocrx_word' id='word_1_201' title='bbox 1673 4256 1891 4362; x_wconf 79' lang='lat' dir='ltr'><strong>gardientur</strong></span> <span class='ocrx_word' id='word_1_202' title='bbox 1909 4280 2077 4360; x_wconf 83' lang='lat' dir='ltr'><strong>paruos,</strong></span> <span class='ocrx_word' id='word_1_203' title='bbox 2096 4252 2287 4330; x_wconf 88' lang='lat' dir='ltr'><strong>baberent·</strong></span> 
     </span>
     <span class='ocr_line' id='line_1_25' title="bbox 864 4381 2286 4494; baseline -0.005 -30"><span class='ocrx_word' id='word_1_204' title='bbox 864 4414 940 4494; x_wconf 90' lang='lat' dir='ltr'><strong>que</strong></span> <span class='ocrx_word' id='word_1_205' title='bbox 963 4387 1151 4465; x_wconf 88' lang='lat' dir='ltr'><strong>Andream</strong></span> <span class='ocrx_word' id='word_1_206' title='bbox 1175 4388 1321 4466; x_wconf 87' lang='lat' dir='ltr'><strong>dictum</strong></span> <span class='ocrx_word' id='word_1_207' title='bbox 1344 4388 1380 4465; x_wconf 89' lang='lat' dir='ltr'><strong>la</strong></span> <span class='ocrx_word' id='word_1_208' title='bbox 1402 4382 1515 4476; x_wconf 69' lang='lat' dir='ltr'><strong>lois,¹</strong></span> <span class='ocrx_word' id='word_1_209' title='bbox 1531 4388 1756 4466; x_wconf 88' lang='lat' dir='ltr'><strong>servientem</strong></span> <span class='ocrx_word' id='word_1_210' title='bbox 1779 4403 1965 4477; x_wconf 87' lang='lat' dir='ltr'><strong>nostrum,</strong></span> <span class='ocrx_word' id='word_1_211' title='bbox 1994 4383 2215 4490; x_wconf 84' lang='lat' dir='ltr'><strong>deputatum</strong></span> <span class='ocrx_word' id='word_1_212' title='bbox 2240 4381 2286 4458; x_wconf 86' lang='lat' dir='ltr'><strong>ad</strong></span> 
     </span>
     <span class='ocr_line' id='line_1_26' title="bbox 863 4513 2285 4628; baseline -0.005 -33"><span class='ocrx_word' id='word_1_213' title='bbox 863 4520 1050 4596; x_wconf 90' lang='lat' dir='ltr'><strong>tuendum</strong></span> <span class='ocrx_word' id='word_1_214' title='bbox 1071 4547 1135 4597; x_wconf 88' lang='lat' dir='ltr'><strong>eos</strong></span> <span class='ocrx_word' id='word_1_215' title='bbox 1152 4520 1193 4599; x_wconf 89' lang='lat' dir='ltr'><strong>in</strong></span> <span class='ocrx_word' id='word_1_216' title='bbox 1213 4522 1291 4598; x_wconf 91' lang='lat' dir='ltr'><strong>suis</strong></span> <span class='ocrx_word' id='word_1_217' title='bbox 1306 4521 1419 4628; x_wconf 86' lang='lat' dir='ltr'><strong>justis</strong></span> <span class='ocrx_word' id='word_1_218' title='bbox 1443 4517 1744 4625; x_wconf 88' lang='lat' dir='ltr'><strong>possessionibus</strong></span> <span class='ocrx_word' id='word_1_219' title='bbox 1769 4535 1808 4595; x_wconf 89' lang='lat' dir='ltr'><strong>et</strong></span> <span class='ocrx_word' id='word_1_220' title='bbox 1831 4515 1995 4606; x_wconf 75' lang='lat' dir='ltr'><strong>sabinis,</strong></span> <span class='ocrx_word' id='word_1_221' title='bbox 2022 4513 2285 4621; x_wconf 85' lang='lat' dir='ltr'><strong>essentquein</strong></span> 
     </span>
     <span class='ocr_line' id='line_1_27' title="bbox 794 4645 2284 4757; baseline -0.005 -32"><span class='ocrx_word' id='word_1_222' title='bbox 794 4645 803 4656; x_wconf 87' lang='grc'><strong>’</strong></span> <span class='ocrx_word' id='word_1_223' title='bbox 864 4648 1016 4754; x_wconf 82' lang='lat' dir='ltr'><strong>pacifica</strong></span> <span class='ocrx_word' id='word_1_224' title='bbox 1039 4651 1275 4757; x_wconf 86' lang='lat' dir='ltr'><strong>possessione</strong></span> <span class='ocrx_word' id='word_1_225' title='bbox 1303 4652 1351 4730; x_wconf 89' lang='lat' dir='ltr'><strong>ab</strong></span> <span class='ocrx_word' id='word_1_226' title='bbox 1376 4651 1533 4757; x_wconf 86' lang='lat' dir='ltr'><strong>antiquo</strong></span> <span class='ocrx_word' id='word_1_227' title='bbox 1563 4648 1797 4755; x_wconf 88' lang='lat' dir='ltr'><strong>percipiendi</strong></span> <span class='ocrx_word' id='word_1_228' title='bbox 1828 4647 1992 4724; x_wconf 86' lang='lat' dir='ltr'><strong>decimas</strong></span> <span class='ocrx_word' id='word_1_229' title='bbox 2017 4645 2217 4750; x_wconf 85' lang='lat' dir='ltr'><strong>bladorum</strong></span> <span class='ocrx_word' id='word_1_230' title='bbox 2247 4659 2284 4718; x_wconf 90' lang='lat' dir='ltr'><strong>et</strong></span> 
     </span>
     <span class='ocr_line' id='line_1_28' title="bbox 864 4773 2282 4887; baseline -0.006 -31"><span class='ocrx_word' id='word_1_231' title='bbox 864 4778 1101 4869; x_wconf 89' lang='lat' dir='ltr'><strong>animalium,</strong></span> <span class='ocrx_word' id='word_1_232' title='bbox 1117 4781 1266 4861; x_wconf 87' lang='lat' dir='ltr'><strong>racione</strong></span> <span class='ocrx_word' id='word_1_233' title='bbox 1288 4782 1476 4887; x_wconf 90' lang='lat' dir='ltr'><strong>prioratus</strong></span> <span class='ocrx_word' id='word_1_234' title='bbox 1495 4779 1675 4886; x_wconf 88' lang='lat' dir='ltr'><strong>predicti,</strong></span> <span class='ocrx_word' id='word_1_235' title='bbox 1692 4779 1732 4859; x_wconf 91' lang='lat' dir='ltr'><strong>in</strong></span> <span class='ocrx_word' id='word_1_236' title='bbox 1742 4777 1939 4886; x_wconf 87' lang='lat' dir='ltr'><strong>parrochia</strong></span> <span class='ocrx_word' id='word_1_237' title='bbox 1959 4776 2007 4853; x_wconf 88' lang='lat' dir='ltr'><strong>de</strong></span> <span class='ocrx_word' id='word_1_238' title='bbox 2025 4773 2282 4863; x_wconf 88' lang='lat' dir='ltr'><strong>Bretonneria,</strong></span> 
     </span>
     <span class='ocr_line' id='line_1_29' title="bbox 865 4906 2284 5018; baseline -0.004 -31"><span class='ocrx_word' id='word_1_239' title='bbox 865 4927 903 4987; x_wconf 90' lang='lat' dir='ltr'><strong>et</strong></span> <span class='ocrx_word' id='word_1_240' title='bbox 915 4909 1127 5016; x_wconf 86' lang='lat' dir='ltr'><strong>specialiter</strong></span> <span class='ocrx_word' id='word_1_241' title='bbox 1141 4911 1181 4987; x_wconf 93' lang='lat' dir='ltr'><strong>in</strong></span> <span class='ocrx_word' id='word_1_242' title='bbox 1195 4911 1422 5018; x_wconf 88' lang='lat' dir='ltr'><strong>quibusdam</strong></span> <span class='ocrx_word' id='word_1_243' title='bbox 1436 4911 1529 4988; x_wconf 89' lang='lat' dir='ltr'><strong>locis</strong></span> <span class='ocrx_word' id='word_1_244' title='bbox 1542 4911 1582 4988; x_wconf 86' lang='lat' dir='ltr'><strong>in</strong></span> <span class='ocrx_word' id='word_1_245' title='bbox 1596 4937 1776 5016; x_wconf 86' lang='lat' dir='ltr'><strong>processu</strong></span> <span class='ocrx_word' id='word_1_246' title='bbox 1792 4936 1925 4987; x_wconf 90' lang='lat' dir='ltr'><strong>eorum</strong></span> <span class='ocrx_word' id='word_1_247' title='bbox 1936 4906 2142 4996; x_wconf 75' lang='lat' dir='ltr'><strong>declaratis,</strong></span> <span class='ocrx_word' id='word_1_248' title='bbox 2153 4931 2284 5012; x_wconf 89' lang='lat' dir='ltr'><strong>perce-</strong></span> 
     </span>
     <span class='ocr_line' id='line_1_30' title="bbox 861 5021 2354 5150; baseline -0.002 -34"><span class='ocrx_word' id='word_1_249' title='bbox 861 5041 1079 5148; x_wconf 86' lang='lat' dir='ltr'><strong>pisseutque</strong></span> <span class='ocrx_word' id='word_1_250' title='bbox 1102 5071 1201 5125; x_wconf 86' lang='lat' dir='ltr'><strong>anuo</strong></span> <span class='ocrx_word' id='word_1_251' title='bbox 1220 5045 1385 5150; x_wconf 88' lang='lat' dir='ltr'><strong>presenti</strong></span> <span class='ocrx_word' id='word_1_252' title='bbox 1408 5021 1561 5149; x_wconf 73' lang='lat' dir='ltr'><strong>pacifice</strong></span> <span class='ocrx_word' id='word_1_253' title='bbox 1581 5059 1726 5148; x_wconf 86' lang='lat' dir='ltr'><strong>partem</strong></span> <span class='ocrx_word' id='word_1_254' title='bbox 1748 5039 1893 5118; x_wconf 89' lang='lat' dir='ltr'><strong>decime</strong></span> <span class='ocrx_word' id='word_1_255' title='bbox 1914 5036 2066 5116; x_wconf 89' lang='lat' dir='ltr'><strong>inloois</strong></span> <span class='ocrx_word' id='word_1_256' title='bbox 2084 5035 2280 5143; x_wconf 87' lang='lat' dir='ltr'><strong>predictis,</strong></span> <span class='ocrx_word' id='word_1_257' title='bbox 2349 5071 2354 5086; x_wconf 44' lang='lat' dir='ltr'>f</span> 
     </span>
     <span class='ocr_line' id='line_1_31' title="bbox 861 5166 2283 5280; baseline -0.005 -31"><span class='ocrx_word' id='word_1_258' title='bbox 861 5172 1017 5277; x_wconf 86' lang='lat' dir='ltr'><strong>quidam</strong></span> <span class='ocrx_word' id='word_1_259' title='bbox 1035 5175 1212 5254; x_wconf 89' lang='lat' dir='ltr'><strong>monachi</strong></span> <span class='ocrx_word' id='word_1_260' title='bbox 1231 5174 1279 5252; x_wconf 90' lang='lat' dir='ltr'><strong>de</strong></span> <span class='ocrx_word' id='word_1_261' title='bbox 1291 5173 1607 5280; x_wconf 84' lang='lat' dir='ltr'><strong>Burgo-Dolensi‚</strong></span> <span class='ocrx_word' id='word_1_262' title='bbox 1627 5173 1675 5250; x_wconf 91' lang='lat' dir='ltr'><strong>de</strong></span> <span class='ocrx_word' id='word_1_263' title='bbox 1692 5171 1868 5250; x_wconf 88' lang='lat' dir='ltr'><strong>mandato</strong></span> <span class='ocrx_word' id='word_1_264' title='bbox 1883 5185 1922 5248; x_wconf 91' lang='lat' dir='ltr'><strong>et</strong></span> <span class='ocrx_word' id='word_1_265' title='bbox 1933 5167 2125 5246; x_wconf 81' lang='lat' dir='ltr'><strong>voluntate</strong></span> <span class='ocrx_word' id='word_1_266' title='bbox 2138 5166 2283 5244; x_wconf 86' lang='lat' dir='ltr'><strong>abbatis</strong></span> 
     </span>
     <span class='ocr_line' id='line_1_32' title="bbox 861 5289 2353 5412; baseline -0.007 -32"><span class='ocrx_word' id='word_1_267' title='bbox 861 5320 900 5380; x_wconf 91' lang='lat' dir='ltr'><strong>et</strong></span> <span class='ocrx_word' id='word_1_268' title='bbox 918 5321 1121 5382; x_wconf 84' lang='lat' dir='ltr'><strong>conventus</strong></span> <span class='ocrx_word' id='word_1_269' title='bbox 1142 5304 1474 5412; x_wconf 85' lang='lat' dir='ltr'><strong>Burgi-Dolensis‚</strong></span> <span class='ocrx_word' id='word_1_270' title='bbox 1501 5331 1708 5412; x_wconf 88' lang='lat' dir='ltr'><strong>eorumque</strong></span> <span class='ocrx_word' id='word_1_271' title='bbox 1733 5300 1963 5409; x_wconf 91' lang='lat' dir='ltr'><strong>preceptoris</strong></span> <span class='ocrx_word' id='word_1_272' title='bbox 1983 5295 2277 5382; x_wconf 87' lang='lat' dir='ltr'><strong>Sancti-Hilarii,</strong></span> <span class='ocrx_word' id='word_1_273' title='bbox 2349 5289 2353 5294; x_wconf 74' lang='grc'><strong>’</strong></span> 
     </span>
     <span class='ocr_line' id='line_1_33' title="bbox 859 5426 2279 5540; baseline -0.007 -28"><span class='ocrx_word' id='word_1_274' title='bbox 859 5451 944 5537; x_wconf 88' lang='lat' dir='ltr'><strong>post</strong></span> <span class='ocrx_word' id='word_1_275' title='bbox 963 5434 1298 5514; x_wconf 77' lang='lat' dir='ltr'><strong>denunciationem</strong></span> <span class='ocrx_word' id='word_1_276' title='bbox 1318 5435 1463 5512; x_wconf 89' lang='lat' dir='ltr'><strong>eisdem</strong></span> <span class='ocrx_word' id='word_1_277' title='bbox 1482 5434 1606 5512; x_wconf 84' lang='lat' dir='ltr'><strong>abbati</strong></span> <span class='ocrx_word' id='word_1_278' title='bbox 1620 5451 1657 5511; x_wconf 91' lang='lat' dir='ltr'><strong>et</strong></span> <span class='ocrx_word' id='word_1_279' title='bbox 1675 5431 1885 5540; x_wconf 87' lang='lat' dir='ltr'><strong>preceptori</strong></span> <span class='ocrx_word' id='word_1_280' title='bbox 1901 5429 2034 5509; x_wconf 85' lang='lat' dir='ltr'><strong>laetam</strong></span> <span class='ocrx_word' id='word_1_281' title='bbox 2048 5456 2115 5535; x_wconf 90' lang='lat' dir='ltr'><strong>per</strong></span> <span class='ocrx_word' id='word_1_282' title='bbox 2131 5426 2279 5509; x_wconf 88' lang='lat' dir='ltr'><strong>dictum</strong></span> 
     </span>
    </p>
   </div>
   <div class='ocr_carea' id='block_1_4' title="bbox 0 0 2914 7289">
    <p class='ocr_par' dir='ltr' id='par_1_4' title="bbox 0 0 2914 7289">
     <span class='ocr_line' id='line_1_34' title="bbox 0 0 2914 7289; baseline 0 0"><span class='ocrx_word' id='word_1_283' title='bbox 0 0 2914 7289; x_wconf 95' lang='lat' dir='ltr'><strong> </strong></span> 
     </span>
    </p>
   </div>
  </div>
 </body>
</html>
