5817 7292
1024 1097 1293 1209 anntrus
1319 1116 1382 1189 rr
1409 1101 1615 1192 anonas.
1954 1125 2027 1196 aas

609 1258 798 1349 Bomssis,
813 1258 1100 1338 concordassent
1112 1276 1235 1366 partes
1249 1284 1317 1364 per
1332 1257 1429 1337 viam
1445 1251 1704 1365 compromissi
1720 1261 1924 1365 procedere
1936 1322 1945 1350 ,
1957 1264 2031 1339 dic
2066 1271 2198 1328 rarum
2209 1274 2253 1336 IV.
2378 1244 2382 1251 ¹

528 1493 531 1499 .
611 1368 672 1466 tus
686 1388 802 1468 abhas
820 1388 987 1468 inhibuit
1006 1389 1197 1496 Stephano
1219 1390 1266 1469 dc
1288 1388 1472 1477 Ltdcnsa,
1494 1386 1650 1465 arbitrio
1666 1387 1787 1467 electo
1801 1416 1916 1495 super
1933 1392 2029 1469 dicta
2128 1366 2192 1409 Μ’

614 1518 819 1607 discordia,
837 1547 950 1625 super
960 1520 1177 1626 juramento
1190 1548 1267 1627 qno
1280 1516 1352 1597 sihi
1367 1518 1579 1610 tenebatur,
1598 1546 1646 1597 ne
1663 1518 1821 1597 dedicta
1833 1521 2031 1626 questione

613 1676 653 1725 aa
678 1649 946 1756 intromitteret
969 1679 1037 1756 per
1062 1650 1221 1730 modum
1245 1649 1521 1757 compromissi,
1546 1666 1585 1727 et
1610 1650 1772 1757 quadam
1793 1650 1911 1757 virga,
1938 1651 2031 1730 imto

614 1780 756 1867 animo,
773 1780 957 1886 percussit
974 1779 1117 1859 dictum
1138 1779 1372 1887 Stephanum
1389 1780 1582 1870 Bonassis,
1600 1796 1640 1859 et
1656 1807 1703 1859 eo
1722 1807 1799 1857 non
1816 1797 2031 1867 contentus,

614 1909 736 2014 ipsum
756 1910 1005 2015 Stephanum,
1022 1910 1070 1987 ad
1083 1938 1154 1987 nos
1169 1910 1437 2017 appellantem,
1456 1912 1556 2018 oepit
1571 1934 1684 1990 mann
1698 1910 1849 2016 propria
1863 1929 1901 1988 et
1914 1912 2036 1988 incar-

614 2039 728 2115 cerari
756 2038 843 2117 lecit
867 2040 907 2117 in
934 2039 1184 2147 prejudicium
1213 2041 1479 2147 appellacionis
1508 2042 1696 2147 predicte,
1724 2058 1779 2129 et,
1805 2040 1902 2119 mala
1926 2042 2035 2121 malis

614 2167 869 2258 accumulans,
891 2170 1035 2247 dictum
1050 2171 1204 2248 Petrum
1220 2169 1425 2276 Radnlphi,
1442 2172 1699 2278 requirentem
1717 2171 1843 2276 ipsum
1859 2172 2034 2251 abbatem

613 2326 661 2376 ne
685 2298 773 2375 talia
791 2316 1030 2406 attemptaret
1051 2318 1182 2379 contra
1203 2300 1348 2387 dictum
1368 2302 1604 2406 Stephanum
1623 2302 1689 2409 qni
1709 2302 1758 2379 ad
1776 2330 1847 2379 nos
1870 2301 2036 2408 appella-

615 2446 730 2519 verat,
749 2458 836 2507 cum
853 2430 989 2510 haculo
1008 2431 1208 2538 percussit,
1226 2460 1341 2512 manu
1360 2431 1527 2539 propria,
1547 2432 1586 2509 in
1606 2432 1726 2537 capite
1745 2460 1865 2539 nsque
1884 2433 1933 2510 ad
1951 2461 2036 2510 san-

613 2558 738 2667 guinis
758 2561 998 2651 allusionem,
1021 2561 1224 2668 pluresque
1243 2561 1334 2639 alias
1352 2560 1524 2667 injurias,
1545 2578 1623 2638 tam
1641 2561 1723 2667 ipse
1742 2590 1856 2671 qnam
1877 2560 1959 2668 ejus
1976 2592 2037 2640 cn-

614 2688 742 2779 malea,
773 2707 956 2796 potestate
991 2690 1167 2769 secularia
1198 2692 1299 2767 curie
1335 2716 1401 2766 sue
1436 2690 1645 2803 abutendo,
1676 2690 1785 2768 dictis
1816 2691 2037 2770 hominibus

615 2817 841 2908 intulerunt,
856 2837 893 2895 et
906 2820 1065 2895 maxime
1082 2819 1121 2895 in
1140 2836 1398 2926 contemptum
1414 2819 1680 2937 appellationis
1693 2819 1859 2925 predicte
1873 2820 1920 2897 ab
1936 2821 2033 2925 ipso,

615 2966 808 3055 tamquam
824 2949 953 3058 jndice
978 2949 1153 3037 seculari,
1167 2950 1219 3027 ad
1242 2978 1312 3027 nos
1337 2949 1555 3058 interjectae
1577 2952 1648 3028 Per
1666 2950 1770 3029 curie
1790 2966 1917 3029 nostre
1932 2951 2038 3058 jndi-

591 3164 598 3177 ,
616 3078 735 3170 dum,
753 3080 896 3161 dictum
913 3081 986 3161 luit
1005 3082 1110 3188 quod
1128 3081 1229 3163 curia
1246 3094 1285 3161 et
1293 3062 1747 3188 jurisdictiotamporalis
1762 3081 1853 3162 dicti
1872 3081 2034 3171 abbatis,

617 3237 701 3289 cnm
719 3210 800 3317 ejus
814 3212 925 3289 honis
941 3212 1232 3318 temporalibus,
1255 3210 1295 3289 in
1311 3237 1426 3289 manu
1447 3226 1575 3289 nostra
1593 3209 1827 3289 'tenebuntur
1838 3240 2037 3319 quousque

617 3338 664 3415 dc
684 3340 867 3421 sexcentis
885 3339 993 3417 libris
1012 3340 1298 3419 Turonensihus
1317 3338 1444 3431 nohis,
1466 3368 1536 3446 pro
1564 3340 1741 3429 emenda,
1768 3358 1807 3419 et
1827 3341 1937 3420 dictis
1955 3345 2038 3423 Ste-

616 3469 741 3576 phano
760 3472 934 3553 &nassis
954 3489 993 3551 et
1012 3474 1122 3551 Petro
1141 3470 1349 3579 Radnlphi,
1375 3470 1534 3552 cuilibet
1553 3499 1686 3555 eornm
1710 3471 1758 3551 de
1780 3472 1914 3552 decern
1933 3472 2039 3553 libris

616 3603 917 3697 Turonensihus‚
936 3605 1051 3685 luerit
1070 3605 1312 3686 satisfactum.

670 3735 868 3815 Dominica
885 3752 971 3842 post
988 3735 1248 3843 Epiphaniam.

672 3863 781 3943 Creoi
801 3866 1013 3972 reportavit.

672 4123 733 4201 Vl.
763 4124 846 4203 Lite
867 4142 969 4203 mota
989 4154 1115 4205 coram
1134 4128 1325 4235 preposito
1343 4127 1540 4207 Parisiensi
1558 4128 1656 4205 inter
1673 4125 1883 4205 Anhertnm
1903 4128 2036 4235 Bigue,

618 4280 660 4331 er
676 4281 752 4330 una
765 4271 888 4361 parte,
906 4272 943 4335 et
955 4255 1152 4337 Galterunr
1161 4257 1378 4365 Anglioum,
1394 4256 1653 4365 pelliparium,
1665 4285 1710 4334 ex
1722 4255 1855 4345 altera,
1869 4284 2039 4364 supereo

617 4386 722 4491 quod
742 4384 865 4465 dictus
884 4386 1073 4467 tubanus
1087 4388 1350 4469 vendicionem
1367 4388 1564 4496 cujusdam
1579 4387 1718 4468 domus
1728 4386 1863 4468 faotam
1878 4416 1946 4494 per
1961 4418 2041 4495 pre-

617 4514 784 4621 positum
805 4516 1050 4597 Pariaiensem
1071 4518 1173 4599 dicto
1193 4518 1365 4609 Galtero,
1394 4521 1443 4601 de
1464 4519 1641 4597 mandato
1657 4519 1922 4627 magistrorum
1943 4546 2041 4599 nun·

618 4645 791 4725 dinarum
808 4647 1032 4755 Campania,
1051 4650 1200 4729 racione
1216 4651 1413 4759 cujusdam
1429 4678 1580 4729 summe
1597 4650 1759 4758 pecunie
1775 4650 1815 4727 in
1828 4678 1902 4758 qua
1917 4650 2040 4728 dictus

618 4774 808 4855 Anhertns
821 4795 900 4857 erat
915 4778 1101 4887 obligatus
1114 4779 1343 4887 quibusdam
1364 4781 1638 4861 mercatoribus
1655 4808 1724 4889 per
1742 4780 1885 4861 litteras
1901 4779 2041 4859 nun'di-

521 4952 528 4965 ·
619 4933 752 4985 narum
772 4906 995 5016 Campania,
1016 4911 1167 5017 petebat
1188 4912 1377 4991 retractari
1400 4929 1438 4992 et
1457 4910 1603 4991 nnllam
1620 4912 1876 5020 pronunciari,
1898 4930 1937 4989 et
1959 4938 2041 5018 pos

618 5038 824 5117 sessionem
842 5039 1018 5148 ejusdem
1037 5041 1109 5119 sihi
1124 5043 1239 5134 tradi,
1260 5072 1329 5151 pro
1350 5044 1521 5153 eoquod
1541 5044 1641 5123 dicta
1659 5043 1851 5134 vendicio,
1870 5059 2040 5149 ternpore

619 5194 697 5273 qno
711 5170 789 5275 ipse
802 5169 991 5251 Aubertus
1004 5158 1133 5251 eratin
1144 5174 1308 5253 exercitu
1324 5174 1561 5265 Flnndransi,
1581 5174 1676 5255 lama
1687 5173 1811 5254 luerat
1825 5190 1954 5253 contra
1965 5199 2043 5280 gra·

620 5298 715 5377 ciam
734 5299 860 5379 sibiet
875 5301 958 5383 aliis
977 5303 1015 5380 in
1035 5304 1138 5384 dicto
1158 5304 1323 5387 exercitu
1339 5305 1585 5387 existentibus
1602 5304 1755 5394 factam,
1773 5305 1875 5386 dieto
1890 5304 2041 5385 Galtero

621 5429 850 5509 contrarium
877 5452 1081 5529 amarante,
1103 5452 1141 5513 et
1160 5435 1310 5518 dicente
1331 5436 1468 5519 dictam
1488 5436 1752 5517 vendicionem
1772 5434 1906 5513 laetam
1929 5431 2042 5509 luisse

1863 5598 1911 5658 50.
