5817 7292
1002 1075 1269 1186 annutans
1295 1096 1359 1167 nr
1385 1074 1587 1169 esoces.
1931 1098 2004 1169 535

638 1234 796 1316 Veneris
814 1251 900 1341 post
919 1234 1030 1319 Oculi
1050 1235 1138 1317 mei.

639 1365 764 1444 Droco
785 1365 833 1443 de
849 1366 1009 1444 Caritate
1029 1364 1245 1473 reportavit,

640 1626 799 1705 XXXIV.
828 1626 1068 1733 Pedagiarius
1082 1642 1211 1704 noster
1223 1626 1271 1703 de
1288 1627 1450 1715 Perons,
1465 1624 1750 1733 conquerendo,
1769 1623 1881 1702 nobis
1895 1627 2010 1732 signi-

585 1756 707 1845 ficavit
721 1756 827 1864 quod
841 1758 972 1851 Petms
987 1758 1036 1840 de
1051 1760 1212 1845 Naoura,
1230 1756 1317 1836 civis
1333 1755 1612 1848 Ambianensis,
1633 1773 1671 1833 ot
1684 1756 1840 1863 quidam
1853 1755 1915 1835 alii
1930 1784 2009 1835 ser-

584 1888 741 1981 vientes,
768 1916 836 1994 per
858 1888 1092 1995 pedagiarios
1115 1888 1162 1970 de
1180 1888 1367 1996 bapalmis
1386 1888 1555 1995 deputati
1578 1888 1627 1965 ad
1646 1887 1872 1995 capiendum
1893 1906 1931 1965 et
1950 1917 2009 1967 ar-

584 2018 799 2102 rescandum
816 2035 1059 2109 mercaturas,
1079 2048 1149 2126 per
1164 2020 1239 2099 vius
1253 2020 1472 2109 indirectas,
1488 2020 1537 2108 de
1552 2020 1726 2100 Flandria
1739 2019 1951 2111 venientes,
1968 2022 2007 2099 in

584 2147 806 2251 dampnum,
827 2148 999 2233 fraudem
1024 2167 1062 2233 at
1080 2150 1335 2257 prejudicium
1357 2150 1474 2229 nostri
1502 2167 1541 2229 et
1558 2150 1762 2259 pedagiarii
1785 2149 1961 2256 predicti,
1987 2182 2007 2232 a

583 2278 870 2370 mercatoribus,
890 2280 943 2365 sie
961 2308 1029 2387 per
1048 2298 1167 2363 metas
1189 2280 1279 2362 dicti
1298 2281 1447 2391 pedagii
1475 2282 1524 2372 de
1541 2283 1686 2367 Paeona
1709 2281 1892 2362 indirecte
1907 2299 2007 2366 trau·

583 2408 794 2499 seuntibus,
814 2410 1009 2497 Archiacis
1030 2430 1147 2497 certes
1160 2412 1390 2519 recipiebant
1408 2413 1570 2518 pecunie
1587 2442 1770 2504 summas,
1794 2431 1832 2491 et
1849 2443 1918 2519 per
1936 2413 2009 2491 flu-

582 2540 684 2625 vium
702 2540 859 2647 Signum
872 2542 976 2647 quud
993 2543 1097 2622 idem
1111 2545 1245 2624 Petrus
1260 2542 1391 2631 secisse
1405 2542 1612 2633 dicebatur,
1629 2544 1749 2621 dictos
1762 2561 2005 2637 mercatores,

584 2669 724 2775 absque
739 2670 930 2755 solucione
949 2671 1038 2757 dicti
1056 2673 1204 2778 pedagii
1226 2674 1274 2752 de
1291 2675 1449 2761 Persas,
1471 2702 1560 2749 cum
1573 2673 1650 2751 suis
1667 2674 1903 2765 mercaturis,
1918 2674 2008 2751 licet

584 2799 693 2883 nobis
707 2800 899 2880 confiscari
915 2802 1114 2892 deberent,
1131 2804 1235 2881 abire
1251 2802 1491 2907 permittebat
1504 2820 1541 2879 et
1557 2804 1714 2893 transire
1726 2820 1846 2895 metas
1858 2803 2006 2910 pedagii

583 2927 797 3033 supradicti.
813 2928 888 3010 Nos
899 2957 987 3007 vero
998 2958 1112 3034 super
1123 2932 1315 3033 premissis
1328 2932 1498 3019 solentes
1513 2933 1595 3023 lieri
1614 2933 1808 3019 cerciores,
1824 2933 2008 3012 certissu-

585 3057 770 3143 ditoribus
794 3056 1051 3143 commisimus
1070 3074 1109 3133 st
1134 3058 1394 3145 mendavimus
1413 3057 1608 3161 quatinus,
1630 3060 1768 3142 vocatis
1792 3061 2005 3155 evocandis,

584 3214 696 3293 super
707 3187 896 3294 premissis
912 3186 1088 3271 omnibus
1103 3202 1141 3263 et
1160 3186 1333 3292 singulis,
1352 3214 1440 3263 cum
1457 3185 1673 3292 diligencia,
1694 3188 1929 3293 inquirerent
1946 3223 2007 3272 re-

582 3318 747 3408 ritatem,
766 3335 804 3395 et
820 3317 926 3424 quod
943 3320 1153 3425 inquestam
1169 3343 1239 3422 per
1250 3316 1352 3420 ipsos
1364 3344 1478 3422 super
1491 3317 1683 3422 premissis
1702 3315 1943 3411 iactam,'sub
1958 3322 2006 3403 si-

582 3448 681 3555 gillis
702 3450 795 3538 suis,
820 3448 930 3533 nobis
949 3449 1186 3528 remitterent
1204 3446 1370 3529 fideliter
1391 3446 1650 3539 interclusam,
1673 3464 1712 3525 et
1735 3447 1841 3554 quod
1860 3450 2006 3534 dictum

582 3578 736 3658 Petrum
758 3594 796 3657 et
814 3578 907 3658 alios
925 3606 1023 3686 quos
1042 3579 1140 3655 dicte
1162 3595 1333 3689 tangeret
1357 3578 1529 3683 inquesta
1551 3577 1600 3655 ad
1623 3560 1726 3655 diem
1743 3576 2006 3663 Ambianensis

583 3706 731 3786 ballivis
748 3709 865 3788 nostri
884 3708 1044 3813 proximi
1059 3708 1282 3813 parlamenti
1299 3709 1558 3814 adjcruarent,
1572 3706 1718 3785 visuros
1733 3708 1940 3810 predictam
1955 3713 2006 3805 in·

585 3853 755 3941 questam
780 3836 961 3943 judicarit
982 3836 1132 3918 Auditis
1159 3839 1276 3944 igitur
1301 3866 1414 3944 super
1439 3833 1514 3913 boc
1541 3834 1650 3916 dictis
1672 3835 1841 3940 partibus
1870 3855 1909 3915 et
1931 3842 2007 3919 visa

585 3965 757 4071 inquesta
768 3992 883 4071 super
897 3967 1103 4073 premissis,
1119 3967 1166 4053 de
1182 3967 1361 4055 mundato
1370 3982 1514 4057 nostro,
1524 3962 1634 4058 tura,
1647 3964 1735 4070 quia
1746 3985 1938 4073 repertum
1951 3991 2007 4049 est

585 4093 728 4173 dictum
748 4096 921 4189 Petrum,
942 4114 1020 4177 tam
1034 4126 1103 4203 per
1126 4098 1209 4205 ejus
1222 4096 1498 4177 confessionem
1522 4122 1637 4202 quam
1656 4094 1747 4189 alias
1764 4095 1968 4205 legittime,
1985 4132 2006 4193 i

583 4226 707 4315 tribus
724 4228 832 4307 annis
851 4228 942 4310 citra
961 4227 1195 4335 etamplius,
1216 4228 1256 4307 in
1275 4246 1400 4307 nostra
1418 4227 1507 4306 villa
1524 4224 1782 4321 ambianensi,
1804 4229 2005 4338 pedagium

586 4354 632 4434 de
646 4358 833 4463 Bapslmis
851 4359 1053 4467 recepisse,
1077 4386 1224 4447 necnon
1248 4360 1451 4446 Martinam
1471 4359 1616 4441 dictum
1636 4359 1808 4467 Piquete,
1830 4361 2005 4469 pedagia-

584 4488 686 4568 rium
704 4488 752 4568 de
769 4490 973 4597 bapalmis,
989 4490 1093 4569 dicto
1107 4491 1217 4569 Petro
1230 4519 1345 4598 snper
1359 4491 1433 4569 hoc
1448 4508 1670 4599 potestatem
1688 4506 1726 4569 et
1744 4493 2004 4587 auctoritatem

585 4618 745 4711 dedisse,
761 4638 800 4699 et
812 4622 938 4733 ipsum
950 4622 991 4699 in
1010 4622 1084 4702 hoc
1098 4651 1291 4713 arouasse,
1307 4650 1375 4731 per
1387 4624 1489 4704 curie
1500 4641 1626 4704 nostre
1638 4620 1842 4731 judicium,
1860 4623 2004 4719 dictum

584 4747 656 4833 suit
679 4752 783 4859 quod
801 4753 961 4861 predicti
982 4754 1115 4835 Petrus
1133 4771 1172 4833 et
1190 4755 1371 4838 Martinus
1391 4771 1430 4836 ot
1449 4782 1583 4843 eorum
1608 4754 1769 4861 quilibet
1788 4752 1913 4845 nobis,
1937 4784 2005 4862 pro

585 4882 761 4974 emenda,
779 4884 973 4967 occasione
986 4885 1268 4991 premissorum,
1284 4886 1474 4993 seasgum
1491 4885 1605 4967 libras
1617 4885 1844 4975 Parisienses
1861 4886 2005 4991 persol-

585 5028 682 5104 vent,
705 5028 743 5093 et
756 5015 862 5121 quod
876 5015 1039 5129 dampna
1056 5034 1094 5099 et
1108 5016 1303 5125 deperdita
1318 5046 1395 5125 que
1407 5045 1481 5101 nos
1495 5032 1534 5095 st
1552 5016 1786 5125 pedagiarius
1800 5016 1848 5107 de
1863 5017 2005 5100 Per-oua

585 5142 791 5244 prediatus,
812 5176 834 5226 a
857 5146 958 5229 dicto
978 5166 1149 5256 tempore
1174 5149 1281 5239 citra,
1307 5148 1499 5235 occuitus
1518 5149 1804 5255 premissorum,
1825 5148 2007 5243 sustinui·

586 5300 671 5355 mus
691 5292 729 5355 et
747 5277 966 5372 babuimus,
992 5280 1153 5363 reddens
1173 5281 1283 5362 nobis
1307 5296 1346 5363 et
1364 5280 1465 5367 dicto
1483 5280 1699 5389 pedagiaria
1719 5282 1768 5359 de
1786 5279 1931 5357 Perona
1949 5295 2006 5357 te·

587 5403 789 5500 nabumur,
816 5426 870 5499 et,
891 5440 961 5516 per
983 5414 1086 5493 idem
1102 5412 1310 5522 judicium,
1336 5412 1482 5496 dictum
1506 5411 1579 5492 suit
1602 5410 1707 5517 quod
1731 5408 1931 5516 pedagium
1956 5407 2006 5485 de

2041 1253 2170 1307 Passim
2184 1252 2226 1315 lv.

2102 1349 2166 1393 tato.
