5817 7292
1064 1130 1333 1242 avendum
1359 1150 1424 1223 nr
1450 1134 1658 1226 raeces.
2000 1154 2071 1230 vac

647 1286 835 1380 annualis,
853 1316 927 1395 que
945 1287 1093 1371 fuerant
1108 1292 1285 1371 Bertaudi
1305 1290 1449 1371 Arrodc
1468 1292 1688 1401 supradicti,
1706 1309 1878 1399 tempore
1896 1320 1974 1401 quo
1992 1293 2082 1401 ipse*
2110 1304 2240 1366 Parrum
2255 1311 2297 1373 tt.

647 1420 831 1501 contraxit
854 1422 1140 1502 matrimonium
1170 1453 1257 1501 cum
1280 1424 1479 1533 Margarita
1501 1423 1686 1531 predicta,
1711 1438 1750 1499 et
1771 1424 1954 1530 arreragia
1981 1424 2072 1503 dicti
2174 1402 2236 1446 ¹⁸⁰²

634 1552 822 1631 redditus
835 1554 883 1631 de
898 1582 1034 1632 novem
1050 1554 1159 1635 annis
1172 1556 1372 1633 novissime
1384 1554 1576 1662 preteritis
1588 1554 1648 1631 vel
1660 1554 1775 1643 circa,
1791 1553 1893 1630 idem
1911 1558 2075 1663 preposi-

647 1700 707 1761 tus
724 1712 792 1790 per
805 1714 917 1763 suum
926 1685 1116 1792 judicium
1129 1686 1344 1794 predictum
1357 1686 1571 1779 Nicolaum,
1588 1712 1666 1793 quo
1679 1712 1791 1791 supra
1801 1685 1974 1779 nomine,
1989 1716 2074 1765 con·

648 1816 863 1893 damnasset
886 1816 934 1894 ad
961 1818 1204 1895 reddendum
1229 1818 1329 1896 dicte
1355 1819 1574 1926 Margarite,
1596 1816 1782 1925 quamdiu
1808 1817 1888 1922 ipsa
1912 1817 2071 1912 viveret,

645 1947 833 2055 sexaginta
850 1964 888 2024 et
902 1948 1120 2054 quindecim
1135 1948 1278 2029 solidos
1293 1949 1522 2027 Parisienses
1536 1947 1751 2037 annuatim,
1768 1948 1919 2024 racione
1934 1949 1991 2025 sui
2007 1950 2076 2027 do-

645 2077 779 2167 talicii,
800 2106 869 2185 pro
890 2078 1092 2158 medietate
1112 2080 1285 2158 redditus
1308 2079 1534 2186 supradicti,
1556 2106 1668 2186 supra
1688 2080 1845 2156 demum
1865 2079 2073 2185 predictam

644 2206 789 2297 situati,
812 2226 850 2285 et
869 2209 996 2287 omnia
1016 2211 1200 2318 arreragia
1220 2210 1310 2287 dicti
1332 2208 1519 2301 dotalicii,
1540 2240 1562 2287 a
1580 2226 1753 2317 tempore
1772 2209 1849 2287 litis
1867 2226 2074 2289 contestate

643 2366 759 2445 super
775 2339 848 2417 hoc
866 2339 966 2419 inter
984 2340 1101 2419 dictas
1120 2358 1244 2447 partes
1266 2368 1392 2419 coram
1409 2333 1604 2449 preposito
1619 2340 1855 2448 supradict03
1875 2340 2073 2450 dictusque

643 2467 833 2563 Nicolaus,
854 2471 1009 2549 nomine
1030 2500 1108 2580 quo
1123 2500 1253 2578 supra,
1274 2472 1321 2549 ab
1337 2471 1558 2580 hujusmodi
1572 2470 1742 2579 judicato
1757 2488 1886 2549 contra
1903 2500 1944 2549 se
1958 2470 2070 2564 facto,

643 2617 824 2707 tanquam
838 2629 858 2677 a
872 2598 965 2679 falso
984 2618 1023 2678 et
1034 2629 1165 2708 pravo,
1182 2600 1230 2678 ad
1245 2630 1315 2680 nos
1328 2602 1571 2711 appellasset:
1588 2601 1777 2693 Tandem,
1794 2602 1833 2677 in
1849 2628 1958 2677 causa
1974 2602 2073 2680 dicte

643 2729 927 2835 appellacionis,
948 2730 1127 2837 predictis
1145 2730 1315 2839 partibus
1334 2734 1375 2809 in
1394 2750 1522 2809 nostra
1540 2731 1644 2807 curia
1663 2730 1890 2819 constitutis,
1911 2730 2072 2838 visisque

638 2860 828 2967 judicato,
846 2861 1084 2967 processibus
1100 2879 1138 2938 et
1152 2861 1288 2939 litteris
1301 2862 1473 2968 parcium
1489 2861 1727 2949 earumdem,
1744 2888 1813 2968 per
1826 2861 1930 2937 curie
1944 2877 2072 2939 nostre

638 2991 848 3099 judicium,
867 2991 1010 3068 dictum
1028 2990 1102 3068 fuit
1115 3008 1154 3069 et
1170 2992 1464 3098 pronunciatum
1484 2990 1628 3069 dictum
1645 2990 1883 3098 prepositum
1898 2992 1998 3068 bene
2009 2993 2073 3100 ju-

643 3122 803 3213 dicasse,
820 3139 859 3200 et
873 3123 1088 3228 predictum
1103 3123 1299 3200 Nicolaum
1317 3123 1416 3201 male
1433 3118 1652 3229 appellasse.
1669 3123 1712 3198 ln
1728 3122 1853 3229 cujus,
1873 3139 1943 3199 etc.

699 3252 852 3331 Sabbati
872 3270 958 3359 post
977 3252 1261 3343 Assensienem,
1283 3281 1383 3331 anne
1406 3252 1672 3331 trecentesimo
1692 3270 1837 3360 quarto.

696 3384 906 3463 Emendam
927 3384 1072 3463 remisit
1097 3384 1200 3461 curia
1222 3383 1322 3462 dicto
1342 3384 1512 3473 Nicolno,
1539 3383 1691 3462 racione
1716 3385 1972 3490 predictorum
2000 3388 2069 3463 mi·

641 3543 791 3595 norum.

697 3782 805 3859 XXII.
836 3781 934 3861 Cum
958 3781 1058 3861 inter
1081 3780 1362 3891 Raymundam,
1387 3780 1558 3861 relictam
1582 3782 1776 3890 quondam
1802 3782 1968 3889 magistri
1989 3784 2072 3861 Ste-

640 3912 756 4018 phani
775 3912 946 4006 Gonelli‚
968 3914 1112 4007 clerici,
1129 3931 1206 3991 tam
1227 3941 1296 4021 pro
1317 3942 1357 3993 se
1376 3942 1492 4021 quam
1512 3940 1581 4020 pre
1603 3913 1735 3991 liberis
1752 3914 1847 4000 suis,
1873 3930 1911 3990 et
1932 3942 2072 4020 procu-

641 4060 803 4119 ratorem
819 4060 990 4121 nostrum
1004 4044 1221 4123 senescallie
1235 4043 1565 4153 Petregoricensis,
1581 4070 1651 4149 pro
1666 4044 1796 4133 nobis,
1809 4072 1936 4120 exuna
1946 4060 2068 4151 parte,

642 4190 680 4251 et
698 4171 873 4252 consules
894 4175 1109 4283 Moyssiaci,
1131 4193 1300 4283 exparte
1321 4174 1453 4265 altera,
1480 4191 1585 4251 mota
1609 4190 1707 4251 esset
1729 4174 1883 4250 materia
1903 4175 2072 4280 questio-

642 4305 700 4382 nis
727 4332 841 4409 super
861 4332 906 4381 eo
923 4306 1029 4411 quod
1044 4306 1203 4413 predicti
1218 4306 1439 4414 Raymunda
1461 4321 1499 4381 et
1518 4322 1743 4411 procurator
1758 4321 1898 4397 noster,
1915 4306 2069 4383 nomine

641 4462 718 4543 quo
748 4462 876 4540 supra,
906 4454 1188 4542 proposuerunt
1211 4436 1317 4544 quod
1340 4464 1409 4545 per
1433 4435 1554 4513 dictos
1578 4436 1768 4529 consules,
1797 4452 1836 4514 et
1859 4436 2071 4544 specialiter

641 4594 708 4673 per
735 4565 983 4645 Guillelmum
1010 4567 1240 4677 Raymundi,
1268 4566 1505 4661 scutiferum,
1532 4567 1767 4645 bernardum
1794 4566 1968 4657 Galterii,
1994 4567 2070 4647 Ge-

640 4698 794 4777 rardum
813 4699 1034 4788 Textorem,
1055 4700 1292 4777 Bernardum
1311 4699 1494 4777 lobannis
1513 4699 1562 4775 de
1581 4698 1778 4810 Magistro,
1800 4698 2008 4788 seniorem,
2033 4717 2070 4776 et

639 4829 875 4907 Bemardum
902 4830 1083 4938 Astorgii,
1112 4828 1287 4909 consules
1312 4830 1525 4938 Meyssiaci,
1552 4848 1592 4907 et
1613 4830 1663 4907 ad
1687 4858 1822 4909 eorum
1848 4828 2068 4909 instanciam

640 4990 707 5039 seu
735 4961 972 5049 mandatum,
1002 4961 1195 5039 occasione
1226 4962 1417 5039 talliarum
1448 4961 1567 5069 ipsius
1594 4962 1890 5049 communitatis,
1919 4976 2071 5067 etpost

640 5093 936 5201 appellacionem
956 5094 1005 5171 ad
1022 5121 1092 5172 nos
1105 5123 1174 5201 per
1191 5094 1336 5172 dictum
1353 5094 1607 5201 Stephanum,
1626 5093 1719 5172 dum
1733 5092 1896 5183 vivebat,
1919 5108 1963 5169 ut
1978 5091 2070 5169 dici·

638 5242 714 5319 tur,
741 5225 993 5333 interjectam,
1021 5225 1091 5333 ipsi
1120 5226 1330 5333 Stephane,
1357 5226 1580 5333 Raymunde
1604 5243 1643 5303 et
1668 5254 1736 5304 sue
1762 5225 1921 5315 familie,
1947 5221 2067 5337 multe

640 5356 793 5463 injurie,
811 5356 1014 5464 ejectiones
1031 5374 1069 5435 et
1086 5354 1287 5446 violencie,
1309 5357 1348 5433 in
1359 5358 1532 5463 personis
1548 5383 1700 5445 eorum,
1718 5374 1756 5435 et
1770 5356 1892 5434 multa
1905 5355 2068 5457 dampna

641 5485 679 5559 in
698 5487 812 5565 rebus
839 5505 878 5564 et
902 5488 1013 5565 bonis
1037 5489 1279 5579 eorumdem,
1306 5504 1383 5565 tam
1411 5488 1619 5567 mobilibus
1643 5516 1757 5595 quam
1785 5482 2065 5576 immobilibus,

726 5661 780 5703 aas
801 5662 882 5703 otiu.
908 5663 953 5703 ut.
1903 5662 1938 5720 ¹7
