5817 7292
875 1140 950 1211 238
1058 1165 1065 1176 ·
1448 1136 1539 1207 Lus
1576 1134 1717 1208 OLIM.

653 1289 840 1353 autumn,
876 1277 1160 1386 musinburgo
1181 1275 1528 1367 trudonensium,
1555 1305 1574 1352 a
1600 1275 1710 1352 dictis
1733 1275 1874 1382 majore
1900 1293 1939 1354 et
1958 1276 2095 1383 juratis
2114 1281 2289 1386 receptis,

712 1382 776 1424 Μ’
876 1437 988 1515 super
1006 1409 1081 1487 hoc
1104 1407 1291 1484 mandavit
1311 1405 1489 1483 dominus
1504 1407 1576 1481 Rex
1595 1407 1734 1512 inquiri
1754 1405 1968 1486 veritatem:
1986 1408 2159 1514 lnqucata
2180 1410 2291 1518 igitur

874 1568 988 1645 super
1006 1540 1079 1617 hoc
1097 1539 1190 1615 lacta
1209 1567 1277 1643 per
1295 1538 1436 1612 curiam
1455 1553 1620 1612 nostram
1643 1534 1732 1624 visa,
1755 1555 1909 1642 propter
1929 1537 2095 1618 delectus
2115 1540 2154 1616 iu
2177 1569 2219 1618 ee
2238 1569 2291 1617 re·

871 1685 1012 1775 pertos,
1028 1697 1096 1744 nec
1110 1666 1182 1742 fuit
1194 1665 1240 1740 ad
1260 1665 1332 1740 hoc
1344 1664 1479 1769 aliquis
1490 1693 1561 1768 pro
1576 1664 1673 1740 dicta
1684 1665 1768 1740 villa
1786 1683 1951 1756 vocatus,
1969 1695 2037 1772 per
2050 1668 2150 1746 curie
2164 1687 2288 1747 nostre

865 1799 1069 1907 judicium.
1092 1796 1165 1873 fuit
1188 1793 1368 1882 anullata,
1388 1811 1426 1869 et
1444 1793 1683 1872 mandabitur
1703 1794 1838 1874 ballivo
1854 1796 2143 1876 Viromandenai
2166 1801 2286 1905 quod,

868 1931 898 2006 ai
913 1928 1002 2006 dicti
1015 1927 1193 2035 conjuges
1210 1955 1327 2032 super
1340 1924 1413 2001 hoc
1426 1922 1569 2029 aliquid
1588 1941 1715 2029 patere
1732 1927 1932 2016 voluerint,
1950 1930 2086 2006 vocatis
2099 1929 2284 2035 partibus,

867 2089 980 2165 arrper
1002 2059 1077 2135 hoc
1095 2058 1269 2134 exhibeat
1288 2053 1421 2134 celeris
1435 2054 1587 2161 justicie
1609 2055 1942 2161 complementum.

922 2186 1272 2293 Sabbatiprcdicta.
1377 2214 1382 2226 “
1494 2243 1496 2258 .

921 2319 1046 2398 Monoi
1066 2317 1279 2426 reportavit.

921 2451 1000 2526 Non
1021 2448 1137 2526 habui
1159 2449 1381 2553 inqucatam.

918 2713 995 2787 XX.
1025 2711 1150 2816 Super
1168 2737 1213 2786 eo
1234 2708 1337 2816 quod
1358 2709 1526 2786 Thomas
1545 2711 1702 2787 Soreiau
1723 2713 1769 2788 de
1792 2741 1942 2790 summa
1958 2714 2061 2790 mille
2083 2732 2121 2792 et
2140 2715 2281 2792 ducen-

860 2859 981 2918 tarum
1002 2841 1200 2930 librarum,
1218 2868 1287 2946 pro
1304 2841 1432 2946 precio
1450 2841 1755 2949 octingentorum
1773 2872 1973 2948 porcorum
1993 2845 2198 2922 alchanne
2214 2845 2281 2922 Pe·

859 2971 938 3048 laut
955 2971 1212 3059 venditorum,
1227 2998 1249 3047 a
1267 2970 1369 3048 dieto
1384 2972 1554 3050 iohanne
1575 2997 1682 3050 suam
1697 2973 1866 3052 debitam
1882 2976 2119 3081 porcionem,
2130 2975 2279 3054 racione

859 3101 1043 3179 societatis
1058 3118 1284 3188 mercatore,
1298 3100 1450 3205 petebat
1463 3129 1587 3178 coram
1600 3101 1738 3180 ballivo
1750 3105 1980 3194 Senonenai,
1999 3105 2099 3182 dicto
2111 3106 2279 3184 Johanae

856 3247 1091 3336 proponente
1102 3230 1223 3335 quod,
1237 3257 1306 3334 per
1318 3245 1538 3335 compotum
1554 3248 1653 3308 carta
1668 3232 1730 3309 die
1743 3231 1881 3311 facturn
1899 3261 2012 3338 super
2024 3234 2096 3310 hoc
2115 3233 2215 3310 inter
2229 3235 2280 3340 ip

856 3389 934 3448 sos,
948 3362 1069 3438 dictus
1079 3360 1247 3437 Thomas
1256 3377 1430 3438 tenuerat
1442 3388 1482 3438 ac
1498 3389 1610 3468 super
1624 3363 1695 3439 hoc
1704 3391 1773 3467 pro
1787 3380 1936 3470 pagato,
1949 3364 2118 3468 predicto
2130 3365 2277 3440 Thema

857 3488 1001 3566 dictum
1021 3507 1238 3596 compotum
1255 3507 1431 3599 negante,
1448 3506 1487 3567 ct
1503 3492 1704 3597 replicante
1720 3491 1824 3596 qarod
1838 3491 1902 3566 illa
1924 3491 1985 3566 die
2006 3519 2079 3595 qua
2097 3492 2275 3596 proponi-

854 3638 918 3696 tur
937 3619 1077 3697 dictum
1104 3639 1323 3728 compotum
1344 3620 1460 3698 fuisse
1480 3621 1637 3709 facturn,
1658 3617 1782 3725 et'per
1802 3647 1923 3696 unum
1942 3648 2111 3698 mensem
2132 3637 2216 3696 aute
2237 3638 2275 3697 et

853 3751 972 3828 alium
990 3779 1157 3828 mensem
1178 3770 1279 3858 poet,
1297 3754 1479 3832 continue
1499 3754 1577 3858 ipae
1597 3751 1720 3828 luerat
1739 3751 1874 3828 absens
1892 3782 1914 3829 a
1933 3750 2068 3858 patria,
2084 3779 2152 3857 per
2169 3769 2274 3848 cct07

851 3882 952 3988 ginta
972 3881 1096 3960 leucas
1121 3898 1159 3959 et
1182 3882 1294 3972 ultra,
1324 3901 1362 3959 et
1384 3882 1488 3989 qood
1512 3881 1610 3957 benc
1634 3908 1704 3985 per
1727 3908 1869 3956 annum
1892 3906 2012 3958 unum
2033 3897 2120 3986 post
2138 3881 2275 3958 dictam

851 4013 955 4090 diem
970 4014 1070 4090 inter
1083 4041 1149 4091 eos
1161 4014 1280 4090 extitit
1292 4013 1562 4089 concordatum
1580 4011 1686 4116 quod
1697 4019 1811 4117 euper'
1824 4011 1896 4087 hoc
1908 4011 2032 4088 bonus
2051 4009 2160 4088 lieret
2173 4038 2274 4088 corn-

849 4159 961 4247 potus
974 4144 1201 4249 interipsos;
1215 4142 1315 4219 dicto
1325 4141 1495 4219 Johanue
1510 4141 1745 4226 econtrario,
1763 4139 1936 4245 pluribus
1945 4140 2175 4230 racionibus,
2188 4169 2274 4246 pro·

848 4292 1013 4377 ponente
1031 4273 1198 4351 eundem
1214 4273 1402 4350 Thomam
1420 4301 1500 4350 uon
1518 4271 1660 4348 debere
1676 4297 1788 4376 super
1805 4270 1880 4348 hac
1897 4270 2037 4362 audiri;
2059 4271 2179 4348 dictus
2192 4271 2271 4348 bal·

848 4402 944 4479 livua
964 4404 1164 4508 judicavit,
1193 4431 1270 4481 uon
1294 4403 1533 4481 obstantibus
1552 4400 1754 4509 propositio
1777 4419 1942 4507 exparte
1964 4401 2053 4478 dicti
2073 4401 2267 4490 Johaunie,

847 4532 1061 4636 predictum
1080 4534 1268 4611 Thomam
1283 4536 1331 4611 ad
1350 4534 1463 4611 illum
1483 4533 1600 4610 finem
1619 4534 1666 4610 ad
1686 4561 1804 4640 quam
1818 4531 2042 4610 intendebat
2059 4559 2138 4610 esse
2159 4559 2270 4637 super

846 4663 1024 4768 predictis
1033 4663 1111 4740 suis
1124 4664 1336 4740 racionibus
1349 4664 1643 4752 admittendum
1656 4692 1676 4738 a
1689 4691 1766 4770 quo
1775 4663 1961 4770 judicato,
1974 4681 2165 4769 tamquam
2176 4660 2267 4737 falco

846 4811 883 4868 et
896 4822 1007 4897 pravo
1019 4853 1027 4880 ‚
1038 4793 1169 4877 dictus
1181 4794 1372 4870 lohannes
1385 4794 1432 4870 ad
1446 4822 1515 4871 nos
1530 4793 1751 4900 appellavit:
1766 4793 1914 4871 Auditis
1929 4794 2042 4901 igitur
2057 4790 2166 4870 dictis
2185 4819 2267 4898 par-

844 4921 945 4998 tibus
962 4925 1002 4999 in
1016 4952 1124 5000 causa
1140 4923 1407 5030 appellacionis
1422 4925 1605 5032 predicte,
1619 4942 1657 5002 et
1670 4924 1756 5000 visis
1769 4924 1937 5032 judicato
1950 4941 2171 5030 etprocaoen
2183 4947 2268 5028 pre-

844 5052 969 5142 dictis,
985 5083 1052 5160 per
1062 5056 1165 5131 curie
1178 5071 1304 5132 nostre
1310 5055 1516 5161 judicium,
1533 5056 1675 5132 dictum
1685 5054 1758 5132 fuit
1773 5071 1810 5130 et
1822 5055 2112 5161 pronunciatum
2123 5052 2265 5129 dictum

841 5183 1019 5260 ballivum
1038 5184 1136 5260 hene
1151 5183 1355 5290 judicasse,
1374 5203 1413 5263 et
1425 5185 1638 5291 predictum
1652 5185 1863 5262 Jobannem
1879 5183 1975 5261 male
1992 5175 2212 5290 appellasse,
2228 5195 2265 5255 et

841 5314 945 5420 quod
964 5314 1042 5420 ipse
1062 5315 1135 5392 hoc
1153 5313 1380 5391 emendabit.

898 5443 1049 5522 Sabbati
1070 5443 1247 5550 predicta.
