5817 7292
985 1098 1254 1209 unoutrns
1280 1116 1343 1189 ur
1370 1100 1578 1195 raocns.
1917 1116 1989 1193 aar

573 1260 657 1339 talis
672 1277 748 1338 est:
766 1258 891 1338 Pierre
908 1242 1023 1339 Nadal
1041 1259 1221 1350 consessa,
1246 1288 1302 1337 en.
1313 1258 1348 1337 la
1368 1285 1545 1367 presence
1561 1258 1639 1335 dou
1658 1276 1808 1366 prevost
1824 1260 1872 1338 de
1891 1262 1994 1341 Paris
2031 1270 2161 1327 murm
2173 1274 2216 1337 tv,

573 1408 612 1469 et
631 1388 751 1469 Raoul
779 1390 826 1467 de
852 1392 1030 1482 Pereaus,
1053 1392 1150 1468 clerc
1174 1406 1300 1469 nostre
1324 1390 1501 1499 seigneur
1523 1390 1559 1467 le
1583 1390 1679 1497 Roy,
1705 1416 1866 1497 envoyez
1884 1392 1933 1469 de
1958 1392 1993 1470 la
2091 1364 2155 1408 Μ’

574 1538 682 1599 court
696 1521 732 1598 lc
750 1521 979 1602 neufviesme
991 1522 1083 1631 jour
1107 1522 1153 1598 de
1168 1550 1283 1612 mars,
1304 1520 1374 1598 l’an
1393 1520 1486 1598 trois
1508 1547 1597 1597 cens
1611 1546 1726 1611 unze,
1755 1548 1831 1627 que
1848 1519 1878 1597 il
1897 1523 1994 1599 avoit

572 1651 650 1758 pris
674 1649 740 1728 des
766 1650 876 1730 biens
895 1654 1049 1729 bernart
1070 1650 1116 1728 de
1139 1652 1178 1761 la
1194 1652 1354 1742 Deveze,
1383 1650 1479 1729 dont
1500 1650 1529 1726 il
1554 1649 1653 1727 auoit
1675 1648 1742 1726 tait
1765 1649 1992 1744 inventoire,

573 1782 660 1888 cinq
680 1782 810 1889 draps,
827 1782 924 1860 trois
945 1780 1108 1889 d’Ippre,
1136 1781 1229 1860 c’est-
1242 1782 1402 1860 assavoir
1420 1782 1513 1859 deuz
1532 1778 1642 1858 bleus
1660 1796 1700 1857 et
1717 1808 1797 1887 ung
1820 1808 1937 1888 ronge
1958 1801 1996 1861 et

573 1941 650 2019 ung
663 1930 744 1991 vert
762 1912 810 1990 de
829 1912 1082 1991 carcassonne
1102 1928 1139 1991 et
1155 1940 1233 2021 nug
1247 1912 1293 1990 de
1308 1916 1469 2021 Bruges,
1482 1910 1642 2017 quel'on
1656 1911 1802 2018 appelle
1814 1909 1945 2003 Pisart,
1963 1914 1994 1990 si
2105 1924 2115 1941 '

450 2060 456 2071 '
572 2056 720 2121 comme
745 2041 773 2121 il
803 2042 914 2132 croit,
944 2043 1118 2151 engagiez
1144 2071 1212 2147 par
1238 2040 1333 2119 ledit
1357 2042 1485 2118 Pierre
1514 2040 1763 2131 a'l’holouse,
1784 2042 1916 2121 chiens
1940 2072 1993 2120 nn

571 2172 686 2250 home
717 2173 812 2250 dont
837 2172 863 2249 il
890 2200 939 2265 ne
964 2190 1022 2250 set
1048 2172 1084 2249 le
1110 2201 1204 2262 nou,
1231 2201 1329 2278 pour
1353 2173 1552 2279 cinquante
1582 2172 1668 2279 cinq
1688 2170 1799 2250 livres
1825 2173 1874 2251 de
1898 2173 1990 2261 sort,

570 2318 608 2379 et
625 2330 645 2378 a
663 2300 725 2379 dix
741 2300 852 2379 livres
871 2272 1033 2379 d’nsirre.
1053 2302 1164 2394 Item,
1187 2301 1300 2380 treize
1317 2329 1416 2381 mars
1437 2299 1603 2408 d’argent
1616 2301 1730 2405 blanc
1750 2331 1798 2380 en
1814 2304 1994 2381 escuelles
2080 2325 2085 2333 ‘

570 2449 607 2509 et
640 2460 688 2509 en
716 2432 877 2538 henaps,
907 2432 1080 2541 engagiez
1108 2432 1244 2511 dondit
1274 2433 1401 2511 Pierre
1438 2432 1569 2509 chieus
1597 2432 1726 2509 Pierre
1760 2432 1797 2509 le
1830 2432 1994 2512 Peletier

459 2566 462 2573 '
570 2560 728 2669 d’Agen,
751 2588 848 2668 pour
868 2580 1049 2668 quarente
1070 2562 1197 2653 livres,
1211 2588 1297 2637 senz
1314 2588 1446 2650 usure3
1466 2577 1505 2638 et
1522 2589 1582 2637 ces
1597 2561 1728 2639 choses
1747 2561 1776 2638 il
1797 2561 1855 2637 dit
1869 2592 1944 2669 qne
1963 2562 1993 2641 il

568 2684 661 2796 prist
679 2707 798 2797 quant
815 2720 885 2769 son
908 2707 1038 2799 argent
1054 2689 1114 2768 fut
1130 2690 1237 2781 taini,
1259 2719 1358 2797 pour
1376 2690 1482 2798 paier
1497 2690 1698 2768 sabellicus
1717 2708 1757 2767 et
1774 2706 1900 2769 autres
1916 2720 1993 2770 ser-

568 2843 661 2926 gena
681 2844 779 2925 pour
798 2818 834 2897 la
848 2820 1047 2928 besoigne;
1068 2848 1136 2928 per
1153 2837 1337 2899 arrestum
1356 2838 1482 2899 nostre
1499 2820 1618 2911 curie,
1639 2820 1763 2899 dictus
1779 2822 1993 2901 bernardus

569 2948 783 3055 apredictis
799 2948 1074 3030 inobedieuciis
1089 2968 1128 3029 et
1145 2951 1323 3029 rescnssis
1341 2950 1432 3044 sibi,
1449 2978 1520 3057 per
1537 2950 1681 3028 dictum
1701 2952 1856 3029 Petrum
1873 2950 1991 3059 impe

567 3076 665 3168 sitis,
687 3076 760 3156 fuit
779 3080 1056 3159 sentencialiter
1075 3080 1285 3173 absolutus,
1311 3098 1350 3158 et
1373 3098 1556 3190 quantum
1576 3080 1624 3157 ad
1646 3080 1719 3158 alia
1736 3109 1805 3190 per
1824 3081 1989 3159 eundem

567 3206 819 3299 Bemardum,
846 3228 974 3288 contra
1002 3211 1146 3315 dictum
1171 3212 1326 3288 Petrum
1354 3210 1563 3319 proposita,
1593 3210 1716 3288 dictus
1741 3212 1888 3302 Petrus,
1921 3236 1991 3318 per

566 3338 668 3417 idem
695 3354 895 3430 arrestum,
927 3340 1225 3447 condempnatus
1245 3340 1318 3418 luit
1336 3342 1383 3418 ad
1409 3341 1799 3447 reddendumeidem
1822 3368 1883 3419 res
1908 3368 1990 3447 pre·

567 3468 686 3548 dictas
708 3470 797 3548 dicti
822 3470 1020 3561 Bernardi,
1046 3500 1138 3579 quas
1161 3471 1241 3578 ipse
1260 3471 1394 3549 Petrus
1408 3469 1607 3549 'confessus
1625 3468 1698 3547 luit
1712 3496 1770 3559 se,
1791 3470 1890 3548 sicut
1905 3498 1991 3577 pre·

565 3600 813 3692 missumst,
834 3600 1027 3693 babuisse,
1047 3600 1106 3678 vel
1127 3622 1256 3677 earum
1275 3600 1459 3691 valorem,
1479 3617 1516 3678 et
1536 3599 1584 3677 ad
1601 3598 1839 3677 reddendum
1864 3599 1989 3678 eidem

567 3725 751 3805 dictarum
771 3756 899 3804 rerum
915 3755 991 3805 non
1008 3727 1297 3805 confessatarum
1313 3744 1352 3804 ct
1363 3728 1589 3816 ablatarum,
1604 3727 1653 3804 de
1666 3728 1805 3833 quibus
1818 3746 1986 3808 constare

565 3856 720 3961 poterit,
741 3856 937 3933 residuum
955 3854 1015 3935 uel
1043 3882 1171 3932 eamm
1200 3854 1380 3948 valorem,
1410 3854 1522 3933 etad
1553 3856 1833 3933 resarciendum
1863 3856 1987 3936 eidem

567 3962 729 4092 dampna
753 4003 875 4064 cetera
894 3985 965 4064 sibi
990 4014 1060 4091 per
1083 3986 1156 4063 hoc
1179 3984 1305 4062 minus
1329 3985 1608 4065 racionabiliter
1629 3986 1748 4080 illata,
1774 3987 1822 4065 de
1846 3987 1987 4095 quibus

567 4116 765 4207 constabit,
782 4146 851 4223 per
859 4116 1067 4225 inquestam
1083 4117 1130 4195 de
1143 4116 1256 4224 plano
1271 4145 1383 4223 super
1396 4118 1485 4208 boc,
1502 4117 1640 4195 vocatis
1652 4118 1835 4223 partibus,
1852 4116 1987 4197 facien·

567 4246 669 4335 dam,
692 4265 729 4325 et
748 4247 914 4355 precepit
931 4247 1085 4354 insuper
1104 4248 1206 4325 curia
1224 4248 1330 4355 quod
1346 4248 1392 4326 de
1409 4247 1588 4355 predictis
1608 4248 1778 4326 ducentis
1793 4249 1900 4327 libris
1918 4278 1987 4357 per

567 4374 708 4454 dictum
729 4379 897 4467 Petrum,
918 4394 962 4455 nt
980 4378 1203 4485 premissum
1224 4394 1297 4467 est,
1315 4378 1362 4457 ab
1376 4378 1535 4457 inimicis
1553 4378 1643 4457 dicti
1660 4380 1837 4458 Bernardi
1858 4407 1986 4488 recep-

564 4504 613 4583 tis
642 4522 681 4584 et
707 4506 864 4598 habitis,
886 4506 1024 4584 vocatis
1043 4496 1222 4614 quorum-
1235 4509 1392 4585 interest
1408 4508 1543 4586 veritas
1562 4508 1784 4615 inquiratur,
1807 4508 1856 4585 ad
1875 4508 1983 4588 illum

565 4633 681 4714 linem
697 4636 802 4744 qnod
821 4634 918 4714 dicta
935 4638 1094 4743 pecunia
1113 4637 1204 4716 fisco
1230 4638 1350 4746 regio,
1369 4637 1399 4715 si
1421 4654 1459 4715 ct
1477 4631 1592 4744 prout
1610 4636 1834 4715 racionabile
1853 4636 1982 4729 buerit,

565 4765 783 4871 applicetur,
807 4782 844 4844 et
861 4767 965 4874 quod
985 4767 1107 4847 dictus
1122 4768 1255 4846 Petrus
1276 4770 1314 4845 in
1334 4767 1553 4857 castelleto,
1572 4768 1751 4858 Parisius,
1772 4785 1899 4846 teneat
1915 4770 1987 4875 pri·

566 4894 724 4988 sionem,
747 4924 945 5004 quousque
966 4896 1083 4975 dictas
1102 4926 1176 4989 res,
1198 4898 1387 4976 Bernardo
1406 4895 1577 5005 predicto
1595 4925 1664 5005 per
1680 4924 1768 4976 eum
1789 4898 1928 4976 ablatas
1947 4915 1986 4976 et

566 5052 632 5129 per
649 5056 737 5105 eum
755 5026 997 5118 coufessatas,
1015 5028 1093 5135 ipse
1111 5030 1242 5108 Petrus
1258 5029 1482 5119 reddiderit,
1500 5027 1559 5107 vel
1575 5056 1705 5108 earum
1717 5027 1901 5124 valorem,
1920 5046 1985 5107 ant

565 5152 739 5233 idoneam
760 5158 807 5235 de
829 5158 1025 5239 reddendo
1046 5160 1193 5239 dederit
1213 5160 1441 5240 cancionem.

621 5286 718 5362 lovis
735 5306 821 5394 post
839 5288 949 5369 Oculi
967 5292 1056 5369 mei.
1393 5284 1400 5297 ⁶

622 5412 809 5495 Dominus
824 5420 855 5496 J.
875 5420 922 5498 de
939 5422 1069 5532 Voyssi
1089 5421 1299 5528 reportavit.
