5817 7292
874 1102 943 1179 lot
1121 1188 1124 1195 ,
1323 1168 1325 1178 t
1443 1110 1535 1183 Las
1565 1110 1708 1185 OLIM.

644 1254 830 1318 mmmm.
868 1248 1086 1357 evocandis·
1110 1264 1252 1327 servato
1274 1249 1371 1357 juris
1384 1252 1529 1331 ¹ordine
1554 1254 1668 1361 super
1692 1253 1781 1347 hoc,
1808 1250 1877 1331 liet
1900 1253 1936 1331 ei
1956 1253 2107 1361 justicie
2127 1259 2290 1365 comple-

705 1348 767 1389 Μ’
861 1398 1053 1461 mentum.

924 1513 1040 1605 Lune
1050 1528 1137 1589 ante
1157 1513 1294 1592 Ramos
1308 1513 1534 1593 Palmarum.

924 1644 973 1722 M.
994 1642 1198 1750 Dyonisius
1218 1645 1430 1751 reportavit.

922 1906 1027 1985 LVII.
1059 1906 1157 1985 Cum
1169 1907 1521 1999 II10masPorrete‚
1537 1927 1722 1989 mercator
1732 1912 1779 1989 de
1795 1910 2142 2019 SanctoDyonisio‚
2159 1931 2289 1992 contra

866 2037 1066 2117 Girardum
1088 2037 1135 2113 de
1152 2038 1281 2115 Monte
1296 2038 1343 2115 de
1361 2040 1526 2149 Figiaco‚
1544 2058 1775 2148 proponeret
1789 2042 1896 2149 quod
1912 2042 1991 2147 ipse
2009 2042 2112 2120 dicto
2128 2042 2288 2123 Girardo

865 2170 923 2247 vel
940 2172 1020 2279 ejus
1041 2186 1141 2249 oerto
1159 2172 1355 2263 mandato,
1377 2171 1550 2251 videlicet
1571 2174 1671 2252 dicto
1688 2174 1881 2264 Tortoire‚
1904 2175 2100 2251 mercatori
2122 2191 2161 2252 et
2180 2175 2287 2253 insti-

864 2303 938 2382 tori
967 2330 1054 2391 suo,
1081 2301 1217 2380 eodem
1237 2302 1397 2383 Girardo
1417 2303 1619 2381 mandante
1644 2322 1683 2380 et
1700 2304 1945 2411 precipiente,
1967 2304 2199 2383 vendicionis
2219 2333 2288 2383 no-

864 2434 985 2523 mine,
1005 2433 1210 2511 tradiderat
1228 2450 1266 2510 et
1284 2433 1555 2512 deliberaverat
1583 2436 1630 2512 de
1649 2436 1783 2542 pannis
1802 2436 1880 2512 suis
1899 2463 1970 2541 pro
1989 2436 2115 2541 precio
2134 2436 2287 2543 triginta

865 2593 927 2641 sex
946 2564 1127 2642 librarum
1149 2580 1186 2641 et
1209 2565 1411 2642 duodecim
1433 2566 1663 2658 solidorum
1685 2567 1867 2674 quodque
1888 2565 2010 2642 dictus
2026 2565 2209 2646 Girardus
2227 2596 2287 2643 ra-

863 2694 1065 2773 tificaverat
1087 2711 1297 2775 contractus
1326 2724 1458 2776 omnes
1483 2699 1549 2806 qui
1575 2696 1665 2774 sacti
1690 2697 1838 2775 fuerant
1863 2713 1901 2772 et
1926 2696 1994 2803 qui
2015 2699 2133 2774 eciam
2152 2698 2288 2774 fierent

864 2855 949 2901 cum
969 2826 1139 2933 predicto
1161 2826 1331 2904 institore
1352 2857 1439 2919 suo,
1463 2846 1499 2905 et
1515 2830 1620 2935 quod
1641 2830 1758 2905 eciam
1778 2828 1881 2905 idem
1899 2826 2081 2906 Girardus
2099 2828 2289 2906 confessus

864 2957 984 3034 fuerat
1016 2960 1159 3036 dictum
1190 2961 1374 3067 Tortoyre
1406 2989 1485 3039 esse
1518 2979 1765 3040 mercatorem
1798 2975 1836 3036 et
1868 2959 2080 3036 institorem
2111 2989 2224 3037 suum
2253 2975 2290 3036 et

864 3088 1052 3195 quidquid
1076 3090 1179 3167 idem
1200 3092 1384 3197 Tortoyre
1411 3108 1553 3167 emerat
1573 3109 1611 3168 et
1636 3094 1755 3168 eciam
1776 3108 1918 3167 emeret
1941 3090 2020 3195 ipse
2045 3090 2226 3169 Girardus
2250 3116 2288 3165 se

864 3220 1085 3325 promiserat
1109 3218 1341 3307 soluturum;
1368 3220 1532 3324 ideoque
1558 3236 1706 3326 peteret
1725 3220 1869 3294 dictum
1890 3218 2092 3296 Girardum
2112 3216 2288 3324 compelli

863 3350 913 3427 ad
944 3348 1168 3428 solvendum
1192 3348 1318 3424 eidem
1345 3350 1493 3425 Thome
1524 3348 1695 3425 debitum
1722 3348 1973 3435 antedictum3
2001 3346 2103 3423 dicto
2127 3347 2287 3428 Girardo

864 3479 1036 3586 pluribus
1061 3477 1274 3555 racionibus
1294 3478 1333 3553 in
1358 3478 1588 3554 contrarium
1610 3493 1844 3582 proponente
1865 3493 1902 3552 et
1922 3475 2069 3551 dicente
2088 3503 2128 3552 se
2146 3476 2195 3553 ad
2213 3476 2288 3552 hoc

864 3638 943 3687 non
962 3609 1103 3687 teneri:
1120 3609 1293 3685 Tandem
1314 3608 1452 3685 auditis
1471 3609 1641 3714 parcium
1658 3606 1873 3684 racionibus
1892 3606 1981 3684 hinc
1996 3621 2034 3682 et
2053 3606 2159 3695 inde,
2178 3624 2216 3683 et
2231 3635 2288 3683 su·

864 3768 933 3845 per
956 3738 1060 3815 factis
1080 3766 1210 3814 earum
1233 3738 1404 3844 inquesta
1424 3737 1537 3827 lacta,
1555 3738 1630 3815 visa
1649 3755 1688 3815 et
1702 3737 1905 3843 diligenter
1924 3736 2144 3825 examinata,
2163 3736 2287 3814 dictus

866 3868 1061 3955 Girardus,
1086 3867 1135 3943 ad
1159 3867 1383 3945 solvendum
1403 3868 1530 3945 eidem
1551 3869 1699 3946 Thome
1722 3894 1909 3944 summam
1931 3866 2114 3972 peccunia
2137 3866 2288 3973 predic·

865 4014 941 4073 tam
960 4026 1028 4105 per
1047 3997 1149 4075 curie
1169 4015 1296 4076 nostre
1309 3998 1516 4107 judicium,
1540 3998 1661 4075 extitit
1678 3998 1988 4103 condempnatus.

898 4226 905 4239 ·
921 4128 1095 4211 Mercurii
1116 4147 1202 4235 post
1221 4130 1388 4207 mediam
1407 4130 1755 4238 Quadragesimam.
1796 4168 1801 4176 ·

787 4281 793 4295 ‘
827 4282 833 4295 ·
921 4262 972 4340 Μ’.
994 4259 1113 4367 Aymo
1135 4262 1346 4367 reportavit.

922 4526 1043 4605 LVIII.
1075 4526 1259 4605 Similiter
1277 4526 1347 4603 iste
1366 4525 1547 4605 Girardus
1569 4556 1613 4604 ex
1635 4527 1748 4605 simili
1769 4556 1877 4604 causa
1896 4525 1970 4603 suit
1986 4524 2285 4631 condempnatus

866 4657 999 4733 decem
1017 4674 1055 4734 et
1074 4672 1158 4733 octo
1174 4656 1442 4733 mercatoribus
1462 4656 1787 4764 Sancti-Dyonisii‚
1805 4674 1844 4734 et
1857 4656 1998 4735 habent
2019 4654 2109 4731 inde
2124 4654 2286 4743 litteras3

867 4802 905 4862 et
924 4802 1010 4866 sunt
1029 4813 1163 4864 eorum
1182 4787 1336 4865 nomina
1351 4803 1389 4863 et
1408 4814 1557 4865 summe
1577 4787 1906 4865 condemnacionis
1924 4787 1965 4862 in
1984 4783 2118 4862 cedula
2135 4800 2287 4861 senten-

867 4917 923 4995 cie
945 4947 1032 4995 cnm
1052 4918 1234 5025 inquesta.

923 5180 1012 5257 LIX.
1044 5180 1143 5259 Visis
1169 5180 1370 5287 inquitatis,
1404 5181 1452 5258 ad
1475 5180 1696 5259 instanciam
1722 5178 1973 5285 procuratoris
2004 5176 2123 5254 nostri
2158 5202 2285 5251 senes-

867 5309 974 5389 callie
1002 5311 1328 5420 Petregoricensis‚
1355 5310 1462 5389 factis
1484 5341 1599 5419 super
1622 5341 1667 5390 eo
1695 5311 1801 5417 quod
1823 5309 1938 5388 abbas
1965 5304 2194 5385 Tutellensis
2217 5332 2286 5383 seu

867 5461 996 5547 gentes
1016 5461 1055 5523 et
1073 5444 1233 5523 ministri
1258 5444 1476 5552 temporalis
1490 5443 1762 5551 jurisdictionis
1782 5442 1899 5547 ipsius
1917 5439 2081 5531 abbatis,
2099 5439 2139 5515 in
2157 5437 2286 5545 preju-
