5817 7292
1049 1149 1310 1254 anutrss
1335 1165 1398 1236 ur
1425 1142 1630 1238 Pnocbs.
1845 1193 1851 1206 ·
1970 1167 2042 1237 237

685 1310 897 1392 Voluerunt
910 1307 1015 1414 quod
1029 1309 1060 1383 J.
1074 1307 1121 1384 de
1136 1309 1235 1413 Roya
1253 1304 1431 1394 mittatur,
1452 1305 1517 1411 qui
1535 1303 1736 1410 reportavit
1753 1319 1792 1380 et
1806 1302 1919 1381 habet
1939 1304 2046 1382 istam
2085 1315 2214 1371 Parnm
2226 1317 2269 1378 tv,

630 1442 854 1550 inquestam.
2147 1409 2209 1452 ¹⁸⁰²

691 1572 852 1651 Sabbato
871 1569 1050 1678 predicta.

690 1833 813 1913 XVlll.
845 1831 944 1910 Cum
962 1829 1190 1910 Guillelmus
1214 1830 1263 1907 de
1286 1830 1544 1938 Grandelayn,
1567 1828 1728 1906 serviens
1751 1844 1879 1906 noster
1899 1827 1946 1906 de
1967 1827 2052 1908 Cal·

633 1963 754 2050 viaco,
775 1989 843 2066 per
861 1959 1105 2066 inquisitores
1125 1987 1238 2065 super
1259 1959 1437 2038 officiales
1457 1977 1607 2038 nostros
1631 1960 1670 2036 in
1688 1959 1835 2037 ballivia
1853 1960 2052 2037 Viroman-

635 2091 740 2168 densi
755 2107 847 2167 tunc
862 2090 1061 2196 deputatos
1077 2088 1242 2176 anobis,
1259 2089 1299 2164 in
1315 2090 1492 2196 pluribus
1506 2090 1750 2195 pecuniarum
1767 2089 1925 2167 summis
1942 2090 2053 2169 nobis

633 2237 671 2296 et
690 2219 861 2326 pluribus
879 2219 1066 2326 personis,
1087 2246 1162 2326 que
1183 2218 1231 2296 de
1249 2219 1330 2325 ipso
1350 2235 1552 2325 conquesto
1573 2218 1736 2310 fuerant,
1759 2219 2053 2327 condempnatus

634 2348 779 2439 luisset,
797 2367 834 2426 et
852 2351 930 2456 ipse
949 2367 1094 2454 postea,
1111 2377 1225 2454 snper
1241 2350 1314 2426 hoc
1329 2377 1580 2456 conquerens,
1598 2349 1637 2426 in
1656 2350 1758 2427 curia
1776 2368 1901 2428 nostra
1918 2379 2055 2458 propo-

634 2477 769 2555 suisset
786 2479 889 2585 quod
916 2477 1004 2555 dicti
1029 2477 1271 2585 inquisitores
1294 2479 1374 2587 ejus
1396 2480 1516 2557 bonas
1539 2479 1793 2568 defensiones,
1815 2509 1906 2586 quas
1928 2509 2054 2558 coram

636 2607 689 2684 eis
708 2623 952 2713 proposuerat
970 2622 1009 2684 et
1027 2634 1065 2682 se
1090 2635 1152 2684 cas
1171 2606 1357 2684 obtulerat
1375 2606 1558 2717 legittime
1579 2607 1843 2714 probaturum,
1865 2609 1997 2687 andire
2017 2628 2055 2689 et

636 2734 833 2812 admittere
852 2753 1125 2826 recusaverant,
1146 2735 1342 2840 requirens
1365 2736 1436 2813 sibi
1455 2765 1570 2842 super
1588 2737 1661 2814 hoc
1679 2737 1885 2844 provideri,
1908 2767 2053 2846 nosque

636 2863 1064 2942 ballivoViromandensi
1074 2864 1372 2953 mandassemus,
1384 2865 1500 2942 dictas
1511 2863 1746 2943 defensiones
1759 2866 1883 2944 eidem
1892 2867 1963 2946 sub
1974 2896 2056 2946 nos

635 3011 696 3071 tro
714 2994 855 3072 clausas
874 2992 1140 3102 contra-sigillo
1158 2993 1366 3082 mittentes,
1384 3011 1429 3070 ut
1446 2994 1526 3100 ipse
1547 2993 1748 3102 diligenter
1766 2995 1975 3103 inquireret
1992 3024 2055 3076 va-

636 3125 802 3215 ritatem,
813 3124 845 3201 si
860 3124 983 3201 dictus
996 3122 1224 3202 Guillelmus
1234 3151 1359 3202 coram
1372 3123 1553 3229 predictis
1562 3123 1848 3230 inquisitoribus
1863 3126 1979 3205 dictas
1992 3127 2056 3205 de-

636 3254 828 3332 fensiones
847 3270 1094 3360 proposuerat
1118 3270 1156 3330 et
1175 3281 1237 3330 eas
1258 3251 1447 3330 obtulerat
1471 3281 1509 3331 se
1529 3253 1711 3360 legittime
1731 3255 1995 3360 probaturum,
2018 3276 2057 3336 et

636 3385 669 3461 si
688 3384 759 3491 ipsi
780 3414 840 3462 eas
858 3384 1056 3461 admittere
1077 3400 1348 3475 recusaverant,
1368 3400 1407 3460 et
1424 3401 1553 3461 utrum
1574 3403 1698 3463 essent
1716 3413 1799 3464 vere
1820 3385 2056 3466 defensiones

637 3515 821 3621 predicte3
844 3514 966 3590 dictus
983 3541 1072 3590 vero
1090 3512 1268 3602 ballivus,
1295 3513 1354 3590 cui
1374 3542 1488 3619 super
1511 3515 1585 3591 hoc
1604 3515 1804 3623 specialem
1824 3518 2056 3596 commissio-

636 3673 724 3720 nem
744 3643 965 3732 feceramus,
983 3643 1065 3750 ejus
1084 3643 1134 3719 ad
1153 3637 1227 3721 hoc
1241 3644 1466 3720 industriam
1485 3643 1675 3752 eligendo,
1692 3647 1904 3753 inquest
1924 3648 2057 3756 hujus-

631 3775 743 3866 ‚modi
757 3772 944 3851 commisit
958 3771 1041 3849 aliis
1051 3771 1262 3850 faciendam
1278 3804 1288 3846 c
1306 3773 1393 3851 Visa
1408 3774 1533 3878 igitur,
1551 3803 1619 3879 per
1635 3777 1775 3852 curiam
1791 3793 1977 3865 nostram,
1999 3780 2057 3855 in-

637 3920 768 4009 questa
777 3903 960 4009 predicta,
973 3903 1067 4009 ipsa,
1079 3901 1256 4009 percurie
1266 3918 1394 3979 nostre
1402 3901 1691 4008 judicium,fuit
1701 3905 1867 3982 totaliter
1877 3906 2054 3997 anullata,

639 4048 677 4110 et
695 4033 727 4108 si
748 4032 869 4108 dictus
887 4031 1116 4111 Guillelmus
1139 4033 1256 4110 dictas
1276 4031 1516 4109 defensiones
1540 4061 1624 4110 suas
1644 4034 1821 4139 prosequi
1840 4034 2000 4113 voluerit
2019 4056 2059 4114 et

637 4161 797 4267 probare
817 4159 913 4237 infra
937 4162 1079 4240 instans
1102 4161 1397 4268 parlamentum,
1426 4159 1619 4238 dabuntur
1643 4160 1715 4237 sibi
1742 4162 1948 4256 auditores,
1969 4168 2053 4272 qui,

639 4290 775 4368 vocatis
791 4290 1004 4381 evocandis,
1024 4290 1268 4396 probaciones
1287 4318 1373 4367 snas
1391 4289 1595 4395 recipient,
1614 4289 1767 4394 prestita
1786 4293 1891 4396 prius
1908 4293 2054 4401 ydonee

639 4419 812 4498 cautione
831 4448 852 4495 a
871 4419 976 4497 dicto
995 4419 1200 4498 Guillelmo
1220 4421 1268 4498 de
1288 4421 1397 4498 dictis
1415 4420 1826 4526 condempnacionibus
1850 4423 2055 4503 reddendis

639 4551 668 4628 si
689 4549 908 4629 succumbat
925 4549 965 4625 in
985 4579 1112 4639 causa,
1132 4549 1299 4658 alioquin
1323 4550 1390 4629 fiet
1409 4550 1584 4629 excrucio
1604 4569 1732 4630 contra
1752 4552 1877 4660 ipsum
1899 4553 1947 4632 de
1967 4582 2056 4633 con-

640 4679 978 4786 dempnacionibus
995 4679 1205 4757 antedictis.

696 4808 858 4888 sabbato
879 4826 964 4888 ante
984 4809 1220 4889 Nativitatem
1242 4811 1407 4890 Domini.

696 4939 856 5020 Cuillier
873 4941 1087 5049 reportavit.

694 5184 787 5263 XIX.
819 5185 911 5265 Orta
926 5186 1112 5266 discordia
1124 5185 1223 5266 inter
1233 5187 1445 5266 lobannem
1460 5188 1507 5266 dc
1518 5189 1674 5297 Chauny
1685 5205 1724 5268 et
1738 5191 1818 5299 ejus
1830 5221 2002 5287 uxorem,
2016 5223 2059 5272 ex

641 5339 715 5388 una
732 5329 857 5419 parte,
872 5331 910 5392 et
928 5317 1111 5424 majorem
1127 5334 1166 5394 et
1179 5318 1326 5425 juratos
1341 5317 1428 5396 ville
1444 5319 1722 5413 Laudnnensis,
1738 5349 1782 5399 ex
1800 5322 1931 5412 altera,
1946 5349 2059 5429 super

641 5442 862 5523 vendicione
881 5445 1070 5526 bonorum
1091 5449 1283 5556 Majorisse
1302 5448 1351 5526 de
1365 5447 1534 5528 Vallibus
1554 5466 1591 5528 et
1608 5450 1760 5559 locagiis
1776 5451 1971 5560 cujusdam
1992 5450 2060 5528 do-
