5817 7292
887 1080 961 1155 686
1466 1074 1557 1149 Lus
1588 1072 1728 1148 OLI-M.

666 1235 794 1287 aarum
808 1232 850 1289 lv·
889 1219 1045 1307 debere,
1066 1216 1269 1324 punicione
1290 1214 1432 1294 fraudis
1457 1232 1496 1293 et
1519 1214 1599 1295 doli
1623 1214 1663 1291 in
1687 1210 1877 1320 premissis
1900 1238 1969 1317 per
1987 1212 2179 1321 predictos
2198 1216 2303 1297 babi-

725 1324 787 1365 Μ’
887 1368 1043 1439 utores,
1067 1344 1221 1425 arbitrio
1240 1363 1387 1436 nostro,
1406 1363 1591 1453 quantum
1613 1341 1661 1419 ad
1680 1370 1754 1420 nos·
1769 1341 1949 1447 pertinet,
1970 1360 2173 1435 reservata,
2194 1366 2306 1453 prout

887 1482 927 1557 in
952 1477 1116 1586 registris
1140 1494 1266 1561 nostre
1291 1476 1392 1554 curie
1415 1475 1566 1582 plenius
1586 1472 1816 1561 continetur3
1839 1472 1993 1549 demum
2022 1471 2124 1551 idem
2149 1478 2307 1558 lacobus

888 1610 1071 1718 quosdam
1088 1606 1388 1685 articulos‘nobia
1402 1605 1560 1693 obtulit,
1575 1618 1770 1713 tangentes
1780 1602 1995 1710 judicatum
2009 1603 2242 1710 predictum,
2259 1610 2308 1686 ad

887 1742 1002 1819 finem
1023 1739 1121 1817 illud
1141 1737 1333 1817 anullandi
1355 1754 1393 1814 et
1412 1735 1529 1814 eciam
1550 1735 1760 1842 inquestam
1777 1760 1846 1841 per
1868 1761 1983 1840 wem
2002 1732 2133 1812 datum
2152 1736 2225 1816 luit
2240 1740 2307 1846 ju·

888 1872 1051 1950 dicatum
1070 1869 1299 1978 predictum,
1321 1866 1532 1976 supplicans
1553 1864 1656 1971 quod
1677 1891 1790 1970 super
1808 1863 1862 1941 eis
1882 1862 2092 1941 laceremus
2111 1867 2305 1947 veritatem

888 2003 1046 2110 inquiri,
1058 2029 1171 2106 super
1181 1998 1318 2107 quibus
1328 1998 1540 2104 inquestam
1549 1995 1632 2073 lieri
1644 1994 2107 2101 commisimusAymerico
2116 1997 2164 2074 de
2173 1998 2302 2089 Croso.

887 2134 999 2211 militi
1031 2148 1174 2221 nostro,
1207 2147 1245 2209 et
1265 2129 1386 2236 judici
1413 2127 1604 2208 ordinario
1631 2127 1869 2215 Carcassone‚
1900 2127 2039 2205 vocatis
2066 2148 2300 2234 procuratore

889 2280 1017 2343 nostro
1039 2280 1077 2339 et
1094 2259 1419 2339 aliisevocandis:
1440 2260 1613 2365 lnquesta
1635 2258 1752 2366 igitur
1765 2283 1879 2361 super
1892 2257 1967 2334 hiis
1985 2273 2025 2335 et
2041 2286 2151 2365 super
2169 2260 2300 2339 defen-

888 2395 1058 2474 sionibus
1075 2390 1326 2502 procuratoris
1345 2390 1481 2477 nostri,
1501 2418 1570 2495 pro
1590 2388 1701 2468 nobis
1719 2389 1934 2496 propositis,
1955 2387 2067 2479 facta,
2087 2391 2186 2468 etad
2200 2392 2302 2500 judi-

888 2524 1048 2603 candum
1064 2540 1191 2600 nostre
1204 2522 1306 2599 curie
1319 2537 1525 2628 reportata,
1538 2548 1643 2610 cum,
1656 2548 1725 2626 per
1739 2548 1822 2597 eam
1835 2519 1953 2597 nichil
1965 2520 2161 2599 inventum
2173 2521 2299 2613 fuerit,

889 2658 935 2733 de
953 2653 1130 2763 predictis
1142 2651 1309 2729 articulis
1319 2680 1385 2758 per
1398 2650 1733 2729 dictumJacobum
1745 2649 1966 2756 propositis,
1980 2650 2209 2730 sufficienter
2219 2682 2305 2758 pro·

888 2788 1035 2874 batum,
1057 2812 1124 2891 per
1143 2782 1249 2890 quod
1268 2780 1410 2859 dictum
1426 2780 1639 2888 judicatum
1658 2797 1697 2859 et
1715 2780 1887 2887 inquesta
1904 2780 2088 2886 predicta,
2108 2810 2177 2889 per
2192 2812 2305 2891 quam

887 2918 985 2996 illud
1010 2917 1150 2995 lactum
1177 2914 1266 3003 fuit,
1302 2913 1341 2991 in
1371 2912 1500 3019 aliquo
1528 2911 1691 2989 debeant
1718 2911 1922 2999 retractari,
1948 2940 2017 3018 per
2043 2912 2149 2991 curie
2178 2931 2305 2994 nostre

881 3049 1088 3158 judicium,
1108 3047 1252 3124 dictum
1275 3044 1346 3123 fuit
1367 3045 1490 3151 quod,
1511 3071 1590 3121 non
1612 3042 1847 3121 obstantibus
1869 3042 2049 3149 predictis
2071 3072 2139 3151 per
2164 3043 2306 3141 dictum

888 3178 1069 3259 Jacobum
1096 3176 1313 3286 propositis,
1340 3173 1701 3281 inquestapredicta
1723 3172 1816 3251 olim
1839 3171 1934 3250 facta
1962 3190 2089 3252 eontra
2113 3175 2237 3281 ipsum
2265 3195 2306 3254 et

887 3308 979 3388 alios
998 3310 1038 3385 in
1056 3337 1099 3386 ea
1116 3323 1327 3394 contentos,
1345 3322 1383 3383 et
1395 3304 1607 3410 judicatum
1622 3304 1836 3409 predictum
1849 3331 1952 3382 exea
1967 3322 2158 3410 sequtum,
2175 3306 2214 3381 in
2227 3334 2300 3383 suo

886 3440 1022 3518 robore
1041 3436 1306 3522 remanebunt,
1329 3449 1368 3511 et
1390 3434 1440 3511 ad
1463 3433 1708 3540 punicionem
1727 3432 1869 3512 fraudis
1890 3450 1927 3510 et
1944 3432 2021 3510 doli
2042 3432 2299 3540 predictorum

886 3570 925 3645 in
948 3566 1167 3676 hujusmodi
1191 3564 1477 3643 commissorum
1495 3563 1600 3641 curia
1619 3580 1764 3656 nostra,
1784 3582 1898 3670 prout
1913 3563 2048 3642 viderit
2064 3562 2297 3654 laciendum,

886 3698 1077 3805 procedet.

942 3828 1043 3905 lovis
1063 3842 1149 3933 post
1165 3824 1349 3921 Sanctum·
1364 3825 1584 3903 barnabam.

942 3957 1145 4037 Mellentus
1163 3954 1375 4062 reportavit.

940 4220 983 4295 L.
1014 4219 1140 4309 Cum,
1164 4247 1278 4326 super
1303 4218 1720 4298 denunciaeionclacta
1748 4237 1877 4299 contra
1911 4220 2159 4333 ¹Guillelmum
2192 4220 2241 4298 de
2265 4220 2304 4297 la

884 4346 1043 4438 Briaola,
1073 4348 1251 4439 militem,
1277 4378 1318 4426 ac
1338 4350 1561 4457 lluguetam‚
1586 4350 1667 4458 ejus
1688 4378 1859 4440 uxorem,
1880 4378 1995 4458 super
2018 4366 2162 4456 septem
2186 4349 2304 4457 peciis

886 4478 983 4568 auri,
1014 4507 1084 4585 per
1111 4480 1337 4589 Huguetam‚
1358 4480 1526 4557 relictam
1549 4480 1717 4587 Hugonis
1740 4480 1786 4557 de
1814 4482 2009 4577 Maceron,
2031 4496 2070 4558 et
2089 4479 2301 4573 Heliotum,

887 4609 967 4716 ejus
986 4608 1128 4699 filium,
1148 4626 1191 4685 ut
1209 4609 1413 4701 dicebatur,
1441 4612 1599 4718 repertis
1619 4628 1657 4689 et
1680 4612 1824 4691 edictis
1841 4612 2066 4722 conjugibus
2087 4611 2238 4704 habitis,
2256 4628 2301 4687 ,et

885 4766 959 4845 per
977 4766 1057 4829 eos,
1085 4754 1128 4817 ut
1147 4737 1352 4833 dicebatur,
1379 4739 1565 4832 recelatis,
1593 4741 1731 4820 ballivo
1761 4759 1891 4821 nostro
1916 4741 2197 4834 Matisconensi,
2224 4768 2298 4817 una

886 4899 971 4949 cum
991 4869 1168 4979 gardiano
1194 4870 1456 4981 lugdunensi,
1483 4871 1555 4949 sibi
1578 4901 1646 4979 per
1668 4900 1738 4951 nos
1767 4901 1813 4951 ex
1837 4902 1947 4953 causa
1976 4871 2169 4981 adjuncto,
2195 4898 2298 4949 com-

799 5056 802 5063 .
885 5000 1040 5077 missum
1056 4999 1187 5079 finees
1201 5001 1357 5109 inquiri,
1374 5018 1413 5081 et
1431 5002 1521 5109 quia
1539 5001 1696 5110 predicti
1708 5002 1837 5081 relicta
1847 5019 1886 5081 et
1901 5002 2075 5081 lleliotus
2091 5019 2129 5080 et
2145 4999 2300 5108 quidam

884 5130 948 5209 alii
961 5146 1097 5223 testes,
1118 5131 1184 5240 qui
1197 5160 1266 5239 per
1278 5132 1378 5239 ipsos
1390 5131 1573 5211 ballivum
1593 5149 1632 5210 et
1644 5133 1868 5240 gordianum
1888 5160 2003 5240 super
2018 5132 2195 5240 predictis
2208 5158 2303 5245 exa·

884 5262 1014 5339 minati
1034 5262 1209 5352 fuerant,
1238 5288 1362 5341 coram
1392 5262 1568 5371 gentibus
1595 5263 1747 5353 nostris,
1773 5280 1903 5370 postca
1931 5264 2078 5341 reducti
2107 5264 2149 5339 iu
2179 5261 2304 5370 vigilia

836 5476 842 5482 ,
862 5410 865 5421 ·
885 5394 1021 5471 Pascha
1045 5394 1182 5471 ultimo
1203 5392 1395 5497 preterita,
1423 5421 1490 5499 per
1514 5395 1725 5500 juramenta
1748 5424 1815 5473 sua
1848 5409 2087 5474 asseruerunt
2103 5422 2162 5483 se,
2192 5409 2305 5471 metu
