5817 7292
1078 1151 1347 1260 saoneres
1372 1173 1436 1244 av
1464 1157 1669 1247 vnocns.
2014 1181 2083 1251 ros

718 1307 869 1386 Sabbati
886 1325 971 1416 post
986 1310 1433 1391 Sanctum-Clementem.

717 1443 818 1546 Roya
837 1441 1048 1546 reportavit

718 1705 779 1780 xl.
811 1705 907 1782 Cum
927 1705 1054 1782 audita
1071 1708 1341 1813 conquestione
1361 1706 1558 1786 Guillelmi
1576 1708 1789 1815 Peregrini,
1811 1708 1978 1786 canonici
1993 1711 2086 1787 Tre-

663 1835 800 1925 censis,
817 1863 932 1941 super
947 1864 1009 1927 co,
1024 1854 1069 1914 ut
1084 1836 1249 1927 dicebat,
1271 1837 1377 1945 qnod
1392 1840 1525 1916 Petrus
1540 1837 1588 1915 de
1604 1838 1831 1946 Malellege,
1850 1838 2082 1945 pelliparius,

662 1967 744 2073 ejus
760 1964 829 2042 filii
849 1982 887 2041 et
906 1965 1123 2072 complices,
1143 1967 1345 2046 violencias
1363 1968 1583 2075 etdampna
1603 1969 1767 2076 plurima
1788 1968 1861 2045 sibi
1880 1969 2085 2046 intulerant

661 2096 699 2173 in
721 2097 866 2174 salceiis
882 2097 976 2189 suis,
996 2115 1126 2174 contra
1146 2099 1449 2205 prohibicionem
1466 2101 1696 2178 servientmn
1710 2115 1948 2188 nostrorum,
1971 2129 2085 2206 super

661 2228 734 2304 hiis
753 2226 1035 2305 mandassemus
1053 2227 1190 2306 ballivo
1209 2228 1472 2307 Calvi-Montis
1490 2229 1614 2335 quod,
1639 2230 1776 2338 vocatis
1796 2229 2008 2320 evocandis,
2028 2231 2084 2306 in-

660 2358 827 2464 quireret
846 2358 1058 2451 veritatem,
1082 2376 1119 2435 et
1138 2387 1236 2465 quos
1254 2357 1464 2465 culpabiles
1483 2359 1684 2448 inveniret,
1702 2359 1853 2467 justicia
1872 2360 2082 2448 mediante,

659 2485 832 2593 puniret,
854 2487 978 2565 dictus
995 2487 1175 2578 ballivus,
1197 2489 1336 2567 auditis
1354 2488 1548 2595 partibus,
1569 2490 1753 2566 dictarum
1767 2491 2000 2568 sauceiarum
2016 2493 2085 2568 sai-

659 2619 779 2694 sinam
794 2617 1022 2724 adjudicavit
1039 2618 1246 2697 Guillelmo
1264 2618 1455 2725 predicto,
1476 2618 1672 2726 dictosque
1688 2622 1861 2710 Petrum,
1881 2621 1965 2728 ejus
1984 2621 2084 2698 filios

660 2765 698 2824 et
717 2747 945 2853 complices,
971 2749 1020 2825 ad
1043 2749 1325 2827 resarciendum
1348 2748 1474 2825 eidem
1499 2748 1706 2827 Guillelmo
1728 2749 1888 2855 dampna
1915 2778 1979 2826 sua
1999 2780 2084 2854 pre-

660 2879 774 2968 dicta,
788 2895 826 2954 et
840 2877 1060 2955 solvendum
1078 2879 1191 2956 nobis
1203 2893 1390 2956 trecentas
1406 2877 1521 2954 libras
1539 2880 1797 2966 Turonenses,
1817 2907 1886 2985 pro
1903 2881 2079 2972 emenda,

659 3009 809 3086 racione
834 3009 933 3085 dicte
958 3008 1241 3098 inobediencie,
1263 3009 1541 3086 sentencialiter
1567 3009 1865 3116 condempnavit.
1892 3011 1991 3088 Cum
2015 3042 2082 3089 au-

657 3157 736 3215 tem
761 3139 851 3216 dicti
873 3139 946 3227 rei,
971 3139 1139 3218 dicentes
1163 3155 1243 3218 tam
1269 3139 1385 3216 dictas
1410 3157 1536 3245 partes
1556 3168 1671 3246 quam
1694 3169 1775 3218 rem
1805 3144 2081 3220 contenciosam

658 3298 737 3347 esse
758 3269 806 3347 de
825 3271 1004 3346 Trecensi
1019 3269 1188 3360 ballivis,
1204 3297 1283 3347 non
1295 3267 1577 3360 Calvi-Montis,
1596 3268 1837 3377 deprocessu
1851 3270 1943 3347 dicti
1955 3272 2082 3350 ballivi

656 3400 767 3478 nobis
786 3401 982 3507 conquesti
1003 3399 1178 3490 luissent,
1199 3415 1414 3507 reportatus
1432 3397 1506 3476 fuit
1520 3400 1569 3477 ad
1588 3400 1730 3478 curiam
1750 3419 1915 3481 nostram
1935 3429 2083 3506 proces-

656 3561 718 3609 sus
737 3532 954 3639 predictus:
974 3533 1063 3612 Viso
1088 3532 1204 3640 igitur
1221 3559 1398 3639 processu
1424 3548 1463 3607 et
1482 3531 1652 3638 judicato
1675 3532 1870 3638 predictis,
1890 3560 1959 3638 per
1977 3535 2081 3610 curie

656 3678 783 3739 nostre
793 3662 999 3769 judicium,
1019 3663 1164 3741 dictum
1179 3662 1252 3740 luit
1269 3661 1374 3768 quod
1385 3662 1598 3768 judicatum
1618 3662 1832 3769 predictum
1850 3663 1939 3740 dicti
1954 3664 2080 3742 ballivi

656 3793 899 3870 mandabitur
917 3794 1143 3872 execucioni.

712 3922 867 4000 Sabbati
887 3941 973 4029 post
992 3921 1441 4001 Sanctum-Clementem.

713 4053 815 4159 Roya
833 4054 1046 4158 reportavit.

712 4319 788 4394 llll.
818 4317 918 4398 Cum
945 4319 1075 4398 luisset
1099 4319 1373 4427 proclamatum
1396 4317 1548 4425 publice
1574 4345 1642 4425 per
1664 4315 1792 4393 villam
1815 4317 2077 4409 Parisiensem,

656 4475 700 4524 er
717 4465 822 4554 parte
841 4465 987 4536 nostra,
1007 4468 1180 4557 tempore
1200 4465 1405 4540 retroacto,
1425 4466 1581 4555 propter
1605 4447 1910 4528 caristiam‘bladi
1932 4467 1969 4528 et
1988 4451 2079 4528 alte-

648 4579 735 4654 ·rius
758 4580 862 4686 grani
890 4580 929 4655 in
951 4579 1167 4658 dintavilla
1197 4580 1434 4671 existentem,
1464 4579 1536 4658 sub
1559 4608 1657 4685 pena
1681 4579 1892 4660 amissionis
1918 4582 2015 4658 averi
2042 4599 2080 4658 et

655 4710 839 4816 corporis,
860 4739 909 4788 ne
930 4730 1117 4791 mercator
1134 4711 1293 4791 bladum
1313 4712 1372 4790 vel
1391 4711 1495 4791 aliud
1514 4739 1674 4818 gramm
1693 4728 1837 4790 emeret
1855 4711 1952 4789 ultra
1973 4740 2078 4791 suam

655 4840 915 4919 necessitatem
939 4843 987 4920 ab
1010 4843 1085 4921 alio
1104 4859 1332 4936 mercatore,
1355 4861 1393 4922 et
1411 4872 1461 4921 ne
1481 4843 1616 4950 aliquis
1637 4860 1736 4920 extra
1755 4843 1881 4920 villam
1899 4844 2080 4922 Parisien-

653 4999 733 5048 sem
759 4972 917 5051 duceret
934 5001 1003 5053 seu
1020 4974 1116 5054 duci
1141 4974 1281 5054 faceret
1302 4973 1460 5052 bladum
1480 5000 1548 5052 seu
1567 4971 1671 5051 aliud
1689 5001 1867 5080 granum,
1890 4990 1929 5050 et
1949 4973 2078 5052 datu'm

652 5100 786 5180 fuisset
804 5104 915 5183 nobis
933 5105 1095 5215 intelligi
1114 5106 1222 5214 quod
1236 5105 1424 5185 liebertus
1439 5105 1648 5195 AuaGaua,
1663 5103 1904 5182 Mstbeus'de
1919 5104 2077 5211 Gyani-a,

653 5234 786 5311 Petrus
796 5235 1069 5346 Mau-Regard,
1084 5255 1123 5316 et
1136 5237 1345 5317 bichardus
1362 5235 1532 5325 Morelli,
1548 5235 1713 5314 fecerant
1729 5253 1859 5315 contra
1872 5236 2078 5342 predictam

647 5363 1008 5466 proclamacionem,
1028 5369 1116 5448 licet
1130 5369 1291 5477 predicti
1307 5368 1498 5446 Robertus
1513 5384 1552 5446 et
1566 5367 1741 5446 Matbeus
1760 5365 1905 5446 anobis
1918 5366 1977 5443 vel
1989 5393 2080 5470 gen-

652 5491 756 5571 tibus
774 5499 932 5588 nostris,
953 5500 1002 5576 ad
1026 5501 1298 5581 observandam
1318 5499 1526 5608 predictam
1547 5497 1888 5605 proclamacionem
1908 5495 2078 5601 deputati

738 5668 792 5711 trs
812 5669 895 5713 otiu.
920 5674 966 5715 ur.
1911 5649 1950 5710 ²5

2123 1329 2220 1384 Parma

2186 1422 2249 1466 1³00.

2221 1347 2253 1384 rr
2267 1331 2311 1394 lV,
