5817 7292
1034 1092 1303 1201 nuousrss
1330 1110 1393 1181 ar
1419 1095 1625 1184 monus.
1773 1031 1778 1055 ι
1965 1112 2038 1188 aas

621 1251 812 1332 defensam
826 1255 897 1332 rite
913 1272 951 1332 et
957 1254 1058 1362 juste
1079 1253 1191 1330 luisse
1212 1253 1336 1329 datam
1357 1267 1397 1328 et
1412 1277 1642 1339 concessam,
1659 1267 1698 1326 et
1715 1251 1834 1330 dictos
1850 1253 2040 1360 appellen·
2077 1266 2207 1322 Parum
2219 1269 2262 1336 tv,

618 1406 675 1466 tes
691 1388 791 1466 male
805 1388 1030 1496 appellasse,
1049 1403 1087 1463 et
1097 1384 1202 1491 quod
1215 1383 1313 1460 dicta
1328 1383 1480 1459 marcha
1495 1409 1563 1458 seu
1580 1379 1732 1459 defensa
1750 1381 2039 1464 demandabitur
2139 1358 2200 1402 Μ’

620 1519 850 1608 execucioni,
860 1545 938 1596 non
948 1514 1181 1596 obstantibus
1192 1511 1449 1618 appellacione
1464 1529 1502 1590 et
1512 1511 1593 1588 aliis
1605 1511 1805 1618 propositis
1818 1538 1861 1588 ex
1873 1513 2039 1594 adverso.

676 1651 717 1726 ln
736 1648 879 1727 octabis
897 1649 1049 1726 Pascha.

677 1782 779 1885 Roya
798 1779 1013 1885 reportavit.

678 2041 752 2120 XC.
783 2042 879 2119 Cum
899 2042 1089 2118 lohannes
1103 2038 1288 2114 Peissonis
1308 2053 1348 2112 et
1368 2037 1587 2142 Aymericus
1611 2036 1657 2113 de
1678 2035 1827 2124 Castro,
1845 2035 1941 2112 cives
1958 2037 2046 2116 Car·

621 2198 874 2257 cassonenses,
897 2200 1024 2248 coram
1043 2166 1248 2247 senescallo
1268 2165 1511 2244 Belli-Cadri
1534 2165 1818 2272 proposuissent
1837 2166 1939 2272 quod
1962 2169 2045 2246 Mu·

621 2302 702 2378 cius
723 2302 916 2379 Sarraceni
943 2319 982 2378 et
1004 2298 1256 2405 Blauquinus,
1284 2297 1365 2399 ejus
1391 2295 1494 2374 lilius
1519 2297 1791 2404 emancipatus,
1818 2315 2044 2377 mercatores

621 2430 846 2520 Florentini,
871 2432 974 2539 apud
1002 2434 1232 2510 Nemausum
1266 2427 1357 2506 olim
1385 2445 1675 2517 commorantes,
1704 2444 1810 2505 erant
1832 2428 1976 2507 eisdem
2003 2431 2042 2506 in

622 2562 774 2639 duobus
800 2560 970 2638 millibus
996 2561 1104 2638 libris
1132 2560 1419 2638 Turonensibus
1443 2557 1642 2634 efficaciter
1667 2557 1837 2665 obligati,
1867 2587 1909 2635 ex
1935 2588 2043 2638 causa

574 2789 581 2802 ,
623 2691 845 2769 commanda
867 2691 1012 2768 eisdem
1030 2689 1140 2780 facte,
1157 2689 1482 2796 promiseruntque
1506 2688 1650 2767 eisdem
1670 2717 1709 2766 se
1731 2688 1868 2764 dictam
1884 2693 2043 2794 pecunie

622 2849 809 2900 summam
835 2822 937 2928 apud
955 2825 1185 2899 Nemausum
1209 2821 1420 2908 soluturos,
1441 2819 1512 2926 ipsi
1532 2835 1674 2906 tamen,
1700 2847 1787 2895 cum
1811 2819 1925 2898 rebus
1948 2825 2040 2914 suis,

623 2952 739 3029 fracto
757 2970 899 3030 arrosto
921 2972 1053 3030 nostro
1068 2968 1224 3057 propter
1246 2953 1320 3028 hoc
1337 2979 1451 3058 super
1473 2951 1527 3028 eis
1545 2947 1658 3040 lacto,
1682 2949 1730 3026 de
1750 2977 1867 3056 regno
1889 2953 2043 3031 Francie

622 3082 860 3190 aufugerant,
880 3083 985 3160 etad
1005 3085 1034 3160 F
1036 3083 1257 3171 lorenciam‚
1281 3111 1390 3160 causa
1409 3081 1463 3159 ibi
1486 3079 1675 3170 morandi,
1696 3107 1737 3156 se
1755 3082 2040 3175 transtulerant;

621 3215 905 3321 proposuissent
919 3216 1037 3291 eciam
1049 3213 1156 3320 quod
1169 3231 1348 3319 potestas,
1366 3214 1582 3320 capitaneus
1601 3227 1639 3287 et
1657 3210 1802 3316 priores
1813 3212 2040 3306 Florentini,

621 3373 690 3452 per
700 3363 846 3422 nostras
859 3363 897 3422 et
908 3343 1102 3423 senescalli
1117 3345 1278 3450 predicti
1297 3345 1455 3431 litteras,
1472 3343 1654 3452 legittime
1671 3359 1709 3419 et
1724 3341 1908 3420 instanter
1918 3348 2044 3452 requi-

620 3477 681 3552 siti
701 3493 745 3552 ut
762 3477 883 3554 dictos
903 3477 1073 3556 Mucium
1096 3492 1135 3553 et
1155 3476 1429 3582 Blanquinum‚
1450 3475 1547 3552 cives
1566 3501 1671 3561 suos,
1696 3474 1797 3580 apud
1816 3476 2043 3554 Nemausum

622 3608 875 3696 remitterent,
898 3606 1062 3685 facturos
1081 3607 1188 3713 quod
1202 3607 1353 3714 justicia
1370 3606 1564 3696 suaderet,
1580 3623 1658 3682 tam
1672 3631 1785 3710 super
1799 3603 1979 3684 fractione
1994 3637 2046 3686 ar·

621 3740 710 3813 resti
721 3738 879 3843 predicti
891 3767 1006 3844 quam
1018 3765 1132 3842 super
1146 3737 1249 3814 dicto
1264 3737 1412 3824 debito,
1429 3736 1635 3814 noluerunt
1648 3736 1722 3812 hoc
1739 3733 1874 3824 lacere,
1892 3765 2046 3842 respon-

624 3865 756 3943 dentes
768 3867 874 3973 quod
894 3868 943 3945 de
957 3869 1032 3947 lroc
1050 3866 1168 3944 nichil
1181 3866 1363 3957 lacerent,
1382 3882 1528 3942 nostras
1546 3882 1585 3940 et
1598 3863 1789 3941 senescalli
1805 3862 1962 3970 predicti
1983 3866 2044 3942 lit·

621 4011 720 4072 teras
731 3998 953 4088 retinentem
968 3998 1253 4105 proposuissent
1269 3999 1387 4076 eciam
1399 3994 1521 4102 qood,
1536 3993 1703 4072 secundo
1717 4021 1785 4098 per
1797 3993 1937 4072 litteras
1952 3994 2043 4076 dicti

623 4125 833 4214 senescalli,
848 4126 1103 4233 incorporatae
1119 4129 1158 4204 in
1179 4129 1323 4206 eisdem
1343 4127 1483 4205 nostris
1503 4124 1653 4213 litteris,
1669 4151 1782 4228 super
1799 4123 1976 4230 predictis
1996 4126 2044 4204 ad

625 4254 769 4332 dictum
782 4254 1029 4334 senescallum
1038 4258 1179 4346 missis,
1195 4258 1294 4336 inter
1307 4273 1430 4335 cetera
1442 4253 1721 4332 contineutibus
1733 4253 1855 4358 quod,
1871 4254 1943 4330 nisi
1955 4255 2044 4334 dicti

624 4402 803 4490 potestas,
824 4388 1038 4493 capitaneus
1057 4405 1097 4464 et
1107 4388 1253 4494 priores
1267 4387 1587 4494 Florentini,per.
1595 4384 1736 4483 litteras
1749 4383 1838 4462 dicti
1851 4387 2044 4464 senescalli

624 4517 814 4621 requisiti,
829 4518 936 4623 quod
956 4517 1078 4595 dictos
1099 4521 1267 4598 Mucium
1289 4537 1328 4597 et
1340 4516 1595 4624 Blanquinum
1615 4516 1790 4594 Nemausi
1809 4516 2045 4598 remitterent

623 4674 737 4753 super
761 4647 938 4755 predictis
956 4647 1035 4754 juri
1056 4650 1262 4754 parituros,
1286 4668 1412 4758 aperte
1438 4649 1560 4726 dictus
1584 4645 1808 4725 senescallus
1834 4649 2045 4754 prediceret

624 4778 767 4856 eisdem
785 4779 908 4886 quod,
926 4779 1052 4858 dando
1070 4797 1110 4858 et
1128 4781 1373 4860 concedendo
1384 4779 1577 4860 marcham
1590 4796 1628 4857 et
1642 4778 1724 4856 aliis
1733 4778 1831 4884 juris
1846 4780 2040 4866 remediis,

623 4909 846 5013 procederet
857 4929 986 4988 contra
997 4911 1099 5016 ipsos
1104 4913 1211 5020 juxta
1219 4914 1379 4990 somnam
1390 4913 1576 4990 dictarum
1588 4911 1799 4988 litterarum
1810 4927 2040 5000 nostrarum,

623 5039 794 5145 requisiti
814 5040 920 5147 quod
944 5042 1066 5120 dictos
1085 5043 1255 5122 Mucium
1272 5063 1311 5120 et
1329 5043 1601 5149 Blanquinum,
1625 5042 1723 5120 cives
1741 5069 1846 5136 suos,
1867 5044 2043 5121 Nemausi

625 5170 860 5249 remitterent
875 5173 952 5278 juri
973 5173 1176 5279 parituros,
1197 5173 1407 5252 noluerunt
1426 5176 1501 5252 hoc
1523 5173 1662 5266 lacere,
1680 5173 1802 5251 dictas
1825 5173 1966 5252 litteras
1986 5203 2044 5253 se-

624 5299 775 5380 nescalli
790 5306 907 5380 nostri
923 5305 1150 5396 retinentes,
1164 5323 1335 5411 petentes
1352 5305 1444 5383 dicti
1464 5304 1654 5383 lohannes
1670 5322 1707 5382 et
1721 5304 1937 5412 Aymericus
1952 5334 1973 5381 a
1987 5331 2045 5380 se-

625 5432 788 5510 nescallo
799 5435 969 5539 predicto
980 5436 1101 5544 quod,
1116 5465 1204 5514 cum
1217 5436 1308 5514 dicti
1317 5453 1496 5543 potestas,
1517 5437 1746 5543 capitaneus,
1762 5435 1951 5540 etpriores
1963 5432 2043 5508 Flo

733 5603 784 5646 aas
804 5605 890 5648 occu.
914 5607 959 5650 m.
1897 5589 1937 5654 ltlt
