5817 7292
914 1041 989 1114 ssa
1507 1005 1598 1115 ua's
1629 1039 1769 1114 outu.

690 1188 875 1265 ratum-tv,
912 1185 1028 1271 Nove,
1048 1182 1095 1260 ad
1116 1182 1234 1289 ipsius
1255 1182 1365 1259 viarie
1386 1183 1596 1260 custodiam
1617 1182 1817 1290 deputato,
1839 1197 1879 1258 ct
1896 1181 2148 1274 inhibitione,
2173 1215 2216 1264 ex
2235 1206 2341 1295 parte

912 1331 1054 1405 nostra,
1076 1313 1170 1391 facta
1190 1341 1257 1421 per
1275 1314 1397 1421 ipsum
1423 1342 1470 1389 nc
1491 1314 1626 1421 aliquis
1644 1342 1682 1391 se
1703 1312 1931 1392 immisceret
1949 1313 2051 1393 dicte
2070 1316 2181 1394 viarie
2201 1336 2239 1397 et
2257 1321 2341 1430 ejus

749 1284 812 1327 1³1⁰·

912 1448 1047 1537 officio,
1069 1446 1127 1524 vel
1143 1448 1266 1553 ipsum
1285 1446 1452 1527 officium
1467 1475 1637 1525 exercere
1652 1444 1943 1553 quomodolibet
1956 1468 2204 1553 presumeret,
2222 1451 2342 1531 donec

911 1581 981 1688 ipsi
1002 1578 1191 1687 preposito
1211 1577 1479 1656 Chableiarum
1494 1578 1553 1654 vel
1574 1579 1654 1686 ejus
1676 1577 1803 1655 locum
1823 1579 1969 1655 tenenti
1991 1579 2123 1659 luisset
2140 1584 2341 1689 prestitum

905 1712 1165 1820 juvamentum
1177 1710 1249 1789 sub
1265 1708 1384 1789 forma
1397 1727 1436 1786 et
1451 1710 1580 1799 modo,
1592 1738 1661 1817 per
1676 1710 1904 1787 sentenciam
1919 1713 2100 1821 prepositi
2110 1713 2337 1805 Villo-Nove,

910 1844 1128 1923 auctoritate
1149 1858 1290 1933 nostra,
1312 1842 1351 1918 in
1371 1843 1602 1949 possessorio
1627 1823 1841 1937 declaratis,
1863 1843 1956 1921 Milo
1973 1846 2020 1922 de
2039 1847 2209 1936 Noeriis,
2232 1848 2340 1927 miles

910 1993 1048 2066 noster,
1066 1975 1187 2053 sciens
1201 1974 1407 2081 predictam
1420 2002 1574 2049 manum
1589 1991 1754 2051 nostram
1771 2002 1852 2053 csse
1865 1974 2072 2081 appositam
2090 1977 2130 2053 in
2141 1977 2338 2083 predictis,

910 2124 986 2184 tam
1006 2136 1126 2216 perse
1149 2135 1262 2214 quam
1275 2134 1343 2213 per
1362 2123 1493 2212 gentes
1509 2132 1604 2194 suas,
1622 2105 1703 2211 ipso
1724 2105 1925 2183 mandante
1939 2134 2007 2185 seu
2022 2124 2146 2184 ratum
2161 2108 2335 2197 habente,

911 2254 948 2317 et
959 2239 1170 2346 specialiter
1181 2268 1250 2347 per
1261 2238 1500 2316 Florencium
1514 2236 1721 2314 Marescalli
1731 2297 1741 2326 ,
1753 2266 1884 2345 quern,
1899 2266 1969 2344 pro
1985 2237 2116 2327 viano,
2128 2240 2228 2345 apud
2239 2239 2337 2317 Cha·
2378 2217 2381 2228 .

910 2370 1052 2479 bleyas,
1071 2370 1270 2447 destinavit
1285 2387 1322 2446 ot
1337 2397 1404 2475 per
1418 2368 1637 2447 Guidonem
1653 2369 1699 2445 de
1715 2369 1864 2459 Britoo,
1880 2369 2061 2457 militem,
2077 2369 2244 2478 ejusdem
2264 2369 2338 2449 bli-

910 2501 1008 2581 lonis
1027 2501 1220 2590 ballivum,
1243 2498 1473 2607 apposicioni
1486 2498 1585 2577 dicte
1607 2528 1742 2579 manus
1756 2518 1883 2579 nostre
1903 2500 1943 2577 in
1963 2500 2153 2608 premissis
2171 2529 2251 2579 non
2269 2500 2338 2578 de-

793 2716 803 2727 ,
909 2634 1053 2722 ferens,
1084 2632 1151 2710 sed
1174 2633 1303 2739 pocius
1333 2631 1491 2709 candem
1520 2631 1662 2711 violans
1691 2650 1729 2711 et
1760 2651 2053 2739 contempnens,
2083 2631 2177 2709 inlr-a
2210 2631 2337 2709 villain

910 2764 1186 2856 chableiamm
1203 2783 1376 2875 presente
1392 2765 1493 2842 dicto
1508 2765 1703 2855 serviente,
1723 2783 1762 2843 et
1774 2783 1900 2843 nostra
1914 2766 2133 2844 auctoritate
2147 2766 2250 2874 regia
2266 2766 2339 2843 eis-

911 2895 998 2974 dcm
1017 2897 1256 3005 probibente,
1273 2896 1409 2975 multas
1429 2896 1601 3003 injurias,
1618 2897 1858 2975 turbacioues
1878 2915 1917 2975 et
1931 2896 2130 2975 violencias
2142 2895 2336 2984 domibus,

910 3028 1028 3119 curie,
1050 3029 1221 3138 juribus,
1238 3026 1515 3136 jurisdiccioni,
1542 3028 1782 3119 hominibus,
1804 3029 2112 3136 procuratoribus
2136 3046 2174 3106 et
2197 3027 2339 3105 familie

910 3158 999 3239 dicti
1013 3160 1192 3269 prepositi
1210 3177 1248 3237 et
1260 3160 1497 3267 prepositure
1513 3188 1579 3238 sue
1595 3162 1780 3269 predicte,
1799 3161 1992 3240 occasione
2009 3159 2122 3240 officii
2134 3159 2232 3237 dicte
2248 3159 2338 3237 vica·

911 3292 984 3380 rie,
1004 3293 1085 3401 ejus
1100 3291 1421 3371 administracioni
1438 3310 1476 3369 et
1489 3294 1671 3373 exercicio
1683 3294 1854 3373 indebite
1867 3323 1907 3373 sc
1923 3292 2129 3404 ingerendo
2140 3310 2178 3369 et
2189 3290 2336 3369 immis-

910 3424 1047 3516 cendo,
1060 3423 1162 3502 dicto
1184 3453 1261 3502 non
1276 3424 1432 3531 prestito
1448 3424 1684 3529 juramento,
1702 3427 1827 3503 eidem
1841 3426 2028 3535 preposito
2043 3444 2080 3501 et
2096 3423 2334 3533 prepositure

909 3584 977 3633 sue
998 3555 1141 3663 prefate
1161 3556 1290 3633 intulit
1309 3574 1347 3634 et
1374 3558 1536 3664 irrogare
1557 3561 1807 3665 presumpsit3
1832 3587 1946 3667 quare
1968 3556 2190 3666 supplicavit
2211 3556 2335 3633 dictus

908 3688 1124 3795 prepositus
1145 3688 1340 3796 premissa,
1363 3707 1439 3767 tam
1465 3689 1646 3797 injuriose
1669 3708 1708 3769 et
1732 3691 1901 3769 indebite
1924 3707 2158 3797 attemptata,
2179 3716 2246 3794 per
2264 3715 2336 3767 nos

908 3820 955 3897 ad
970 3837 1105 3898 statum
1124 3821 1297 3898 debitum
1316 3823 1464 3913 reduci,
1479 3842 1532 3916 et,
1547 3853 1617 3933 pro
1634 3823 1842 3931 premissis,
1857 3822 2081 3933 condignam
2095 3820 2166 3898 sibi
2180 3820 2335 3927 prestari

909 3954 1865 4062 emendam;superquibusomnibustnandavimus,
1878 3984 1946 4064 per
1957 3953 2139 4031 ballivum
2147 3954 2338 4031 Senonen·

908 4114 1000 4179 sem,
1011 4085 1149 4163 vocatis
1166 4086 1275 4163 dictis
1290 4088 1460 4194 partibus
1476 4106 1514 4168 et
1529 4088 1610 4167 aliis
1625 4088 1834 4181 evocandis,
1845 4088 2039 4165 veritatem
2056 4085 2195 4193 inquiri
2209 4086 2336 4162 :Facta

907 4216 1023 4323 igitur
1041 4246 1154 4324 super
1174 4218 1247 4295 hiis
1266 4218 1439 4326 inquesta
1461 4240 1498 4299 et
1514 4221 1618 4301 curie
1633 4239 1761 4299 nostre
1779 4236 1977 4328 reportata,
1992 4219 2068 4295 visa
2083 4234 2121 4295 ct
2135 4216 2337 4325 diligenter

908 4350 1132 4439 examinata,
1154 4349 1368 4429 racionibus
1392 4370 1430 4429 ct
1454 4352 1748 4462 allegacionibus
1775 4352 1960 4429 dictarum
1988 4347 2155 4457 parcium
2185 4346 2336 4454 plenius

907 4480 1119 4571 intellectis,
1135 4480 1214 4559 viso
1230 4482 1348 4559 eciam
1365 4512 1541 4589 processu
1561 4514 1675 4593 super
1692 4484 1826 4564 saisina
1842 4483 1941 4561 dicte
1958 4480 2087 4571 viarie,
2105 4508 2174 4589 per
2188 4476 2333 4556 dictum

906 4609 1097 4702 ballivum,
1115 4614 1163 4689 ad
1178 4613 1398 4692 instanciam
1413 4616 1504 4694 dicti
1522 4616 1667 4694 domini
1681 4619 1730 4696 de
1739 4616 1897 4705 Noeriis,
1911 4614 2019 4704 lacto,
2037 4614 2124 4721 quia
2141 4612 2333 4689 inventum

908 4759 964 4821 est
979 4740 1208 4823 sufficienter
1221 4747 1421 4853 probatum
1438 4748 1582 4826 dictum
1596 4748 1796 4827 dominum
1813 4747 1861 4824 de
1873 4746 2029 4836 Noeriis,
2047 4745 2262 4825 Guidonem
2283 4742 2331 4820 de

906 4875 1051 4965 Briton,
1075 4876 1155 4985 ejus
1173 4877 1369 4970 ballivum,
1396 4898 1432 4957 et
1452 4881 1693 4960 Florencium
1712 4878 1918 4960 Marescalli
1935 4877 2161 4986 predictum,
2182 4892 2268 4981 post
2294 4892 2335 4952 et

907 5025 1034 5085 contra
1050 5009 1255 5117 predictam
1274 5013 1554 5119 opposicionem
1568 5042 1703 5092 manus
1724 5030 1851 5092 nostre
1874 5028 1912 5089 et
1926 5009 2228 5118 prohibicionem
2243 5006 2333 5107 dicti

906 5141 1099 5219 servientis
1118 5143 1250 5232 nostri,
1273 5142 1398 5221 officio
1419 5145 1518 5221 dicte
1535 5146 1649 5223 viarie
1668 5174 1708 5223 se
1727 5144 1992 5231 immiscuisse,
2016 5142 2116 5219 dicto
2136 5168 2214 5219 non
2228 5165 2337 5246 pres·

903 5269 976 5348 tito
986 5271 1221 5379 juramento,
1244 5290 1281 5351 et
1302 5274 1431 5380 plures
1451 5276 1604 5384 injurias
1622 5294 1661 5355 ct
1678 5276 1882 5355 violencias
1899 5274 2135 5363 bominibus,
2157 5269 2335 5378 gentibus

907 5420 944 5481 et
964 5402 1078 5481 rebus
1102 5406 1220 5513 ipsius
1244 5406 1424 5513 prepositi
1450 5396 1489 5485 et
1507 5412 1745 5518 prepositure
1768 5437 1836 5487 sue
1858 5407 2028 5516 predicte
2051 5404 2240 5491 intulisse,
2262 5428 2336 5509 per
