<?xml version="1.0" encoding="UTF-8"?>
<!DOCTYPE html PUBLIC "-//W3C//DTD XHTML 1.0 Transitional//EN"
    "http://www.w3.org/TR/xhtml1/DTD/xhtml1-transitional.dtd">
<html xmlns="http://www.w3.org/1999/xhtml" xml:lang="en" lang="en">
 <head>
  <title>
</title>
<meta http-equiv="Content-Type" content="text/html;charset=utf-8" />
  <meta name='ocr-system' content='tesseract 3.04.00' />
  <meta name='ocr-capabilities' content='ocr_page ocr_carea ocr_par ocr_line ocrx_word'/>
</head>
<body>
  <div class='ocr_page' id='page_1' title='image "./lesolimouregist00pargoog_0129.png"; bbox 0 0 5817 7292; ppageno 0'>
   <div class='ocr_carea' id='block_1_1' title="bbox 1071 1087 2068 1197">
    <p class='ocr_par' dir='ltr' id='par_1_1' title="bbox 1071 1087 2068 1197">
     <span class='ocr_line' id='line_1_1' title="bbox 1071 1087 2068 1197; baseline 0.004 -17"><span class='ocrx_word' id='word_1_1' title='bbox 1071 1087 1337 1197; x_wconf 75' lang='lat' dir='ltr'><strong>nuoonrns</strong></span> <span class='ocrx_word' id='word_1_2' title='bbox 1363 1109 1426 1180; x_wconf 82' lang='lat' dir='ltr'><strong>nr</strong></span> <span class='ocrx_word' id='word_1_3' title='bbox 1452 1090 1655 1184; x_wconf 75' lang='lat' dir='ltr'><strong>rnocns.</strong></span> <span class='ocrx_word' id='word_1_4' title='bbox 2024 1115 2068 1186; x_wconf 78' lang='lat'><strong>31</strong></span> 
     </span>
    </p>
   </div>
   <div class='ocr_carea' id='block_1_2' title="bbox 552 1245 2296 2248">
    <p class='ocr_par' dir='ltr' id='par_1_2' title="bbox 552 1245 2296 2138">
     <span class='ocr_line' id='line_1_2' title="bbox 552 1245 2296 1359; baseline 0.006 -38"><span class='ocrx_word' id='word_1_5' title='bbox 552 1279 559 1296; x_wconf 91' lang='lat'><strong>·</strong></span> <span class='ocrx_word' id='word_1_6' title='bbox 656 1245 915 1354; x_wconf 78' lang='lat' dir='ltr'><strong>dictismajori</strong></span> <span class='ocrx_word' id='word_1_7' title='bbox 935 1263 976 1324; x_wconf 86' lang='lat' dir='ltr'><strong>et</strong></span> <span class='ocrx_word' id='word_1_8' title='bbox 989 1248 1229 1355; x_wconf 80' lang='lat' dir='ltr'><strong>juratis,nec</strong></span> <span class='ocrx_word' id='word_1_9' title='bbox 1248 1249 1348 1356; x_wconf 92' lang='lat' dir='ltr'><strong>ipsos</strong></span> <span class='ocrx_word' id='word_1_10' title='bbox 1367 1251 1660 1359; x_wconf 84' lang='lat' dir='ltr'><strong>quomodolibet</strong></span> <span class='ocrx_word' id='word_1_11' title='bbox 1678 1252 1877 1358; x_wconf 88' lang='lat' dir='ltr'><strong>impedire.</strong></span> <span class='ocrx_word' id='word_1_12' title='bbox 1900 1258 1957 1333; x_wconf 90' lang='lat' dir='ltr'><strong>De</strong></span> <span class='ocrx_word' id='word_1_13' title='bbox 1976 1255 2071 1332; x_wconf 88' lang='lat' dir='ltr'><strong>halis</strong></span> <span class='ocrx_word' id='word_1_14' title='bbox 2103 1260 2235 1316; x_wconf 66' lang='lat' dir='ltr'><strong>Parnm</strong></span> <span class='ocrx_word' id='word_1_15' title='bbox 2254 1266 2296 1328; x_wconf 74' lang='grc' dir='ltr'><strong>Ν,</strong></span> 
     </span>
     <span class='ocr_line' id='line_1_3' title="bbox 652 1355 2235 1490; baseline 0.006 -36"><span class='ocrx_word' id='word_1_16' title='bbox 652 1404 760 1466; x_wconf 84' lang='lat' dir='ltr'><strong>vero,</strong></span> <span class='ocrx_word' id='word_1_17' title='bbox 789 1379 1081 1484; x_wconf 70' lang='lat' dir='ltr'><strong>pronunciatum</strong></span> <span class='ocrx_word' id='word_1_18' title='bbox 1103 1379 1175 1458; x_wconf 83' lang='lat' dir='ltr'><strong>luit</strong></span> <span class='ocrx_word' id='word_1_19' title='bbox 1194 1381 1375 1489; x_wconf 84' lang='lat' dir='ltr'><strong>majorem</strong></span> <span class='ocrx_word' id='word_1_20' title='bbox 1405 1399 1442 1459; x_wconf 92' lang='lat' dir='ltr'><strong>et</strong></span> <span class='ocrx_word' id='word_1_21' title='bbox 1455 1383 1602 1490; x_wconf 81' lang='lat' dir='ltr'><strong>juratos</strong></span> <span class='ocrx_word' id='word_1_22' title='bbox 1626 1383 1817 1490; x_wconf 87' lang='lat' dir='ltr'><strong>predictos</strong></span> <span class='ocrx_word' id='word_1_23' title='bbox 1835 1414 1913 1462; x_wconf 92' lang='lat' dir='ltr'><strong>non</strong></span> <span class='ocrx_word' id='word_1_24' title='bbox 1933 1385 2071 1464; x_wconf 88' lang='lat' dir='ltr'><strong>habere</strong></span> <span class='ocrx_word' id='word_1_25' title='bbox 2172 1355 2235 1404; x_wconf 50' lang='grc' dir='ltr'><strong>Μ’</strong></span> 
     </span>
     <span class='ocr_line' id='line_1_4' title="bbox 649 1507 2073 1621; baseline 0.008 -39"><span class='ocrx_word' id='word_1_26' title='bbox 649 1507 712 1613; x_wconf 89' lang='lat' dir='ltr'><strong>ju&#39;s</strong></span> <span class='ocrx_word' id='word_1_27' title='bbox 735 1508 891 1586; x_wconf 84' lang='lat' dir='ltr'><strong>tenendi</strong></span> <span class='ocrx_word' id='word_1_28' title='bbox 907 1508 1077 1588; x_wconf 84' lang='lat' dir='ltr'><strong>clausam</strong></span> <span class='ocrx_word' id='word_1_29' title='bbox 1101 1511 1244 1605; x_wconf 86' lang='lat' dir='ltr'><strong>halam,</strong></span> <span class='ocrx_word' id='word_1_30' title='bbox 1277 1511 1325 1590; x_wconf 93' lang='lat' dir='ltr'><strong>de</strong></span> <span class='ocrx_word' id='word_1_31' title='bbox 1355 1542 1429 1621; x_wconf 75' lang='lat' dir='ltr'><strong>(pra</strong></span> <span class='ocrx_word' id='word_1_32' title='bbox 1456 1531 1538 1593; x_wconf 89' lang='lat' dir='ltr'><strong>erat</strong></span> <span class='ocrx_word' id='word_1_33' title='bbox 1562 1515 1776 1605; x_wconf 76' lang='lat' dir='ltr'><strong>contencio,</strong></span> <span class='ocrx_word' id='word_1_34' title='bbox 1798 1543 1867 1621; x_wconf 90' lang='lat' dir='ltr'><strong>per</strong></span> <span class='ocrx_word' id='word_1_35' title='bbox 1891 1531 1969 1594; x_wconf 84' lang='lat' dir='ltr'><strong>tres.</strong></span> <span class='ocrx_word' id='word_1_36' title='bbox 1992 1516 2073 1594; x_wconf 89' lang='lat' dir='ltr'><strong>dios</strong></span> 
     </span>
     <span class='ocr_line' id='line_1_5' title="bbox 655 1636 2074 1752; baseline 0.005 -40"><span class='ocrx_word' id='word_1_37' title='bbox 655 1636 918 1716; x_wconf 89' lang='lat' dir='ltr'><strong>nundinarum</strong></span> <span class='ocrx_word' id='word_1_38' title='bbox 938 1641 1064 1718; x_wconf 88' lang='lat' dir='ltr'><strong>medie</strong></span> <span class='ocrx_word' id='word_1_39' title='bbox 1082 1642 1397 1752; x_wconf 84' lang='lat' dir='ltr'><strong>Quadragesimo,</strong></span> <span class='ocrx_word' id='word_1_40' title='bbox 1419 1671 1490 1721; x_wconf 87' lang='lat' dir='ltr'><strong>nec</strong></span> <span class='ocrx_word' id='word_1_41' title='bbox 1508 1643 1647 1721; x_wconf 90' lang='lat' dir='ltr'><strong>habere</strong></span> <span class='ocrx_word' id='word_1_42' title='bbox 1661 1646 1725 1752; x_wconf 85' lang='lat' dir='ltr'><strong>jus</strong></span> <span class='ocrx_word' id='word_1_43' title='bbox 1738 1643 1975 1752; x_wconf 82' lang='lat' dir='ltr'><strong>impediendi</strong></span> <span class='ocrx_word' id='word_1_44' title='bbox 1987 1675 2074 1752; x_wconf 81' lang='lat' dir='ltr'><strong>pre-</strong></span> 
     </span>
     <span class='ocr_line' id='line_1_6' title="bbox 655 1767 2074 1884; baseline 0.006 -41"><span class='ocrx_word' id='word_1_45' title='bbox 655 1767 776 1845; x_wconf 86' lang='lat' dir='ltr'><strong>dictos</strong></span> <span class='ocrx_word' id='word_1_46' title='bbox 801 1768 998 1878; x_wconf 87' lang='lat' dir='ltr'><strong>religiosos</strong></span> <span class='ocrx_word' id='word_1_47' title='bbox 1018 1772 1221 1879; x_wconf 88' lang='lat' dir='ltr'><strong>quominus</strong></span> <span class='ocrx_word' id='word_1_48' title='bbox 1245 1775 1317 1882; x_wconf 91' lang='lat' dir='ltr'><strong>ipsi</strong></span> <span class='ocrx_word' id='word_1_49' title='bbox 1345 1774 1571 1854; x_wconf 82' lang='lat' dir='ltr'><strong>theloneum</strong></span> <span class='ocrx_word' id='word_1_50' title='bbox 1593 1804 1705 1852; x_wconf 89' lang='lat' dir='ltr'><strong>suum</strong></span> <span class='ocrx_word' id='word_1_51' title='bbox 1727 1777 1873 1884; x_wconf 83' lang='lat' dir='ltr'><strong>possint</strong></span> <span class='ocrx_word' id='word_1_52' title='bbox 1897 1775 2074 1884; x_wconf 80' lang='lat' dir='ltr'><strong>colligere</strong></span> 
     </span>
     <span class='ocr_line' id='line_1_7' title="bbox 652 1898 2074 2013; baseline 0.008 -39"><span class='ocrx_word' id='word_1_53' title='bbox 652 1898 773 1988; x_wconf 83' lang='lat' dir='ltr'><strong>tribus</strong></span> <span class='ocrx_word' id='word_1_54' title='bbox 802 1899 936 1978; x_wconf 89' lang='lat' dir='ltr'><strong>diebus</strong></span> <span class='ocrx_word' id='word_1_55' title='bbox 961 1901 1141 2008; x_wconf 85' lang='lat' dir='ltr'><strong>predictis</strong></span> <span class='ocrx_word' id='word_1_56' title='bbox 1171 1905 1210 1980; x_wconf 92' lang='lat' dir='ltr'><strong>in</strong></span> <span class='ocrx_word' id='word_1_57' title='bbox 1241 1905 1339 1986; x_wconf 88' lang='lat' dir='ltr'><strong>dicta</strong></span> <span class='ocrx_word' id='word_1_58' title='bbox 1368 1906 1473 1999; x_wconf 88' lang='lat' dir='ltr'><strong>hala,</strong></span> <span class='ocrx_word' id='word_1_59' title='bbox 1503 1925 1541 1983; x_wconf 89' lang='lat' dir='ltr'><strong>et</strong></span> <span class='ocrx_word' id='word_1_60' title='bbox 1567 1908 1839 2011; x_wconf 84' lang='lat' dir='ltr'><strong>impedimenta</strong></span> <span class='ocrx_word' id='word_1_61' title='bbox 1863 1935 1976 2013; x_wconf 88' lang='lat' dir='ltr'><strong>super</strong></span> <span class='ocrx_word' id='word_1_62' title='bbox 2001 1907 2074 1985; x_wconf 87' lang='lat' dir='ltr'><strong>hoc</strong></span> 
     </span>
     <span class='ocr_line' id='line_1_8' title="bbox 654 2030 1315 2138; baseline 0.005 -30"><span class='ocrx_word' id='word_1_63' title='bbox 654 2030 761 2108; x_wconf 83' lang='lat' dir='ltr'><strong>dictis</strong></span> <span class='ocrx_word' id='word_1_64' title='bbox 780 2030 964 2138; x_wconf 80' lang='lat' dir='ltr'><strong>religiosis</strong></span> <span class='ocrx_word' id='word_1_65' title='bbox 980 2035 1315 2114; x_wconf 75' lang='lat' dir='ltr'><strong>amoveri-debere.</strong></span> 
     </span>
    </p>

    <p class='ocr_par' dir='ltr' id='par_1_3' title="bbox 686 2163 1038 2248">
     <span class='ocr_line' id='line_1_9' title="bbox 686 2163 1038 2248; baseline 0.003 -11"><span class='ocrx_word' id='word_1_66' title='bbox 686 2195 689 2203; x_wconf 66' lang='grc'>’</span> <span class='ocrx_word' id='word_1_67' title='bbox 706 2163 833 2242; x_wconf 83' lang='lat' dir='ltr'><strong>Mense</strong></span> <span class='ocrx_word' id='word_1_68' title='bbox 850 2163 1038 2248; x_wconf 78' lang='lat' dir='ltr'><strong>lanuario.</strong></span> 
     </span>
    </p>
   </div>
   <div class='ocr_carea' id='block_1_3' title="bbox 615 2423 2069 3442">
    <p class='ocr_par' dir='ltr' id='par_1_4' title="bbox 706 2423 2069 2538">
     <span class='ocr_line' id='line_1_10' title="bbox 706 2423 2069 2538; baseline 0.008 -41"><span class='ocrx_word' id='word_1_69' title='bbox 706 2423 868 2498; x_wconf 78' lang='lat' dir='ltr'><strong>xxxtx.</strong></span> <span class='ocrx_word' id='word_1_70' title='bbox 900 2425 1075 2531; x_wconf 87' lang='lat' dir='ltr'><strong>lnquesta</strong></span> <span class='ocrx_word' id='word_1_71' title='bbox 1089 2426 1181 2504; x_wconf 84' lang='lat' dir='ltr'><strong>facta</strong></span> <span class='ocrx_word' id='word_1_72' title='bbox 1198 2457 1311 2534; x_wconf 89' lang='lat' dir='ltr'><strong>super</strong></span> <span class='ocrx_word' id='word_1_73' title='bbox 1326 2430 1475 2538; x_wconf 89' lang='lat' dir='ltr'><strong>injuriis</strong></span> <span class='ocrx_word' id='word_1_74' title='bbox 1490 2448 1529 2507; x_wconf 91' lang='lat' dir='ltr'><strong>et</strong></span> <span class='ocrx_word' id='word_1_75' title='bbox 1548 2430 1764 2510; x_wconf 71' lang='lat' dir='ltr'><strong>sanitatibus</strong></span> <span class='ocrx_word' id='word_1_76' title='bbox 1783 2423 1899 2509; x_wconf 88' lang='lat' dir='ltr'><strong>illatis</strong></span> <span class='ocrx_word' id='word_1_77' title='bbox 1917 2431 2069 2510; x_wconf 90' lang='lat' dir='ltr'><strong>domine</strong></span> 
     </span>
    </p>

    <p class='ocr_par' dir='ltr' id='par_1_5' title="bbox 650 2553 2069 2669">
     <span class='ocr_line' id='line_1_11' title="bbox 650 2553 2069 2669; baseline 0.008 -41"><span class='ocrx_word' id='word_1_78' title='bbox 650 2553 697 2628; x_wconf 91' lang='lat' dir='ltr'><strong>de</strong></span> <span class='ocrx_word' id='word_1_79' title='bbox 716 2553 903 2632; x_wconf 75' lang='lat' dir='ltr'><strong>Banu-val</strong></span> <span class='ocrx_word' id='word_1_80' title='bbox 922 2583 990 2660; x_wconf 91' lang='lat' dir='ltr'><strong>per</strong></span> <span class='ocrx_word' id='word_1_81' title='bbox 1009 2557 1188 2636; x_wconf 89' lang='lat' dir='ltr'><strong>maritum</strong></span> <span class='ocrx_word' id='word_1_82' title='bbox 1209 2589 1323 2636; x_wconf 91' lang='lat' dir='ltr'><strong>suum</strong></span> <span class='ocrx_word' id='word_1_83' title='bbox 1350 2561 1425 2638; x_wconf 80' lang='lat' dir='ltr'><strong>visa</strong></span> <span class='ocrx_word' id='word_1_84' title='bbox 1446 2579 1502 2639; x_wconf 86' lang='lat' dir='ltr'><strong>est</strong></span> <span class='ocrx_word' id='word_1_85' title='bbox 1522 2579 1560 2639; x_wconf 92' lang='lat' dir='ltr'><strong>et</strong></span> <span class='ocrx_word' id='word_1_86' title='bbox 1580 2563 1768 2669; x_wconf 82' lang='lat' dir='ltr'><strong>expedita,</strong></span> <span class='ocrx_word' id='word_1_87' title='bbox 1790 2580 1829 2638; x_wconf 89' lang='lat' dir='ltr'><strong>et</strong></span> <span class='ocrx_word' id='word_1_88' title='bbox 1849 2563 2069 2640; x_wconf 85' lang='lat' dir='ltr'><strong>mandatum</strong></span> 
     </span>
    </p>

    <p class='ocr_par' dir='ltr' id='par_1_6' title="bbox 649 2679 2069 2799">
     <span class='ocr_line' id='line_1_12' title="bbox 649 2679 2069 2799; baseline 0.007 -42"><span class='ocrx_word' id='word_1_89' title='bbox 649 2679 786 2760; x_wconf 83' lang='lat' dir='ltr'><strong>ballivo</strong></span> <span class='ocrx_word' id='word_1_90' title='bbox 805 2682 1048 2762; x_wconf 81' lang='lat' dir='ltr'><strong>Ambianensi</strong></span> <span class='ocrx_word' id='word_1_91' title='bbox 1068 2688 1176 2793; x_wconf 90' lang='lat' dir='ltr'><strong>quod</strong></span> <span class='ocrx_word' id='word_1_92' title='bbox 1202 2690 1235 2764; x_wconf 90' lang='lat' dir='ltr'><strong>ei</strong></span> <span class='ocrx_word' id='word_1_93' title='bbox 1257 2691 1305 2766; x_wconf 92' lang='lat' dir='ltr'><strong>de</strong></span> <span class='ocrx_word' id='word_1_94' title='bbox 1334 2691 1531 2768; x_wconf 83' lang='lat' dir='ltr'><strong>securitate</strong></span> <span class='ocrx_word' id='word_1_95' title='bbox 1554 2693 1763 2798; x_wconf 77' lang='lat' dir='ltr'><strong>provideat,</strong></span> <span class='ocrx_word' id='word_1_96' title='bbox 1784 2693 1834 2769; x_wconf 80' lang='lat' dir='ltr'><strong>ita</strong></span> <span class='ocrx_word' id='word_1_97' title='bbox 1854 2692 1959 2796; x_wconf 89' lang='lat' dir='ltr'><strong>quod</strong></span> <span class='ocrx_word' id='word_1_98' title='bbox 1988 2694 2069 2799; x_wconf 91' lang='lat' dir='ltr'><strong>ejus</strong></span> 
     </span>
    </p>

    <p class='ocr_par' dir='ltr' id='par_1_7' title="bbox 615 2799 2069 2908">
     <span class='ocr_line' id='line_1_13' title="bbox 615 2799 2069 2908; baseline 0.005 -20"><span class='ocrx_word' id='word_1_99' title='bbox 615 2799 622 2818; x_wconf 65' lang='lat'>⁸</span> <span class='ocrx_word' id='word_1_100' title='bbox 648 2812 804 2890; x_wconf 86' lang='lat' dir='ltr'><strong>maritus</strong></span> <span class='ocrx_word' id='word_1_101' title='bbox 823 2813 975 2892; x_wconf 86' lang='lat' dir='ltr'><strong>sevicias</strong></span> <span class='ocrx_word' id='word_1_102' title='bbox 990 2843 1068 2893; x_wconf 89' lang='lat' dir='ltr'><strong>non</strong></span> <span class='ocrx_word' id='word_1_103' title='bbox 1084 2835 1252 2894; x_wconf 85' lang='lat' dir='ltr'><strong>exerceat</strong></span> <span class='ocrx_word' id='word_1_104' title='bbox 1271 2837 1401 2896; x_wconf 87' lang='lat' dir='ltr'><strong>contra</strong></span> <span class='ocrx_word' id='word_1_105' title='bbox 1416 2849 1515 2908; x_wconf 89' lang='lat' dir='ltr'><strong>eam,</strong></span> <span class='ocrx_word' id='word_1_106' title='bbox 1537 2838 1576 2896; x_wconf 92' lang='lat' dir='ltr'><strong>et</strong></span> <span class='ocrx_word' id='word_1_107' title='bbox 1593 2823 1641 2897; x_wconf 93' lang='lat' dir='ltr'><strong>de</strong></span> <span class='ocrx_word' id='word_1_108' title='bbox 1660 2821 1761 2897; x_wconf 82' lang='lat' dir='ltr'><strong>victu</strong></span> <span class='ocrx_word' id='word_1_109' title='bbox 1776 2821 1846 2897; x_wconf 86' lang='lat' dir='ltr'><strong>sihi</strong></span> <span class='ocrx_word' id='word_1_110' title='bbox 1868 2821 1975 2897; x_wconf 83' lang='lat' dir='ltr'><strong>saciat</strong></span> <span class='ocrx_word' id='word_1_111' title='bbox 1990 2821 2069 2899; x_wconf 87' lang='lat' dir='ltr'><strong>sus-</strong></span> 
     </span>
    </p>

    <p class='ocr_par' dir='ltr' id='par_1_8' title="bbox 649 2941 2068 3059">
     <span class='ocr_line' id='line_1_14' title="bbox 649 2941 2068 3059; baseline 0.007 -41"><span class='ocrx_word' id='word_1_112' title='bbox 649 2941 820 3022; x_wconf 84' lang='lat' dir='ltr'><strong>ficienter</strong></span> <span class='ocrx_word' id='word_1_113' title='bbox 834 2945 1040 3050; x_wconf 87' lang='lat' dir='ltr'><strong>provideri,</strong></span> <span class='ocrx_word' id='word_1_114' title='bbox 1063 2975 1132 3053; x_wconf 91' lang='lat' dir='ltr'><strong>pro</strong></span> <span class='ocrx_word' id='word_1_115' title='bbox 1152 2975 1192 3024; x_wconf 91' lang='lat' dir='ltr'><strong>se</strong></span> <span class='ocrx_word' id='word_1_116' title='bbox 1219 2964 1259 3025; x_wconf 88' lang='lat' dir='ltr'><strong>et</strong></span> <span class='ocrx_word' id='word_1_117' title='bbox 1280 2946 1412 3026; x_wconf 90' lang='lat' dir='ltr'><strong>liberis</strong></span> <span class='ocrx_word' id='word_1_118' title='bbox 1433 2950 1510 3026; x_wconf 86' lang='lat' dir='ltr'><strong>suis</strong></span> <span class='ocrx_word' id='word_1_119' title='bbox 1530 2951 1597 3055; x_wconf 90' lang='lat' dir='ltr'><strong>qui</strong></span> <span class='ocrx_word' id='word_1_120' title='bbox 1620 2969 1710 3028; x_wconf 89' lang='lat' dir='ltr'><strong>sunt</strong></span> <span class='ocrx_word' id='word_1_121' title='bbox 1729 2979 1813 3028; x_wconf 91' lang='lat' dir='ltr'><strong>cum</strong></span> <span class='ocrx_word' id='word_1_122' title='bbox 1835 2979 1896 3040; x_wconf 86' lang='lat' dir='ltr'><strong>ea;</strong></span> <span class='ocrx_word' id='word_1_123' title='bbox 1918 2969 1956 3028; x_wconf 90' lang='lat' dir='ltr'><strong>et</strong></span> <span class='ocrx_word' id='word_1_124' title='bbox 1979 2952 2068 3059; x_wconf 86' lang='lat' dir='ltr'><strong>quia</strong></span> 
     </span>
    </p>

    <p class='ocr_par' dir='ltr' id='par_1_9' title="bbox 648 3072 2068 3185">
     <span class='ocr_line' id='line_1_15' title="bbox 648 3072 2068 3185; baseline 0.006 -37"><span class='ocrx_word' id='word_1_125' title='bbox 648 3072 770 3150; x_wconf 88' lang='lat' dir='ltr'><strong>dictus</strong></span> <span class='ocrx_word' id='word_1_126' title='bbox 792 3074 952 3152; x_wconf 88' lang='lat' dir='ltr'><strong>maritus</strong></span> <span class='ocrx_word' id='word_1_127' title='bbox 982 3104 1068 3152; x_wconf 91' lang='lat' dir='ltr'><strong>cum</strong></span> <span class='ocrx_word' id='word_1_128' title='bbox 1096 3105 1138 3155; x_wconf 87' lang='lat' dir='ltr'><strong>ea</strong></span> <span class='ocrx_word' id='word_1_129' title='bbox 1167 3094 1358 3185; x_wconf 87' lang='lat' dir='ltr'><strong>acceperat</strong></span> <span class='ocrx_word' id='word_1_130' title='bbox 1382 3079 1451 3156; x_wconf 88' lang='lat' dir='ltr'><strong>tria</strong></span> <span class='ocrx_word' id='word_1_131' title='bbox 1482 3079 1603 3156; x_wconf 90' lang='lat' dir='ltr'><strong>millia</strong></span> <span class='ocrx_word' id='word_1_132' title='bbox 1627 3079 1823 3171; x_wconf 89' lang='lat' dir='ltr'><strong>librarum,</strong></span> <span class='ocrx_word' id='word_1_133' title='bbox 1846 3082 1947 3157; x_wconf 89' lang='lat' dir='ltr'><strong>curia</strong></span> <span class='ocrx_word' id='word_1_134' title='bbox 1966 3082 2068 3157; x_wconf 91' lang='lat' dir='ltr'><strong>ordi-</strong></span> 
     </span>
    </p>

    <p class='ocr_par' dir='ltr' id='par_1_10' title="bbox 646 3205 2067 3442">
     <span class='ocr_line' id='line_1_16' title="bbox 648 3205 2067 3316; baseline 0.005 -37"><span class='ocrx_word' id='word_1_135' title='bbox 648 3205 952 3294; x_wconf 84' lang='lat' dir='ltr'><strong>navitsummam</strong></span> <span class='ocrx_word' id='word_1_136' title='bbox 974 3207 1093 3284; x_wconf 82' lang='lat' dir='ltr'><strong>victus</strong></span> <span class='ocrx_word' id='word_1_137' title='bbox 1112 3209 1161 3284; x_wconf 88' lang='lat' dir='ltr'><strong>ad</strong></span> <span class='ocrx_word' id='word_1_138' title='bbox 1178 3226 1364 3288; x_wconf 87' lang='lat' dir='ltr'><strong>trecentas</strong></span> <span class='ocrx_word' id='word_1_139' title='bbox 1385 3208 1501 3287; x_wconf 84' lang='lat' dir='ltr'><strong>libras</strong></span> <span class='ocrx_word' id='word_1_140' title='bbox 1518 3212 1775 3303; x_wconf 90' lang='lat' dir='ltr'><strong>Turonenses,</strong></span> <span class='ocrx_word' id='word_1_141' title='bbox 1796 3240 1866 3316; x_wconf 91' lang='lat' dir='ltr'><strong>pro</strong></span> <span class='ocrx_word' id='word_1_142' title='bbox 1885 3239 2007 3301; x_wconf 90' lang='lat' dir='ltr'><strong>anno,</strong></span> <span class='ocrx_word' id='word_1_143' title='bbox 2030 3229 2067 3287; x_wconf 87' lang='lat' dir='ltr'><strong>et</strong></span> 
     </span>
     <span class='ocr_line' id='line_1_17' title="bbox 646 3333 1709 3442; baseline 0.007 -32"><span class='ocrx_word' id='word_1_144' title='bbox 646 3336 698 3410; x_wconf 90' lang='lat' dir='ltr'><strong>sic</strong></span> <span class='ocrx_word' id='word_1_145' title='bbox 718 3333 879 3442; x_wconf 83' lang='lat' dir='ltr'><strong>injunxit</strong></span> <span class='ocrx_word' id='word_1_146' title='bbox 893 3335 999 3415; x_wconf 88' lang='lat' dir='ltr'><strong>curia</strong></span> <span class='ocrx_word' id='word_1_147' title='bbox 1019 3336 1173 3429; x_wconf 87' lang='lat' dir='ltr'><strong>ballivo,</strong></span> <span class='ocrx_word' id='word_1_148' title='bbox 1196 3339 1349 3442; x_wconf 88' lang='lat' dir='ltr'><strong>quando</strong></span> <span class='ocrx_word' id='word_1_149' title='bbox 1367 3340 1469 3416; x_wconf 82' lang='lat' dir='ltr'><strong>venit</strong></span> <span class='ocrx_word' id='word_1_150' title='bbox 1488 3341 1536 3416; x_wconf 90' lang='lat' dir='ltr'><strong>ad</strong></span> <span class='ocrx_word' id='word_1_151' title='bbox 1556 3341 1709 3417; x_wconf 87' lang='lat' dir='ltr'><strong>curiam.</strong></span> 
     </span>
    </p>
   </div>
   <div class='ocr_carea' id='block_1_4' title="bbox 643 3590 2074 5537">
    <p class='ocr_par' dir='ltr' id='par_1_11' title="bbox 643 3590 2074 5537">
     <span class='ocr_line' id='line_1_18' title="bbox 700 3590 2074 3708; baseline 0.005 -36"><span class='ocrx_word' id='word_1_152' title='bbox 700 3597 774 3672; x_wconf 89' lang='lat' dir='ltr'><strong>XL.</strong></span> <span class='ocrx_word' id='word_1_153' title='bbox 808 3595 907 3674; x_wconf 92' lang='lat' dir='ltr'><strong>Cum</strong></span> <span class='ocrx_word' id='word_1_154' title='bbox 934 3597 1033 3674; x_wconf 87' lang='lat' dir='ltr'><strong>inter</strong></span> <span class='ocrx_word' id='word_1_155' title='bbox 1057 3599 1224 3704; x_wconf 88' lang='lat' dir='ltr'><strong>priorem</strong></span> <span class='ocrx_word' id='word_1_156' title='bbox 1245 3616 1282 3676; x_wconf 90' lang='lat' dir='ltr'><strong>et</strong></span> <span class='ocrx_word' id='word_1_157' title='bbox 1302 3599 1509 3704; x_wconf 87' lang='lat' dir='ltr'><strong>capitulum</strong></span> <span class='ocrx_word' id='word_1_158' title='bbox 1536 3601 1750 3708; x_wconf 72' lang='lat' dir='ltr'><strong>sagienses,</strong></span> <span class='ocrx_word' id='word_1_159' title='bbox 1773 3629 1817 3678; x_wconf 86' lang='lat' dir='ltr'><strong>ex</strong></span> <span class='ocrx_word' id='word_1_160' title='bbox 1843 3631 1918 3680; x_wconf 91' lang='lat' dir='ltr'><strong>una</strong></span> <span class='ocrx_word' id='word_1_161' title='bbox 1942 3590 2074 3708; x_wconf 83' lang='lat' dir='ltr'><strong>parte,</strong></span> 
     </span>
     <span class='ocr_line' id='line_1_19' title="bbox 646 3729 2066 3841; baseline 0.004 -39"><span class='ocrx_word' id='word_1_162' title='bbox 646 3743 683 3802; x_wconf 90' lang='lat' dir='ltr'><strong>et</strong></span> <span class='ocrx_word' id='word_1_163' title='bbox 711 3744 843 3834; x_wconf 83' lang='lat' dir='ltr'><strong>gentes</strong></span> <span class='ocrx_word' id='word_1_164' title='bbox 859 3747 1017 3805; x_wconf 82' lang='lat' dir='ltr'><strong>nostras</strong></span> <span class='ocrx_word' id='word_1_165' title='bbox 1045 3745 1219 3805; x_wconf 86' lang='lat' dir='ltr'><strong>tenentes</strong></span> <span class='ocrx_word' id='word_1_166' title='bbox 1246 3729 1370 3838; x_wconf 83' lang='lat' dir='ltr'><strong>regale</strong></span> <span class='ocrx_word' id='word_1_167' title='bbox 1398 3729 1633 3836; x_wconf 77' lang='lat' dir='ltr'><strong>episcopatus</strong></span> <span class='ocrx_word' id='word_1_168' title='bbox 1658 3731 1864 3841; x_wconf 76' lang='lat' dir='ltr'><strong>sagiensis,</strong></span> <span class='ocrx_word' id='word_1_169' title='bbox 1894 3733 1984 3810; x_wconf 82' lang='lat' dir='ltr'><strong>sede</strong></span> <span class='ocrx_word' id='word_1_170' title='bbox 2008 3763 2066 3808; x_wconf 83' lang='lat' dir='ltr'><strong>va-</strong></span> 
     </span>
     <span class='ocr_line' id='line_1_20' title="bbox 645 3859 2065 3964; baseline 0.006 -33"><span class='ocrx_word' id='word_1_171' title='bbox 645 3873 768 3948; x_wconf 82' lang='lat' dir='ltr'><strong>cante,</strong></span> <span class='ocrx_word' id='word_1_172' title='bbox 794 3887 864 3964; x_wconf 92' lang='lat' dir='ltr'><strong>pro</strong></span> <span class='ocrx_word' id='word_1_173' title='bbox 891 3859 1002 3936; x_wconf 85' lang='lat' dir='ltr'><strong>nobis</strong></span> <span class='ocrx_word' id='word_1_174' title='bbox 1029 3877 1069 3936; x_wconf 89' lang='lat' dir='ltr'><strong>et</strong></span> <span class='ocrx_word' id='word_1_175' title='bbox 1095 3860 1249 3938; x_wconf 90' lang='lat' dir='ltr'><strong>nomine</strong></span> <span class='ocrx_word' id='word_1_176' title='bbox 1273 3877 1421 3952; x_wconf 87' lang='lat' dir='ltr'><strong>nostro,</strong></span> <span class='ocrx_word' id='word_1_177' title='bbox 1443 3859 1484 3937; x_wconf 90' lang='lat' dir='ltr'><strong>in</strong></span> <span class='ocrx_word' id='word_1_178' title='bbox 1515 3863 1675 3940; x_wconf 85' lang='lat' dir='ltr'><strong>scacario</strong></span> <span class='ocrx_word' id='word_1_179' title='bbox 1701 3881 1832 3942; x_wconf 88' lang='lat' dir='ltr'><strong>nostro</strong></span> <span class='ocrx_word' id='word_1_180' title='bbox 1859 3864 2065 3940; x_wconf 86' lang='lat' dir='ltr'><strong>Rothoma·</strong></span> 
     </span>
     <span class='ocr_line' id='line_1_21' title="bbox 646 3985 2064 4100; baseline 0.005 -37"><span class='ocrx_word' id='word_1_181' title='bbox 646 3985 771 4092; x_wconf 85' lang='lat' dir='ltr'><strong>gensi,</strong></span> <span class='ocrx_word' id='word_1_182' title='bbox 801 4015 844 4063; x_wconf 84' lang='lat' dir='ltr'><strong>ex</strong></span> <span class='ocrx_word' id='word_1_183' title='bbox 872 3988 1005 4080; x_wconf 85' lang='lat' dir='ltr'><strong>altera,</strong></span> <span class='ocrx_word' id='word_1_184' title='bbox 1034 3990 1286 4068; x_wconf 84' lang='lat' dir='ltr'><strong>controversia</strong></span> <span class='ocrx_word' id='word_1_185' title='bbox 1313 4007 1522 4070; x_wconf 74' lang='lat' dir='ltr'><strong>verteretur</strong></span> <span class='ocrx_word' id='word_1_186' title='bbox 1551 4021 1739 4099; x_wconf 85' lang='lat' dir='ltr'><strong>supereo</strong></span> <span class='ocrx_word' id='word_1_187' title='bbox 1771 3996 1876 4100; x_wconf 91' lang='lat' dir='ltr'><strong>quod</strong></span> <span class='ocrx_word' id='word_1_188' title='bbox 1904 3993 2064 4100; x_wconf 86' lang='lat' dir='ltr'><strong>predicti</strong></span> 
     </span>
     <span class='ocr_line' id='line_1_22' title="bbox 644 4117 2064 4229; baseline 0.005 -38"><span class='ocrx_word' id='word_1_189' title='bbox 644 4117 751 4223; x_wconf 90' lang='lat' dir='ltr'><strong>prior</strong></span> <span class='ocrx_word' id='word_1_190' title='bbox 770 4133 809 4192; x_wconf 90' lang='lat' dir='ltr'><strong>et</strong></span> <span class='ocrx_word' id='word_1_191' title='bbox 827 4118 1034 4223; x_wconf 90' lang='lat' dir='ltr'><strong>capitulum</strong></span> <span class='ocrx_word' id='word_1_192' title='bbox 1055 4122 1269 4200; x_wconf 84' lang='lat' dir='ltr'><strong>asserebant</strong></span> <span class='ocrx_word' id='word_1_193' title='bbox 1283 4149 1322 4198; x_wconf 89' lang='lat' dir='ltr'><strong>se</strong></span> <span class='ocrx_word' id='word_1_194' title='bbox 1344 4149 1423 4199; x_wconf 89' lang='lat' dir='ltr'><strong>esse</strong></span> <span class='ocrx_word' id='word_1_195' title='bbox 1444 4137 1483 4196; x_wconf 89' lang='lat' dir='ltr'><strong>et</strong></span> <span class='ocrx_word' id='word_1_196' title='bbox 1504 4119 1636 4211; x_wconf 83' lang='lat' dir='ltr'><strong>fuisse,</strong></span> <span class='ocrx_word' id='word_1_197' title='bbox 1659 4152 1680 4197; x_wconf 91' lang='lat' dir='ltr'><strong>a</strong></span> <span class='ocrx_word' id='word_1_198' title='bbox 1698 4138 1870 4227; x_wconf 87' lang='lat' dir='ltr'><strong>tempore</strong></span> <span class='ocrx_word' id='word_1_199' title='bbox 1890 4125 1996 4229; x_wconf 91' lang='lat' dir='ltr'><strong>cujus</strong></span> <span class='ocrx_word' id='word_1_200' title='bbox 2016 4125 2064 4198; x_wconf 91' lang='lat' dir='ltr'><strong>de</strong></span> 
     </span>
     <span class='ocr_line' id='line_1_23' title="bbox 646 4247 2063 4356; baseline 0.001 -31"><span class='ocrx_word' id='word_1_201' title='bbox 646 4247 836 4326; x_wconf 85' lang='lat' dir='ltr'><strong>contrario</strong></span> <span class='ocrx_word' id='word_1_202' title='bbox 864 4249 1065 4325; x_wconf 91' lang='lat' dir='ltr'><strong>hominum</strong></span> <span class='ocrx_word' id='word_1_203' title='bbox 1092 4251 1276 4327; x_wconf 86' lang='lat' dir='ltr'><strong>memoria</strong></span> <span class='ocrx_word' id='word_1_204' title='bbox 1302 4277 1379 4326; x_wconf 91' lang='lat' dir='ltr'><strong>non</strong></span> <span class='ocrx_word' id='word_1_205' title='bbox 1410 4250 1551 4337; x_wconf 84' lang='lat' dir='ltr'><strong>existit,</strong></span> <span class='ocrx_word' id='word_1_206' title='bbox 1580 4250 1620 4324; x_wconf 90' lang='lat' dir='ltr'><strong>in</strong></span> <span class='ocrx_word' id='word_1_207' title='bbox 1647 4249 1800 4353; x_wconf 87' lang='lat' dir='ltr'><strong>pacifica</strong></span> <span class='ocrx_word' id='word_1_208' title='bbox 1829 4251 2063 4356; x_wconf 85' lang='lat' dir='ltr'><strong>possessione</strong></span> 
     </span>
     <span class='ocr_line' id='line_1_24' title="bbox 644 4375 2063 4488; baseline 0.003 -34"><span class='ocrx_word' id='word_1_209' title='bbox 644 4375 709 4456; x_wconf 81' lang='lat' dir='ltr'><strong>vel·</strong></span> <span class='ocrx_word' id='word_1_210' title='bbox 732 4380 839 4485; x_wconf 88' lang='lat' dir='ltr'><strong>quasi</strong></span> <span class='ocrx_word' id='word_1_211' title='bbox 863 4379 1116 4486; x_wconf 87' lang='lat' dir='ltr'><strong>percipiendi,</strong></span> <span class='ocrx_word' id='word_1_212' title='bbox 1138 4381 1186 4458; x_wconf 86' lang='lat' dir='ltr'><strong>ab</strong></span> <span class='ocrx_word' id='word_1_213' title='bbox 1215 4379 1398 4488; x_wconf 89' lang='lat' dir='ltr'><strong>episcopis</strong></span> <span class='ocrx_word' id='word_1_214' title='bbox 1421 4378 1677 4487; x_wconf 82' lang='lat' dir='ltr'><strong>Sagiensibus,</strong></span> <span class='ocrx_word' id='word_1_215' title='bbox 1705 4380 1770 4487; x_wconf 93' lang='lat' dir='ltr'><strong>qui</strong></span> <span class='ocrx_word' id='word_1_216' title='bbox 1796 4409 1864 4487; x_wconf 91' lang='lat' dir='ltr'><strong>pro</strong></span> <span class='ocrx_word' id='word_1_217' title='bbox 1893 4398 2063 4488; x_wconf 83' lang='lat' dir='ltr'><strong>tempore</strong></span> 
     </span>
     <span class='ocr_line' id='line_1_25' title="bbox 644 4507 2060 4617; baseline 0.004 -31"><span class='ocrx_word' id='word_1_218' title='bbox 644 4507 814 4601; x_wconf 75' lang='lat' dir='ltr'><strong>filerunt,</strong></span> <span class='ocrx_word' id='word_1_219' title='bbox 838 4526 960 4587; x_wconf 82' lang='lat' dir='ltr'><strong>certos</strong></span> <span class='ocrx_word' id='word_1_220' title='bbox 984 4509 1151 4588; x_wconf 91' lang='lat' dir='ltr'><strong>dinerios</strong></span> <span class='ocrx_word' id='word_1_221' title='bbox 1169 4539 1237 4588; x_wconf 89' lang='lat' dir='ltr'><strong>seu</strong></span> <span class='ocrx_word' id='word_1_222' title='bbox 1256 4510 1558 4617; x_wconf 88' lang='lat' dir='ltr'><strong>procuraciones,</strong></span> <span class='ocrx_word' id='word_1_223' title='bbox 1579 4511 1692 4588; x_wconf 85' lang='lat' dir='ltr'><strong>certis</strong></span> <span class='ocrx_word' id='word_1_224' title='bbox 1714 4512 1851 4590; x_wconf 89' lang='lat' dir='ltr'><strong>diebus</strong></span> <span class='ocrx_word' id='word_1_225' title='bbox 1874 4514 1914 4589; x_wconf 91' lang='lat' dir='ltr'><strong>in</strong></span> <span class='ocrx_word' id='word_1_226' title='bbox 1942 4541 2060 4602; x_wconf 87' lang='lat' dir='ltr'><strong>anno,</strong></span> 
     </span>
     <span class='ocr_line' id='line_1_26' title="bbox 643 4639 2061 4737; baseline 0.004 -23"><span class='ocrx_word' id='word_1_227' title='bbox 643 4639 819 4717; x_wconf 87' lang='lat' dir='ltr'><strong>videlicet</strong></span> <span class='ocrx_word' id='word_1_228' title='bbox 836 4641 877 4716; x_wconf 87' lang='lat' dir='ltr'><strong>in</strong></span> <span class='ocrx_word' id='word_1_229' title='bbox 896 4639 1089 4732; x_wconf 87' lang='lat' dir='ltr'><strong>Paschate,</strong></span> <span class='ocrx_word' id='word_1_230' title='bbox 1113 4641 1151 4717; x_wconf 93' lang='lat' dir='ltr'><strong>in</strong></span> <span class='ocrx_word' id='word_1_231' title='bbox 1170 4641 1419 4736; x_wconf 80' lang='lat' dir='ltr'><strong>Ascencione,</strong></span> <span class='ocrx_word' id='word_1_232' title='bbox 1438 4643 1477 4721; x_wconf 92' lang='lat' dir='ltr'><strong>in</strong></span> <span class='ocrx_word' id='word_1_233' title='bbox 1491 4643 1756 4737; x_wconf 87' lang='lat' dir='ltr'><strong>Penthecoste,</strong></span> <span class='ocrx_word' id='word_1_234' title='bbox 1774 4643 1814 4720; x_wconf 90' lang='lat' dir='ltr'><strong>in</strong></span> <span class='ocrx_word' id='word_1_235' title='bbox 1833 4642 1928 4722; x_wconf 86' lang='lat' dir='ltr'><strong>festo</strong></span> <span class='ocrx_word' id='word_1_236' title='bbox 1945 4645 2061 4721; x_wconf 87' lang='lat' dir='ltr'><strong>sancti</strong></span> 
     </span>
     <span class='ocr_line' id='line_1_27' title="bbox 643 4768 2063 4882; baseline 0.004 -34"><span class='ocrx_word' id='word_1_237' title='bbox 643 4768 808 4848; x_wconf 86' lang='lat' dir='ltr'><strong>Gervasii</strong></span> <span class='ocrx_word' id='word_1_238' title='bbox 829 4768 1005 4862; x_wconf 80' lang='lat' dir='ltr'><strong>estivalis,</strong></span> <span class='ocrx_word' id='word_1_239' title='bbox 1035 4773 1074 4849; x_wconf 89' lang='lat' dir='ltr'><strong>in</strong></span> <span class='ocrx_word' id='word_1_240' title='bbox 1097 4771 1369 4882; x_wconf 87' lang='lat' dir='ltr'><strong>Assumpcione</strong></span> <span class='ocrx_word' id='word_1_241' title='bbox 1389 4775 1497 4854; x_wconf 83' lang='lat' dir='ltr'><strong>beate</strong></span> <span class='ocrx_word' id='word_1_242' title='bbox 1521 4774 1656 4868; x_wconf 86' lang='lat' dir='ltr'><strong>Maria,</strong></span> <span class='ocrx_word' id='word_1_243' title='bbox 1679 4774 1718 4852; x_wconf 91' lang='lat' dir='ltr'><strong>in</strong></span> <span class='ocrx_word' id='word_1_244' title='bbox 1744 4776 1839 4854; x_wconf 85' lang='lat' dir='ltr'><strong>festo</strong></span> <span class='ocrx_word' id='word_1_245' title='bbox 1863 4775 2063 4856; x_wconf 88' lang='lat' dir='ltr'><strong>Omnium-</strong></span> 
     </span>
     <span class='ocr_line' id='line_1_28' title="bbox 646 4898 2059 5014; baseline 0.003 -36"><span class='ocrx_word' id='word_1_246' title='bbox 646 4901 885 4990; x_wconf 77' lang='lat' dir='ltr'><strong>Sanctorum,</strong></span> <span class='ocrx_word' id='word_1_247' title='bbox 902 4901 942 4977; x_wconf 89' lang='lat' dir='ltr'><strong>in</strong></span> <span class='ocrx_word' id='word_1_248' title='bbox 961 4898 1057 4980; x_wconf 83' lang='lat' dir='ltr'><strong>festo</strong></span> <span class='ocrx_word' id='word_1_249' title='bbox 1078 4903 1195 4980; x_wconf 88' lang='lat' dir='ltr'><strong>sancti</strong></span> <span class='ocrx_word' id='word_1_250' title='bbox 1210 4905 1374 4984; x_wconf 87' lang='lat' dir='ltr'><strong>Gervasii</strong></span> <span class='ocrx_word' id='word_1_251' title='bbox 1397 4905 1598 5014; x_wconf 83' lang='lat' dir='ltr'><strong>hyemalis,</strong></span> <span class='ocrx_word' id='word_1_252' title='bbox 1616 4905 1656 4981; x_wconf 92' lang='lat' dir='ltr'><strong>in</strong></span> <span class='ocrx_word' id='word_1_253' title='bbox 1673 4906 1868 4984; x_wconf 87' lang='lat' dir='ltr'><strong>Nativitate</strong></span> <span class='ocrx_word' id='word_1_254' title='bbox 1887 4906 2059 4995; x_wconf 90' lang='lat' dir='ltr'><strong>Domini,</strong></span> 
     </span>
     <span class='ocr_line' id='line_1_29' title="bbox 643 5030 2062 5146; baseline 0.007 -40"><span class='ocrx_word' id='word_1_255' title='bbox 643 5030 683 5106; x_wconf 89' lang='lat' dir='ltr'><strong>in</strong></span> <span class='ocrx_word' id='word_1_256' title='bbox 694 5031 920 5138; x_wconf 87' lang='lat' dir='ltr'><strong>Epiphania,</strong></span> <span class='ocrx_word' id='word_1_257' title='bbox 942 5034 982 5109; x_wconf 93' lang='lat' dir='ltr'><strong>in</strong></span> <span class='ocrx_word' id='word_1_258' title='bbox 1002 5033 1272 5115; x_wconf 83' lang='lat' dir='ltr'><strong>Purificaeione</strong></span> <span class='ocrx_word' id='word_1_259' title='bbox 1291 5036 1400 5114; x_wconf 88' lang='lat' dir='ltr'><strong>beate</strong></span> <span class='ocrx_word' id='word_1_260' title='bbox 1413 5035 1548 5126; x_wconf 88' lang='lat' dir='ltr'><strong>Marie,</strong></span> <span class='ocrx_word' id='word_1_261' title='bbox 1568 5037 1608 5113; x_wconf 93' lang='lat' dir='ltr'><strong>in</strong></span> <span class='ocrx_word' id='word_1_262' title='bbox 1625 5036 1686 5114; x_wconf 91' lang='lat' dir='ltr'><strong>die</strong></span> <span class='ocrx_word' id='word_1_263' title='bbox 1694 5037 1792 5145; x_wconf 78' lang='lat' dir='ltr'><strong>jovis</strong></span> <span class='ocrx_word' id='word_1_264' title='bbox 1801 5038 1841 5115; x_wconf 89' lang='lat' dir='ltr'><strong>in</strong></span> <span class='ocrx_word' id='word_1_265' title='bbox 1854 5037 2062 5146; x_wconf 86' lang='lat' dir='ltr'><strong>septimana</strong></span> 
     </span>
     <span class='ocr_line' id='line_1_30' title="bbox 644 5162 2063 5277; baseline 0.004 -37"><span class='ocrx_word' id='word_1_266' title='bbox 644 5177 783 5251; x_wconf 85' lang='lat' dir='ltr'><strong>sancta,</strong></span> <span class='ocrx_word' id='word_1_267' title='bbox 813 5179 851 5240; x_wconf 88' lang='lat' dir='ltr'><strong>et</strong></span> <span class='ocrx_word' id='word_1_268' title='bbox 868 5162 954 5243; x_wconf 85' lang='lat' dir='ltr'><strong>illis</strong></span> <span class='ocrx_word' id='word_1_269' title='bbox 981 5165 1098 5244; x_wconf 86' lang='lat' dir='ltr'><strong>eciam</strong></span> <span class='ocrx_word' id='word_1_270' title='bbox 1123 5167 1258 5248; x_wconf 90' lang='lat' dir='ltr'><strong>diebus</strong></span> <span class='ocrx_word' id='word_1_271' title='bbox 1289 5187 1406 5247; x_wconf 85' lang='lat' dir='ltr'><strong>certas</strong></span> <span class='ocrx_word' id='word_1_272' title='bbox 1434 5167 1616 5276; x_wconf 89' lang='lat' dir='ltr'><strong>peccunie</strong></span> <span class='ocrx_word' id='word_1_273' title='bbox 1644 5169 1869 5276; x_wconf 86' lang='lat' dir='ltr'><strong>quantitates</strong></span> <span class='ocrx_word' id='word_1_274' title='bbox 1891 5199 1959 5277; x_wconf 92' lang='lat' dir='ltr'><strong>pro</strong></span> <span class='ocrx_word' id='word_1_275' title='bbox 1986 5169 2063 5247; x_wconf 90' lang='lat' dir='ltr'><strong>suis</strong></span> 
     </span>
     <span class='ocr_line' id='line_1_31' title="bbox 643 5293 2064 5406; baseline 0.003 -38"><span class='ocrx_word' id='word_1_276' title='bbox 643 5293 892 5372; x_wconf 81' lang='lat' dir='ltr'><strong>servientibus</strong></span> <span class='ocrx_word' id='word_1_277' title='bbox 914 5324 935 5372; x_wconf 88' lang='lat' dir='ltr'><strong>a</strong></span> <span class='ocrx_word' id='word_1_278' title='bbox 957 5296 1134 5402; x_wconf 89' lang='lat' dir='ltr'><strong>predictis</strong></span> <span class='ocrx_word' id='word_1_279' title='bbox 1162 5298 1360 5406; x_wconf 86' lang='lat' dir='ltr'><strong>episcopis,</strong></span> <span class='ocrx_word' id='word_1_280' title='bbox 1384 5297 1610 5379; x_wconf 83' lang='lat' dir='ltr'><strong>affirmantes</strong></span> <span class='ocrx_word' id='word_1_281' title='bbox 1634 5299 1752 5380; x_wconf 85' lang='lat' dir='ltr'><strong>eciam</strong></span> <span class='ocrx_word' id='word_1_282' title='bbox 1778 5300 1866 5380; x_wconf 88' lang='lat' dir='ltr'><strong>dicti</strong></span> <span class='ocrx_word' id='word_1_283' title='bbox 1892 5301 1997 5406; x_wconf 91' lang='lat' dir='ltr'><strong>prior</strong></span> <span class='ocrx_word' id='word_1_284' title='bbox 2025 5316 2064 5372; x_wconf 92' lang='lat' dir='ltr'><strong>et</strong></span> 
     </span>
     <span class='ocr_line' id='line_1_32' title="bbox 643 5423 2062 5537; baseline 0.006 -43"><span class='ocrx_word' id='word_1_285' title='bbox 643 5423 852 5525; x_wconf 87' lang='lat' dir='ltr'><strong>capitulum</strong></span> <span class='ocrx_word' id='word_1_286' title='bbox 872 5453 1008 5504; x_wconf 81' lang='lat' dir='ltr'><strong>seesse</strong></span> <span class='ocrx_word' id='word_1_287' title='bbox 1034 5425 1221 5516; x_wconf 68' lang='lat' dir='ltr'><strong>assuisse,</strong></span> <span class='ocrx_word' id='word_1_288' title='bbox 1243 5459 1262 5504; x_wconf 92' lang='lat' dir='ltr'><strong>a</strong></span> <span class='ocrx_word' id='word_1_289' title='bbox 1286 5446 1458 5536; x_wconf 86' lang='lat' dir='ltr'><strong>tempore</strong></span> <span class='ocrx_word' id='word_1_290' title='bbox 1479 5429 1527 5507; x_wconf 87' lang='lat' dir='ltr'><strong>do</strong></span> <span class='ocrx_word' id='word_1_291' title='bbox 1547 5431 1655 5537; x_wconf 85' lang='lat' dir='ltr'><strong>cujus</strong></span> <span class='ocrx_word' id='word_1_292' title='bbox 1674 5432 1860 5508; x_wconf 79' lang='lat' dir='ltr'><strong>contrario</strong></span> <span class='ocrx_word' id='word_1_293' title='bbox 1879 5428 2062 5507; x_wconf 90' lang='lat' dir='ltr'><strong>memoria</strong></span> 
     </span>
    </p>
   </div>
   <div class='ocr_carea' id='block_1_5' title="bbox 0 0 2914 7291">
    <p class='ocr_par' dir='ltr' id='par_1_12' title="bbox 0 0 2914 7291">
     <span class='ocr_line' id='line_1_33' title="bbox 0 0 2914 7291; baseline 0 0"><span class='ocrx_word' id='word_1_294' title='bbox 0 0 2914 7291; x_wconf 95' lang='lat' dir='ltr'><strong> </strong></span> 
     </span>
    </p>
   </div>
  </div>
 </body>
</html>
