5817 7292
1037 1083 1627 1194 nnoodrnsn'renocns.
1914 1168 1917 1174 .
1970 1116 2042 1187 aci

625 1246 725 1326 dicte
735 1243 837 1333 ville,
854 1270 925 1349 pro
933 1270 1049 1349 poeno
1059 1274 1148 1335 cuc,
1167 1244 1372 1352 eligebant,
1389 1274 1458 1353 per
1473 1276 1569 1355 qnos
1582 1247 1834 1329 communitae
1846 1252 1946 1340 dicte
1956 1255 2045 1337 ville
2081 1264 2213 1320 earnm
2225 1267 2268 1333 W,

619 1377 775 1486 j'uetect
787 1375 867 1455 sine
882 1373 1013 1455 lmude
1025 1377 1108 1483 regi
1122 1376 1301 1466 debebat,
1320 1395 1358 1455 et
1372 1408 1440 1485 per
1454 1407 1522 1457 eoa
1538 1378 1756 1487 regebatnr;
1776 1380 1915 1459 deinde
1935 1412 2041 1474 vero,
2143 1358 2206 1401 '³⁰⁹'

624 1536 645 1583 a
664 1525 834 1614 tempore
853 1533 916 1585 aex
936 1534 1121 1585 annorum
1141 1507 1200 1586 tel
1211 1498 1355 1587 novem
1376 1510 1467 1590 citra
1485 1527 1559 1589 ant
1571 1510 1739 1602 circiter,
1760 1513 1880 1620 major
1899 1530 1940 1591 et
1957 1542 2046 1593 con·

623 1638 725 1720 eules
743 1637 811 1745 qni
829 1637 971 1717 edicto
988 1656 1160 1746 tempore
1179 1638 1334 1719 inerunt
1349 1641 1459 1733 citra,
1482 1642 1650 1721 obmisso
1667 1644 1817 1749 penitus
1832 1644 1989 1751 antiqno
2009 1666 2047 1725 et

624 1768 830 1876 approbato
845 1767 967 1849 modo
979 1768 1067 1847 mili
1084 1772 1346 1849 communitati
1368 1790 1405 1850 et
1418 1773 1475 1851 rai
1489 1772 1642 1879 publice
1655 1772 1743 1850 ville
1761 1774 1947 1879 predicte,
1963 1802 2047 1883 par-

623 1899 824 1980 ticulanem
835 1899 1342 2008 magiequamcnmmunem
1356 1903 1452 1980 circa
1472 1905 1546 1983 boc
1564 1903 1765 1983 utilitatem
1783 1905 2043 2013 respicientes,

622 2028 739 2109 alium
758 2058 898 2111 novum
919 2030 1078 2107 modum
1094 2030 1457 2140 eligendimajorem
1472 2052 1513 2111 et
1525 2033 1700 2113 consoles
1718 2035 1818 2115 inter
1835 2036 2046 2115 reinvene-

620 2178 726 2249 runt,
748 2190 790 2240 ae
810 2160 948 2250 eciam,
965 2177 1009 2238 ut
1027 2160 1121 2239 alios
1140 2162 1237 2239 circe
1256 2180 1294 2239 et
1313 2162 1663 2242 habitatoresdicte
1681 2162 1775 2241 ville
1789 2193 1939 2274 gravare
1958 2194 2044 2274 pce-

619 2307 874 2396 sentetsuper
882 2318 951 2369 coe
961 2290 1165 2381 dominari,
1177 2292 1278 2369 inter
1290 2321 1332 2371 ac
1341 2293 1603 2372 fraudulenter
1614 2294 1794 2373 etdolcee
1804 2296 2041 2391 ordinarant,

619 2420 795 2503 videlicet
807 2421 929 2529 quod,
947 2421 1058 2531 longe
1074 2440 1160 2499 ante
1171 2438 1322 2530 tempus
1333 2424 1588 2532 deposicionis
1601 2425 1662 2503 aui
1677 2424 1811 2517 officii,
1826 2427 1916 2505 alibi
1929 2453 2042 2535 qnam

618 2552 659 2632 in
678 2552 780 2631 dicto
794 2552 881 2631 looo
899 2554 1165 2631 communi-ad
1183 2555 1256 2633 hoc
1267 2556 1486 2662 antiquitus
1493 2574 1677 2637 concreto
1695 2558 1912 2635 seinvicem
1931 2559 2044 2637 clam·

620 2682 766 2763 destina
788 2683 1082 2791 congregabant,
1103 2702 1143 2761 et
1155 2684 1324 2787 ibidem,
1348 2688 1656 2763 communitatem
1670 2688 1888 2792 predictam
1912 2688 2042 2765 doloso

621 2811 1020 2917 decipienda-secreta
1031 2811 1259 2891 ordinabant
1271 2813 1892 2921 illosquatnorquosdebcbnntad
1907 2816 2043 2924 eligere
2065 2864 2069 2869 ·

619 2942 929 3023 dumalioeocto
946 2942 1149 3049 deputare,
1170 2943 1350 3051 taleeqni
1371 2972 1503 3021 eorum
1522 2965 1785 3053 sequerentur,
1806 2947 1847 3023 in
1867 2946 2042 3054 eligendo

619 3088 765 3160 cetenoe
786 3090 894 3162 octo,
922 3074 969 3149 in·
989 3075 1167 3175 omnibns
1191 3075 1443 3166 voluntatem
1464 3095 1503 3153 et
1520 3078 1601 3153 illis
1624 3078 1911 3184 quatuorinter
1924 3104 1963 3153 ee
1989 3078 2043 3155 sic

618 3203 799 3283 ordinetis
813 3220 859 3281 et
876 3204 1022 3293 electis,
1043 3204 1247 3283 mittebant
1270 3234 1338 3311 pro
1364 3205 1472 3311 ipsit,
1494 3224 1534 3283 et
1557 3236 1623 3287 ece
1647 3210 1695 3285 ad
1719 3236 1758 3285 ce
1777 3209 1911 3285 venire·
1929 3207 2041 3285 facie·

616 3331 708 3411 bant
727 3349 766 3411 et
783 3333 911 3441 jocare
929 3334 1043 3440 qnod.
1061 3352 1146 3412 octo
1173 3352 1294 3413 certon
1312 3336 1427 3423 viro&
1454 3364 1525 3441 per
1548 3364 1614 3415 ece
1632 3337 1704 3415 eibi
1722 3351 1901 3442 expresse
1919 3337 2040 3413 nomi·

616 3480 729 3544 natos·
740 3463 869 3543 neuin
884 3463 1029 3569 scriptia
1044 3465 1201 3543 traditos
1208 3508 1223 3554 ·,.
1238 3465 1423 3572 eligerent
1440 3467 1492 3543 ad
1507 3468 1812 3544 nominationem
1827 3494 1937 3543 enam
1958 3494 2042 3573 pre

617 3594 775 3683 &tame
786 3594 926 3703 quibus
941 3612 1027 3674 octo
1042 3595 1263 3675 huminibus
1282 3596 1331 3674 ad
1346 3598 1650 3677 nominacionem
1667 3626 1819 3688 eorum,
1838 3626 1906 3704 per
1921 3598 2042 3676 dictor

615 3744 780 3833 quatuor
798 3726 851 3803 nic
875 3726 1022 3817 electis,
1040 3728 1170 3836 jurare
1190 3727 1366 3806 similiter
1389 3727 1576 3806 faciebant
1600 3728 1705 3834 qnod
1725 3730 1796 3835 ipei
1817 3746 1905 3805 octo
1924 3747 2042 3806 certae

616 3883 794 3960 personas
808 3884 900 3961 quas
916 3856 1196 3934 dicti-consules
1212 3874 1356 3934 *secrete
1373 3858 1475 3933 inter
1485 3886 1525 3934 se
1539 3856 1729 3968 eligebent
1744 3874 1783 3933 et
1796 3855 2037 3950 ordinabant,

616 3984 791 4067 videlieet
811 3985 974 4093 quilibet
993 4014 1127 4064 eorum
1143 4015 1265 4065 unum
1286 3985 1334 4063 de
1352 3987 1640 4093 consanguineis
1660 3985 1718 4063 vel
1737 3986 1866 4063 amicis
1885 3987 1980 4076 suis,
2000 3988 2039 4065 in

617 4114 799 4222 majorem
812 4132 850 4193 et
861 4116 1035 4196 consedes
1049 4117 1137 4194 anni
1151 4116 1268 4194 futuri
1282 4134 1517 4195 assumerent
1530 4117 1581 4193 ad
1592 4116 1894 4198 nominationem
1908 4146 2038 4195 eorum

617 4262 655 4323 et
671 4244 870 4352 eligerent,
887 4262 1003 4350 prout
1023 4246 1130 4325 inten
1140 4247 1243 4353 ipsoa
1259 4246 1428 4325 extiterat
1444 4246 1678 4337 ordinatum
1696 4246 1761 4353 qni
1781 4248 1940 4354 quidem
1956 4267 2040 4328 octo

617 4374 669 4453 sic
678 4374 811 4482 jurati,
833 4374 1018 4483 majorem
1034 4392 1075 4453 et
1094 4374 1305 4455 conculcen
1324 4377 1425 4455 dicto
1438 4395 1614 4483 tempore
1627 4377 1734 4465 citra,
1752 4378 1800 4454 ad
1815 4376 2040 4457 nominacio

616 4532 703 4584 nem
723 4504 931 4612 predictam
950 4506 1157 4626 eligebant,
1180 4534 1260 4585 non
1278 4508 1447 4615 inspecto
1462 4508 1570 4616 quod
1582 4508 1677 4587 dicti
1688 4509 1741 4586 sic
1760 4507 1869 4586 electi
1884 4508 2040 4589 inntilea

617 4653 739 4715 essem
757 4612 803 4713 'et
821 4637 949 4717 minue
966 4638 1104 4745 ydonei
1133 4621 1393 4719 commonitati
1412 4640 1500 4719 ville
1518 4640 1687 4747 predicte
1708 4658 1747 4719 ct
1764 4640 1983 4746 dampnoei;
2003 4658 2042 4721 et

615 4766 668 4845 sic
683 4796 705 4845 a
719 4767 821 4846 dioto
839 4784 1011 4874 tempore
1033 4769 1122 4849 citra
1142 4798 1212 4876 per
1225 4771 1319 4851 tales
1339 4771 1640 4878 conspiracione
1655 4771 1807 4852 illicitae
1822 4788 1861 4849 et
1880 4770 2040 4871 lunelleq

615 4900 849 5007 reprobatas,
872 4900 990 4981 eciam
1004 4902 1222 5010 juramento
1245 4902 1414 4994 vallatae,
1436 4902 1729 4981 consulatumet
1742 4902 2042 4981 administracio-

616 5058 705 5107 nem
720 5031 818 5109 dicte
833 5031 919 5111 ville
934 5032 1034 5114 inter
1046 5062 1087 5115 ee
1101 5060 1171 5141 per
1185 5034 1384 5113 circuitum
1401 5052 1607 5113 tennerunt
1622 5052 1661 5111 et
1674 5040 1797 5113 eciam
1805 5034 2038 5123 babuerunt,

617 5160 736 5241 dictos
749 5161 848 5246 cives
864 5180 908 5241 et
923 5164 1236 5243 communitatem
1251 5165 1441 5272 predictos
1456 5165 1721 5243 baudolenter
1734 5182 1774 5243 et
1787 5164 1922 5243 dolore
1939 5164 2041 5241 deci·

615 5291 772 5399 piend0‚
790 5293 994 5403 pluresque
1010 5312 1182 5403 sumptus
1197 5310 1236 5375 et
1253 5324 1431 5405 expensas
1451 5298 1714 5376 communitati
1731 5297 1830 5374 dicte
1848 5295 1936 5371 ville
1954 5297 2040 5369 inu·

616 5422 701 5501 filet
714 5440 754 5512 et
764 5424 987 5531 dampnosae
999 5426 1046 5508 de
1063 5425 1174 5507 bonis
1190 5427 1469 5510 concinnitatis
1478 5428 1665 5537 predicte,
1678 5456 1748 5537 per
1756 5424 2039 5505 corrmlectnm
