5817 7292
1044 1077 1320 1187 snoutnss
1337 1095 1401 1166 nr
1428 1075 1633 1167 rnoor'rs.
2005 1093 2052 1164 55

632 1241 679 1316 in
686 1238 934 1346 perceptione
953 1237 1178 1316 nmmdenr
1188 1236 1426 1330 manuteneri
1443 1253 1481 1314 st
1496 1234 1665 1325 dolendi,
1685 1236 1954 1340 quousquode
1971 1263 2061 1344 pos-
2087 1241 2218 1296 Parnm
2238 1241 2280 1305 tt,

632 1371 885 1452 sessionessn
900 1371 985 1481 jure
1006 1372 1154 1450 docimo
1173 1371 1322 1478 questio
1342 1399 1411 1476 per
1430 1397 1519 1446 oum
1538 1367 1585 1444 ad
1605 1393 1719 1472 quem
1738 1366 1907 1471 cognicio
1923 1385 1966 1442 ot
1985 1367 2060 1443 dif-
2156 1333 2219 1376 m

634 1503 766 1583 [inicio
780 1503 1075 1611 pertinstduorit
1092 1503 1309 1582 terminata.-

689 1635 847 1714 Veneris
863 1635 1198 1742 posuBrandones.
1243 1661 1250 1668 '

689 1901 766 1976 XX.
798 1899 902 1982 Gom
914 1899 1049 1976 Petrus
1067 1897 1235 1987 Barufel,
1261 1913 1448 1975 mercator
1468 1897 1517 1975 de
1536 1894 1772 1980 Borbezillo,
1785 1920 1999 1999 propenens
2019 1923 2059 1972 se

634 2047 720 2136 post
727 2029 879 2117 lactum,
893 2030 1062 2122 audien,
1076 2029 1225 2136 publice
1240 2028 1593 2136 proclamacionem,
1607 2055 1651 2104 ex
1663 2041 1922 2132 partenostra,
1937 2025 2058 2131 quod,

635 2161 705 2238 snb
724 2161 931 2238 seouritate·
946 2177 989 2237 oo
1002 2159 1121 2238 tutela
1136 2177 1279 2247 nostra,
1304 2158 1647 2236 mercatoresiront
1663 2157 1711 2233 ad
1725 2156 1914 2234 nundinas
1926 2157 2068 2234 Sancti--

636 2289 830 2380 Emiliani,
852 2291 945 2371 dum
964 2291 1045 2398 ipse
1069 2290 1141 2370 iret
1165 2292 1213 2369 ad
1233 2291 1350 2369 dictas
1369 2290 1571 2381 nundinas,
1598 2288 1824 2367 derobntum
1849 2305 1887 2365 ot
1912 2306 2061 2396 captum

635 2422 748 2502 ltnsse
767 2451 836 2530 per
862 2423 1037 2503 inimicos
1064 2423 1167 2532 regni
1199 2424 1300 2530 apud
1330 2421 1477 2529 Garrig.
1510 2453 1522 2483 r
1548 2424 1588 2499 in
1614 2422 1826 2500 castellania
1845 2422 2064 2500 Pedii-Nor—

636 2555 779 2648 manni,
802 2553 1006 2662 dictosque·
1020 2555 1203 2632 inimicos¹
1214 2554 1286 2632 sibi
1307 2555 1505 2632 abstulisse
1524 2571 1711 2662 oocemet
1725 2571 1811 2630 octo
1829 2554 1955 2659 pecias
1971 2582 2063 2658 pan·

638 2711 775 2762 nerum
795 2685 1006 2792 quamlibet
1025 2687 1141 2792 precii
1161 2687 1292 2762 decern
1315 2686 1506 2768 librarum·
1514 2684 1813 2774 Turonensium3
1829 2684 1937 2772 item,
1953 2686 2066 2788 quin-

637 2833 779 2925 gentas·
794 2815 908 2895 libras
937 2841 1011 2922 pro
1035 2845 1103 2893 sua
1129 2815 1404 2922 redempcione
1425 2815 1568 2892 diceret
1594 2832 1720 2891 contra
1744 2812 2001 2891 Cuillelmnm-
2016 2814 2063 2890 dc

638 2945 867 3036 Mirmanda,
890 2939 1068 3034 militans,¹
1087 2943 1330 3024 castellanum
1352 2945 1442 3022 dicti
1463 2945 1572 3022 castri
1591 2945 1941 3032 Podii-Norrnanni,
1963 2973 2007 3022 se
2027 2962 2066 3022 ct

639 3095 878 3184 gentossuas
899 3076 1132 3153 sufficienter
1153 3077 1356 3182 requisitos
1379 3075 1494 3154 luisse
1518 3105 1632 3182 super
1658 3077 1732 3153 boc
1757 3077 2006 3185 negligentes,
2029 3094 2065 3153 et

640 3207 821 3284 eumdem
849 3205 1012 3282 militam
1041 3207 1240 3284 extorrisse
1261 3235 1281 3280 a
1303 3207 1404 3282 dicto
1424 3207 1785 3287 mercatoredeeem
1810 3205 1924 3282 libros
1944 3207 2067 3284 Turo-

639 3365 784 3416 nensss·
796 3336 1127 3442 nunquamostter
1146 3336 1226 3420 sibi·
1237 3336 1400 3413 reddere
1419 3336 1607 3441 quosdam
1623 3363 1771 3441 pannos
1786 3353 1823 3412 et
1843 3363 1970 3443 equos
1980 3365 2067 3415 suos

641 3497 737 3576 quos
758 3467 899 3544 inimici
923 3466 1146 3545 dimiserant
1164 3467 1203 3542 in
1220 3467 1359 3574 capella
1375 3465 1478 3543 boati
1492 3467 1680 3571 Dyonisii,
1697 3493 1845 3544 necnon
1859 3468 1956 3544 adeo
1971 3468 2068 3545 malo

639 3617 813 3698 tractasse
834 3625 955 3675 unum
972 3599 1020 3676 de
1039 3597 1149 3674 dictis
1165 3598 1288 3704 equis,
1306 3597 1421 3703 precii
1438 3595 1657 3703 quindecim
1673 3595 1855 3673 librarum
1870 3599 2069 3676 Turonen-

641 3729 755 3820 sinm,
771 3731 879 3837 quod
887 3731 1021 3811 >naum
1040 3727 1419 3836 mortuus-suitapud
1436 3727 1888 3819 eundemmematorem,
1903 3723 2067 3836 ideoque

641 3876 790 3965 peteret
805 3853 951 3938 'dictum
972 3860 1136 3937 militem
1153 3859 1207 3938 ad
1216 3856 1552 3951 reddendumsibi
1568 3858 1949 3965 predictucompellig
1966 3861 2077 3939 dicto-

643 3989 804 4068 milite.s
832 3991 1021 4068 coturnis
1037 3991 1220 4097 pluribus·
1232 3990 1445 4069 nacionibus
1464 4006 1701 4096 proponente
1725 3990 1840 4065 seod-
1853 4019 1901 4065 ea¹
1913 4019 1993 4067 non
2013 4010 2070 4068 te-

643 4121 742 4208 nen,
765 4121 1255 4228 etprnoossnspsuporvlioc
1273 4121 1424 4202 habitos
1448 4147 1526 4198 non
1547 4120 1701 4196 valere:
1721 4119 1910 4208 Tandem,
1933 4121 2071 4198 auditis

643 4251 915 4360 partibusbinc
926 4270 975 4336 et
992 4252 1097 4344 inde,
1114 4253 1275 4360 visisque
1290 4251 1531 4358 processibus
1540 4249 1767 4328 carumdem
1775 4298 1788 4338 ‚·
1805 4249 1929 4327 dictus
1941 4251 2066 4342 miles,

643 4411 713 4489 pen
723 4382 827 4463 curie
841 4399 969 4460 nostro
976 4381 1184 4490 judicium,
1198 4383 1318 4460 extitit
1336 4381 1638 4487 condempnatos
1652 4379 1955 4461 adreddendum
1967 4381 2070 4458 dicto

647 4513 1060 4618 manentonipoediptas»
1075 4512 1215 4593 decem
1236 4513 1611 4592 libresanonensos
1640 4540 1682 4592 ac
1710 4512 2071 4620 dictas-quindecim

647 4644 852 4751 libraspro
874 4645 1007 4749 precio¹
1031 4644 1315 4750 equipoedicti,
1338 4665 1378 4724 et
1401 4647 1441 4724 in
1467 4645 1599 4725 ceteris
1624 4644 1809 4731 contentis
1827 4643 1866 4722 in
1885 4644 2072 4751 peticione

649 4802 715 4852 seu
735 4773 903 4852 articulis
923 4774 1256 4854 dicti·mercntoris
1271 4777 1548 4858 sentencialiter
1566 4776 1689 4856 extitit
1704 4775 1918 4856 absolutus·

705 4907 883 4985 Mercurii
901 4925 993 5013 post
1005 4909 1244 4987 andones·

706 5173 798 5248 XXl.
829 5173 929 5255 eum
949 5175 1149 5254 contencio
1162 5191 1374 5259 uertentur
1390 5176 1492 5256 inter
1509 5174 1710 5285 religiosos
1723 5174 1821 5252 viros
1840 5175 2015 5254 abbatem
2035 5193 2073 5251 et

653 5321 876 5382 conventum
897 5305 1235 5387 SanctiuPetri-Vivi
1256 5307 1498 5398 senonensis,
1517 5335 1562 5383 ex
1581 5333 1655 5382 una
1674 5322 1799 5413 parte,
1817 5321 1855 5381 et
1875 5305 2073 5383 dominum

655 5430 937 5538 Philippumde
953 5435 1166 5526 Attrabato,
1182 5435 1277 5515 dum
1294 5439 1449 5527 viveret,
1468 5465 1512 5513 ex
1526 5437 1659 5524 altera,
1679 5462 1794 5542 sopor
1811 5435 1943 5512 saisina
1959 5433 2079 5512 bono·
