<?xml version="1.0" encoding="UTF-8"?>
<!DOCTYPE html PUBLIC "-//W3C//DTD XHTML 1.0 Transitional//EN"
    "http://www.w3.org/TR/xhtml1/DTD/xhtml1-transitional.dtd">
<html xmlns="http://www.w3.org/1999/xhtml" xml:lang="en" lang="en">
 <head>
  <title>
</title>
<meta http-equiv="Content-Type" content="text/html;charset=utf-8" />
  <meta name='ocr-system' content='tesseract 3.04.00' />
  <meta name='ocr-capabilities' content='ocr_page ocr_carea ocr_par ocr_line ocrx_word'/>
</head>
<body>
  <div class='ocr_page' id='page_1' title='image "./lesolimouregist00pargoog_0772.png"; bbox 0 0 5817 7292; ppageno 0'>
   <div class='ocr_carea' id='block_1_1' title="bbox 910 1089 1746 1163">
    <p class='ocr_par' dir='ltr' id='par_1_1' title="bbox 910 1089 1746 1163">
     <span class='ocr_line' id='line_1_1' title="bbox 910 1089 1746 1163; baseline -0.005 0"><span class='ocrx_word' id='word_1_1' title='bbox 910 1092 984 1163; x_wconf 81' lang='lat'>670</span> <span class='ocrx_word' id='word_1_2' title='bbox 1485 1092 1573 1163; x_wconf 84' lang='lat' dir='ltr'>LES</span> <span class='ocrx_word' id='word_1_3' title='bbox 1603 1089 1746 1163; x_wconf 90' lang='lat' dir='ltr'>OLIM.</span> 
     </span>
    </p>
   </div>
   <div class='ocr_carea' id='block_1_2' title="bbox 680 1228 2354 3555">
    <p class='ocr_par' dir='ltr' id='par_1_2' title="bbox 680 1228 2354 3555">
     <span class='ocr_line' id='line_1_2' title="bbox 680 1228 2322 1338; baseline 0.004 -31"><span class='ocrx_word' id='word_1_4' title='bbox 680 1238 808 1291; x_wconf 68' lang='lat' dir='ltr'>Parum</span> <span class='ocrx_word' id='word_1_5' title='bbox 821 1238 865 1299; x_wconf 85' lang='lat' dir='ltr'>lv,</span> <span class='ocrx_word' id='word_1_6' title='bbox 904 1230 984 1337; x_wconf 93' lang='lat' dir='ltr'>capi</span> <span class='ocrx_word' id='word_1_7' title='bbox 1000 1248 1038 1309; x_wconf 86' lang='lat' dir='ltr'>et</span> <span class='ocrx_word' id='word_1_8' title='bbox 1055 1230 1167 1309; x_wconf 88' lang='lat' dir='ltr'>vendi</span> <span class='ocrx_word' id='word_1_9' title='bbox 1182 1228 1288 1319; x_wconf 87' lang='lat' dir='ltr'>lecit,</span> <span class='ocrx_word' id='word_1_10' title='bbox 1311 1230 1626 1338; x_wconf 83' lang='lat' dir='ltr'>fidejussoresque</span> <span class='ocrx_word' id='word_1_11' title='bbox 1645 1244 1799 1336; x_wconf 88' lang='lat' dir='ltr'>propter</span> <span class='ocrx_word' id='word_1_12' title='bbox 1820 1230 1892 1305; x_wconf 84' lang='lat' dir='ltr'>hoo</span> <span class='ocrx_word' id='word_1_13' title='bbox 1912 1230 2018 1307; x_wconf 89' lang='lat' dir='ltr'>datos</span> <span class='ocrx_word' id='word_1_14' title='bbox 2037 1231 2322 1338; x_wconf 85' lang='lat' dir='ltr'>imprisionavit,</span> 
     </span>
     <span class='ocr_line' id='line_1_3' title="bbox 741 1328 2324 1471; baseline 0.003 -33"><span class='ocrx_word' id='word_1_15' title='bbox 741 1328 803 1371; x_wconf 58' lang='lat' dir='ltr'>lm</span> <span class='ocrx_word' id='word_1_16' title='bbox 904 1370 957 1451; x_wconf 88' lang='lat' dir='ltr'>e&#39;t,</span> <span class='ocrx_word' id='word_1_17' title='bbox 974 1390 1042 1467; x_wconf 92' lang='lat' dir='ltr'>per</span> <span class='ocrx_word' id='word_1_18' title='bbox 1057 1360 1272 1467; x_wconf 90' lang='lat' dir='ltr'>capcionem</span> <span class='ocrx_word' id='word_1_19' title='bbox 1294 1360 1454 1437; x_wconf 90' lang='lat' dir='ltr'>aliorum</span> <span class='ocrx_word' id='word_1_20' title='bbox 1473 1361 1663 1438; x_wconf 90' lang='lat' dir='ltr'>bonorum</span> <span class='ocrx_word' id='word_1_21' title='bbox 1684 1387 1839 1436; x_wconf 88' lang='lat' dir='ltr'>suorum</span> <span class='ocrx_word' id='word_1_22' title='bbox 1859 1358 1979 1437; x_wconf 82' lang='lat' dir='ltr'>dictos</span> <span class='ocrx_word' id='word_1_23' title='bbox 1993 1361 2174 1471; x_wconf 82' lang='lat' dir='ltr'>conjuges</span> <span class='ocrx_word' id='word_1_24' title='bbox 2192 1364 2231 1439; x_wconf 89' lang='lat' dir='ltr'>in</span> <span class='ocrx_word' id='word_1_25' title='bbox 2241 1384 2324 1443; x_wconf 89' lang='lat' dir='ltr'>tan-</span> 
     </span>
     <span class='ocr_line' id='line_1_4' title="bbox 902 1489 2326 1597; baseline 0.004 -29"><span class='ocrx_word' id='word_1_26' title='bbox 902 1510 984 1569; x_wconf 91' lang='lat' dir='ltr'>tum</span> <span class='ocrx_word' id='word_1_27' title='bbox 1002 1490 1185 1579; x_wconf 77' lang='lat' dir='ltr'>astrinxit,</span> <span class='ocrx_word' id='word_1_28' title='bbox 1202 1491 1309 1597; x_wconf 90' lang='lat' dir='ltr'>quod</span> <span class='ocrx_word' id='word_1_29' title='bbox 1327 1490 1449 1568; x_wconf 90' lang='lat' dir='ltr'>dictus</span> <span class='ocrx_word' id='word_1_30' title='bbox 1466 1491 1591 1580; x_wconf 78' lang='lat' dir='ltr'>miles,</span> <span class='ocrx_word' id='word_1_31' title='bbox 1613 1490 1680 1597; x_wconf 92' lang='lat' dir='ltr'>qui</span> <span class='ocrx_word' id='word_1_32' title='bbox 1700 1489 1834 1567; x_wconf 88' lang='lat' dir='ltr'>morbo</span> <span class='ocrx_word' id='word_1_33' title='bbox 1851 1490 2032 1569; x_wconf 89' lang='lat' dir='ltr'>continuo</span> <span class='ocrx_word' id='word_1_34' title='bbox 2051 1510 2216 1583; x_wconf 82' lang='lat' dir='ltr'>vexatur,</span> <span class='ocrx_word' id='word_1_35' title='bbox 2238 1496 2326 1573; x_wconf 86' lang='lat' dir='ltr'>lecit</span> 
     </span>
     <span class='ocr_line' id='line_1_5' title="bbox 902 1619 2323 1730; baseline 0.002 -30"><span class='ocrx_word' id='word_1_36' title='bbox 902 1652 941 1700; x_wconf 89' lang='lat' dir='ltr'>se</span> <span class='ocrx_word' id='word_1_37' title='bbox 961 1621 1121 1699; x_wconf 82' lang='lat' dir='ltr'>Parisios</span> <span class='ocrx_word' id='word_1_38' title='bbox 1139 1623 1330 1728; x_wconf 87' lang='lat' dir='ltr'>asportari,</span> <span class='ocrx_word' id='word_1_39' title='bbox 1348 1638 1386 1699; x_wconf 86' lang='lat' dir='ltr'>et</span> <span class='ocrx_word' id='word_1_40' title='bbox 1400 1621 1505 1728; x_wconf 93' lang='lat' dir='ltr'>quod</span> <span class='ocrx_word' id='word_1_41' title='bbox 1519 1622 1601 1730; x_wconf 89' lang='lat' dir='ltr'>ejus</span> <span class='ocrx_word' id='word_1_42' title='bbox 1615 1649 1721 1709; x_wconf 82' lang='lat' dir='ltr'>uxor,</span> <span class='ocrx_word' id='word_1_43' title='bbox 1743 1619 1918 1727; x_wconf 79' lang='lat' dir='ltr'>pluribus</span> <span class='ocrx_word' id='word_1_44' title='bbox 1932 1620 2076 1700; x_wconf 80' lang='lat' dir='ltr'>vicibus</span> <span class='ocrx_word' id='word_1_45' title='bbox 2090 1624 2191 1701; x_wconf 89' lang='lat' dir='ltr'>dicto</span> <span class='ocrx_word' id='word_1_46' title='bbox 2212 1626 2323 1704; x_wconf 88' lang='lat' dir='ltr'>militi</span> 
     </span>
     <span class='ocr_line' id='line_1_6' title="bbox 902 1728 2324 1860; baseline 0.005 -31"><span class='ocrx_word' id='word_1_47' title='bbox 902 1753 953 1829; x_wconf 90' lang='lat' dir='ltr'>ibi</span> <span class='ocrx_word' id='word_1_48' title='bbox 974 1753 1150 1831; x_wconf 84' lang='lat' dir='ltr'>accedere</span> <span class='ocrx_word' id='word_1_49' title='bbox 1165 1769 1403 1860; x_wconf 77' lang='lat' dir='ltr'>nequeunte,</span> <span class='ocrx_word' id='word_1_50' title='bbox 1423 1780 1575 1838; x_wconf 81' lang='lat' dir='ltr'>necesse</span> <span class='ocrx_word' id='word_1_51' title='bbox 1596 1752 1729 1829; x_wconf 87' lang='lat' dir='ltr'>habuit</span> <span class='ocrx_word' id='word_1_52' title='bbox 1748 1752 1931 1829; x_wconf 84' lang='lat' dir='ltr'>accedere</span> <span class='ocrx_word' id='word_1_53' title='bbox 1943 1728 2118 1845; x_wconf 80' lang='lat' dir='ltr'>l&#39;arisius,</span> <span class='ocrx_word' id='word_1_54' title='bbox 2136 1757 2185 1834; x_wconf 89' lang='lat' dir='ltr'>ad</span> <span class='ocrx_word' id='word_1_55' title='bbox 2199 1775 2324 1836; x_wconf 78' lang='lat' dir='ltr'>osten-</span> 
     </span>
     <span class='ocr_line' id='line_1_7' title="bbox 903 1881 2354 1993; baseline -0.001 -34"><span class='ocrx_word' id='word_1_56' title='bbox 903 1882 1073 1961; x_wconf 91' lang='lat' dir='ltr'>dendum</span> <span class='ocrx_word' id='word_1_57' title='bbox 1093 1882 1204 1961; x_wconf 88' lang='lat' dir='ltr'>uobis</span> <span class='ocrx_word' id='word_1_58' title='bbox 1221 1882 1429 1991; x_wconf 87' lang='lat' dir='ltr'>gravamina</span> <span class='ocrx_word' id='word_1_59' title='bbox 1443 1910 1520 1990; x_wconf 91' lang='lat' dir='ltr'>que</span> <span class='ocrx_word' id='word_1_60' title='bbox 1536 1883 1661 1961; x_wconf 78' lang='lat' dir='ltr'>dictus</span> <span class='ocrx_word' id='word_1_61' title='bbox 1674 1881 1853 1971; x_wconf 81' lang='lat' dir='ltr'><strong>ballivus,</strong></span> <span class='ocrx_word' id='word_1_62' title='bbox 1873 1910 1942 1987; x_wconf 87' lang='lat' dir='ltr'>pro</span> <span class='ocrx_word' id='word_1_63' title='bbox 1960 1885 2120 1962; x_wconf 88' lang='lat' dir='ltr'>emenda</span> <span class='ocrx_word' id='word_1_64' title='bbox 2136 1886 2319 1993; x_wconf 85' lang='lat' dir='ltr'>predicta,</span> <span class='ocrx_word' id='word_1_65' title='bbox 2345 1942 2354 1958; x_wconf 89' lang='lat'><strong>.</strong></span> 
     </span>
     <span class='ocr_line' id='line_1_8' title="bbox 902 2011 2322 2121; baseline 0.002 -30"><span class='ocrx_word' id='word_1_66' title='bbox 902 2031 1027 2121; x_wconf 90' lang='lat' dir='ltr'>spreto</span> <span class='ocrx_word' id='word_1_67' title='bbox 1052 2014 1228 2092; x_wconf 90' lang='lat' dir='ltr'>mandato</span> <span class='ocrx_word' id='word_1_68' title='bbox 1253 2031 1380 2092; x_wconf 88' lang='lat' dir='ltr'>nostro</span> <span class='ocrx_word' id='word_1_69' title='bbox 1399 2014 1591 2121; x_wconf 88' lang='lat' dir='ltr'>predicto,</span> <span class='ocrx_word' id='word_1_70' title='bbox 1616 2014 1670 2091; x_wconf 88' lang='lat' dir='ltr'>eis</span> <span class='ocrx_word' id='word_1_71' title='bbox 1691 2011 1890 2102; x_wconf 80' lang='lat' dir='ltr'>inferebat,</span> <span class='ocrx_word' id='word_1_72' title='bbox 1918 2028 1956 2089; x_wconf 91' lang='lat' dir='ltr'>et</span> <span class='ocrx_word' id='word_1_73' title='bbox 1982 2014 2087 2120; x_wconf 90' lang='lat' dir='ltr'>quod</span> <span class='ocrx_word' id='word_1_74' title='bbox 2107 2015 2226 2093; x_wconf 91' lang='lat' dir='ltr'>multa</span> <span class='ocrx_word' id='word_1_75' title='bbox 2253 2017 2322 2093; x_wconf 83' lang='lat' dir='ltr'>alia</span> 
     </span>
     <span class='ocr_line' id='line_1_9' title="bbox 836 2144 2320 2253; baseline 0.001 -30"><span class='ocrx_word' id='word_1_76' title='bbox 836 2210 837 2213; x_wconf 63' lang='lat'>,</span> <span class='ocrx_word' id='word_1_77' title='bbox 904 2146 1063 2251; x_wconf 89' lang='lat' dir='ltr'>dampna</span> <span class='ocrx_word' id='word_1_78' title='bbox 1084 2163 1237 2253; x_wconf 89' lang='lat' dir='ltr'>propter</span> <span class='ocrx_word' id='word_1_79' title='bbox 1255 2145 1329 2223; x_wconf 92' lang='lat' dir='ltr'>hoc</span> <span class='ocrx_word' id='word_1_80' title='bbox 1348 2146 1589 2223; x_wconf 88' lang='lat' dir='ltr'>incurrerunt</span> <span class='ocrx_word' id='word_1_81' title='bbox 1608 2172 1676 2252; x_wconf 91' lang='lat' dir='ltr'>per</span> <span class='ocrx_word' id='word_1_82' title='bbox 1695 2144 1839 2249; x_wconf 78' lang='lat' dir='ltr'>ipsum3</span> <span class='ocrx_word' id='word_1_83' title='bbox 1858 2170 1973 2249; x_wconf 82' lang='lat' dir='ltr'>super</span> <span class='ocrx_word' id='word_1_84' title='bbox 1991 2145 2128 2250; x_wconf 79' lang='lat' dir='ltr'>quibus</span> <span class='ocrx_word' id='word_1_85' title='bbox 2147 2146 2320 2253; x_wconf 81' lang='lat' dir='ltr'>dampnis</span> 
     </span>
     <span class='ocr_line' id='line_1_10' title="bbox 902 2274 2317 2384; baseline 0 -29"><span class='ocrx_word' id='word_1_86' title='bbox 902 2305 976 2355; x_wconf 92' lang='lat' dir='ltr'>una</span> <span class='ocrx_word' id='word_1_87' title='bbox 989 2306 1077 2354; x_wconf 91' lang='lat' dir='ltr'>cum</span> <span class='ocrx_word' id='word_1_88' title='bbox 1089 2276 1170 2355; x_wconf 90' lang='lat' dir='ltr'>aliis</span> <span class='ocrx_word' id='word_1_89' title='bbox 1184 2275 1474 2383; x_wconf 89' lang='lat' dir='ltr'>probacionibus</span> <span class='ocrx_word' id='word_1_90' title='bbox 1494 2304 1539 2353; x_wconf 81' lang='lat' dir='ltr'>ex</span> <span class='ocrx_word' id='word_1_91' title='bbox 1551 2304 1660 2353; x_wconf 84' lang='lat' dir='ltr'>causa</span> <span class='ocrx_word' id='word_1_92' title='bbox 1676 2274 1775 2353; x_wconf 84' lang='lat' dir='ltr'>dicte</span> <span class='ocrx_word' id='word_1_93' title='bbox 1787 2274 1895 2351; x_wconf 83' lang='lat' dir='ltr'>uxori</span> <span class='ocrx_word' id='word_1_94' title='bbox 1913 2275 2070 2381; x_wconf 82' lang='lat' dir='ltr'>predicti</span> <span class='ocrx_word' id='word_1_95' title='bbox 2081 2276 2219 2365; x_wconf 84' lang='lat' dir='ltr'>militis,</span> <span class='ocrx_word' id='word_1_96' title='bbox 2239 2306 2317 2384; x_wconf 89' lang='lat' dir='ltr'>qne</span> 
     </span>
     <span class='ocr_line' id='line_1_11' title="bbox 902 2406 2316 2513; baseline -0.001 -28"><span class='ocrx_word' id='word_1_97' title='bbox 902 2408 1132 2513; x_wconf 82' lang='lat' dir='ltr'>procuratrix</span> <span class='ocrx_word' id='word_1_98' title='bbox 1146 2406 1218 2483; x_wconf 85' lang='lat' dir='ltr'>fuit</span> <span class='ocrx_word' id='word_1_99' title='bbox 1236 2408 1276 2483; x_wconf 92' lang='lat' dir='ltr'>in</span> <span class='ocrx_word' id='word_1_100' title='bbox 1291 2407 1360 2484; x_wconf 89' lang='lat' dir='ltr'>hac</span> <span class='ocrx_word' id='word_1_101' title='bbox 1381 2435 1501 2494; x_wconf 88' lang='lat' dir='ltr'>causa,</span> <span class='ocrx_word' id='word_1_102' title='bbox 1523 2422 1678 2512; x_wconf 86' lang='lat' dir='ltr'>propter</span> <span class='ocrx_word' id='word_1_103' title='bbox 1694 2406 1960 2511; x_wconf 87' lang='lat' dir='ltr'>impotenciam</span> <span class='ocrx_word' id='word_1_104' title='bbox 1984 2407 2073 2484; x_wconf 85' lang='lat' dir='ltr'>dicti</span> <span class='ocrx_word' id='word_1_105' title='bbox 2097 2408 2217 2484; x_wconf 87' lang='lat' dir='ltr'>mariti</span> <span class='ocrx_word' id='word_1_106' title='bbox 2243 2409 2316 2495; x_wconf 81' lang='lat' dir='ltr'>sui,</span> 
     </span>
     <span class='ocr_line' id='line_1_12' title="bbox 902 2536 2318 2645; baseline 0 -30"><span class='ocrx_word' id='word_1_107' title='bbox 902 2539 1003 2615; x_wconf 89' lang='lat' dir='ltr'>curia</span> <span class='ocrx_word' id='word_1_108' title='bbox 1022 2554 1149 2615; x_wconf 87' lang='lat' dir='ltr'>nostra</span> <span class='ocrx_word' id='word_1_109' title='bbox 1169 2537 1303 2615; x_wconf 90' lang='lat' dir='ltr'>detulit</span> <span class='ocrx_word' id='word_1_110' title='bbox 1322 2536 1747 2645; x_wconf 80' lang='lat' dir='ltr'>juramentum,ta1atis</span> <span class='ocrx_word' id='word_1_111' title='bbox 1769 2536 1875 2641; x_wconf 79' lang='lat' dir='ltr'>priua</span> <span class='ocrx_word' id='word_1_112' title='bbox 1898 2564 1965 2641; x_wconf 88' lang='lat' dir='ltr'>per</span> <span class='ocrx_word' id='word_1_113' title='bbox 1989 2537 2129 2615; x_wconf 79' lang='lat' dir='ltr'>orniam</span> <span class='ocrx_word' id='word_1_114' title='bbox 2154 2556 2318 2616; x_wconf 89' lang='lat' dir='ltr'>nostram</span> 
     </span>
     <span class='ocr_line' id='line_1_13' title="bbox 902 2666 2319 2777; baseline 0.001 -33"><span class='ocrx_word' id='word_1_115' title='bbox 902 2668 1010 2746; x_wconf 89' lang='lat' dir='ltr'>dictis</span> <span class='ocrx_word' id='word_1_116' title='bbox 1031 2666 1204 2775; x_wconf 87' lang='lat' dir='ltr'>dampnis</span> <span class='ocrx_word' id='word_1_117' title='bbox 1223 2668 1270 2744; x_wconf 91' lang='lat' dir='ltr'>ad</span> <span class='ocrx_word' id='word_1_118' title='bbox 1291 2668 1468 2745; x_wconf 85' lang='lat' dir='ltr'>ducentas</span> <span class='ocrx_word' id='word_1_119' title='bbox 1484 2667 1597 2744; x_wconf 86' lang='lat' dir='ltr'>libras</span> <span class='ocrx_word' id='word_1_120' title='bbox 1613 2668 1872 2756; x_wconf 84' lang='lat' dir='ltr'>Turonenses,</span> <span class='ocrx_word' id='word_1_121' title='bbox 1890 2667 1922 2744; x_wconf 84' lang='lat' dir='ltr'>si</span> <span class='ocrx_word' id='word_1_122' title='bbox 1935 2666 2049 2745; x_wconf 86' lang='lat' dir='ltr'>vellet</span> <span class='ocrx_word' id='word_1_123' title='bbox 2058 2668 2186 2775; x_wconf 90' lang='lat' dir='ltr'>jurare</span> <span class='ocrx_word' id='word_1_124' title='bbox 2201 2698 2319 2777; x_wconf 76' lang='lat' dir='ltr'>usque</span> 
     </span>
     <span class='ocr_line' id='line_1_14' title="bbox 902 2797 2322 2909; baseline 0.001 -33"><span class='ocrx_word' id='word_1_125' title='bbox 902 2798 949 2876; x_wconf 93' lang='lat' dir='ltr'>ad</span> <span class='ocrx_word' id='word_1_126' title='bbox 964 2826 1149 2909; x_wconf 89' lang='lat' dir='ltr'>summam</span> <span class='ocrx_word' id='word_1_127' title='bbox 1165 2816 1406 2906; x_wconf 83' lang='lat' dir='ltr'>pretaxatam,</span> <span class='ocrx_word' id='word_1_128' title='bbox 1430 2826 1505 2905; x_wconf 85' lang='lat' dir='ltr'>que</span> <span class='ocrx_word' id='word_1_129' title='bbox 1522 2826 1618 2875; x_wconf 81' lang='lat' dir='ltr'>uxor</span> <span class='ocrx_word' id='word_1_130' title='bbox 1629 2797 1767 2905; x_wconf 84' lang='lat' dir='ltr'>juravit</span> <span class='ocrx_word' id='word_1_131' title='bbox 1784 2814 1927 2876; x_wconf 90' lang='lat' dir='ltr'>tantam</span> <span class='ocrx_word' id='word_1_132' title='bbox 1945 2826 2133 2875; x_wconf 90' lang='lat' dir='ltr'>summam</span> <span class='ocrx_word' id='word_1_133' title='bbox 2154 2817 2193 2877; x_wconf 86' lang='lat' dir='ltr'>et</span> <span class='ocrx_word' id='word_1_134' title='bbox 2205 2801 2322 2907; x_wconf 89' lang='lat' dir='ltr'>majo-</span> 
     </span>
     <span class='ocr_line' id='line_1_15' title="bbox 900 2927 2322 3037; baseline 0.001 -31"><span class='ocrx_word' id='word_1_135' title='bbox 900 2957 981 3007; x_wconf 91' lang='lat' dir='ltr'>rem</span> <span class='ocrx_word' id='word_1_136' title='bbox 1001 2929 1149 3008; x_wconf 83' lang='lat' dir='ltr'>racione</span> <span class='ocrx_word' id='word_1_137' title='bbox 1166 2931 1415 3037; x_wconf 90' lang='lat' dir='ltr'>dampnorum</span> <span class='ocrx_word' id='word_1_138' title='bbox 1432 2928 1689 3034; x_wconf 88' lang='lat' dir='ltr'>predictorum</span> <span class='ocrx_word' id='word_1_139' title='bbox 1709 2927 1809 3033; x_wconf 82' lang='lat' dir='ltr'>ipsos</span> <span class='ocrx_word' id='word_1_140' title='bbox 1829 2927 2051 3020; x_wconf 78' lang='lat' dir='ltr'>incurrisse3</span> <span class='ocrx_word' id='word_1_141' title='bbox 2071 2947 2110 3005; x_wconf 89' lang='lat' dir='ltr'>et</span> <span class='ocrx_word' id='word_1_142' title='bbox 2128 2930 2232 3019; x_wconf 90' lang='lat' dir='ltr'>ideo,</span> <span class='ocrx_word' id='word_1_143' title='bbox 2253 2957 2322 3036; x_wconf 93' lang='lat' dir='ltr'>per</span> 
     </span>
     <span class='ocr_line' id='line_1_16' title="bbox 902 3057 2322 3168; baseline 0.001 -31"><span class='ocrx_word' id='word_1_144' title='bbox 902 3061 1005 3138; x_wconf 91' lang='lat' dir='ltr'>curie</span> <span class='ocrx_word' id='word_1_145' title='bbox 1031 3077 1157 3140; x_wconf 85' lang='lat' dir='ltr'>nostre</span> <span class='ocrx_word' id='word_1_146' title='bbox 1178 3060 1383 3168; x_wconf 89' lang='lat' dir='ltr'>judicium,</span> <span class='ocrx_word' id='word_1_147' title='bbox 1409 3059 1483 3136; x_wconf 87' lang='lat' dir='ltr'>luit</span> <span class='ocrx_word' id='word_1_148' title='bbox 1507 3059 1630 3137; x_wconf 85' lang='lat' dir='ltr'>dictus</span> <span class='ocrx_word' id='word_1_149' title='bbox 1653 3059 1763 3165; x_wconf 87' lang='lat' dir='ltr'>Hugo</span> <span class='ocrx_word' id='word_1_150' title='bbox 1784 3057 2099 3166; x_wconf 78' lang='lat' dir='ltr'>condempnatus,</span> <span class='ocrx_word' id='word_1_151' title='bbox 2122 3088 2191 3167; x_wconf 91' lang='lat' dir='ltr'>pro</span> <span class='ocrx_word' id='word_1_152' title='bbox 2211 3060 2322 3140; x_wconf 88' lang='lat' dir='ltr'>dictis</span> 
     </span>
     <span class='ocr_line' id='line_1_17' title="bbox 903 3188 2258 3298; baseline -0.001 -29"><span class='ocrx_word' id='word_1_153' title='bbox 903 3192 1087 3298; x_wconf 90' lang='lat' dir='ltr'>dampnis,</span> <span class='ocrx_word' id='word_1_154' title='bbox 1109 3191 1150 3268; x_wconf 91' lang='lat' dir='ltr'>in</span> <span class='ocrx_word' id='word_1_155' title='bbox 1170 3191 1342 3268; x_wconf 87' lang='lat' dir='ltr'>ducentis</span> <span class='ocrx_word' id='word_1_156' title='bbox 1358 3189 1466 3266; x_wconf 88' lang='lat' dir='ltr'>libris</span> <span class='ocrx_word' id='word_1_157' title='bbox 1484 3188 1771 3268; x_wconf 81' lang='lat' dir='ltr'>Turonensibus</span> <span class='ocrx_word' id='word_1_158' title='bbox 1787 3188 2009 3297; x_wconf 81' lang='lat' dir='ltr'>conjugibus</span> <span class='ocrx_word' id='word_1_159' title='bbox 2029 3191 2258 3297; x_wconf 80' lang='lat' dir='ltr'>supradictis.</span> 
     </span>
     <span class='ocr_line' id='line_1_18' title="bbox 955 3318 1467 3424; baseline -0.008 -25"><span class='ocrx_word' id='word_1_160' title='bbox 955 3320 1112 3401; x_wconf 88' lang='lat' dir='ltr'>Veneris</span> <span class='ocrx_word' id='word_1_161' title='bbox 1130 3336 1216 3424; x_wconf 87' lang='lat' dir='ltr'>post</span> <span class='ocrx_word' id='word_1_162' title='bbox 1229 3318 1467 3396; x_wconf 86' lang='lat' dir='ltr'>Trinitatem.</span> 
     </span>
     <span class='ocr_line' id='line_1_19' title="bbox 957 3448 1292 3555; baseline -0.006 -29"><span class='ocrx_word' id='word_1_163' title='bbox 957 3450 1062 3526; x_wconf 91' lang='lat' dir='ltr'>Creci</span> <span class='ocrx_word' id='word_1_164' title='bbox 1081 3448 1292 3555; x_wconf 79' lang='lat' dir='ltr'>reportavit.</span> 
     </span>
    </p>
   </div>
   <div class='ocr_carea' id='block_1_3' title="bbox 728 3708 2321 5514">
    <p class='ocr_par' dir='ltr' id='par_1_3' title="bbox 728 3708 2321 5514">
     <span class='ocr_line' id='line_1_20' title="bbox 911 3708 2318 3819; baseline 0.007 -38"><span class='ocrx_word' id='word_1_165' title='bbox 911 3778 912 3781; x_wconf 74' lang='grc'>,</span> <span class='ocrx_word' id='word_1_166' title='bbox 954 3710 1112 3791; x_wconf 89' lang='lat' dir='ltr'>XXXIV.</span> <span class='ocrx_word' id='word_1_167' title='bbox 1142 3708 1226 3787; x_wconf 88' lang='lat' dir='ltr'>Lite</span> <span class='ocrx_word' id='word_1_168' title='bbox 1248 3726 1367 3796; x_wconf 91' lang='lat' dir='ltr'>mota,</span> <span class='ocrx_word' id='word_1_169' title='bbox 1380 3736 1506 3786; x_wconf 89' lang='lat' dir='ltr'>coram</span> <span class='ocrx_word' id='word_1_170' title='bbox 1518 3708 1654 3788; x_wconf 89' lang='lat' dir='ltr'>ballivo</span> <span class='ocrx_word' id='word_1_171' title='bbox 1675 3710 1961 3801; x_wconf 75' lang='lat' dir='ltr'>silvanectensi,</span> <span class='ocrx_word' id='word_1_172' title='bbox 1981 3712 2079 3791; x_wconf 91' lang='lat' dir='ltr'>inter</span> <span class='ocrx_word' id='word_1_173' title='bbox 2097 3713 2318 3819; x_wconf 84' lang='lat' dir='ltr'>magistrum</span> 
     </span>
     <span class='ocr_line' id='line_1_21' title="bbox 901 3838 2320 3949; baseline -0.002 -26"><span class='ocrx_word' id='word_1_174' title='bbox 901 3842 1149 3923; x_wconf 86' lang='lat' dir='ltr'>Guillelmum</span> <span class='ocrx_word' id='word_1_175' title='bbox 1165 3840 1214 3918; x_wconf 91' lang='lat' dir='ltr'>de</span> <span class='ocrx_word' id='word_1_176' title='bbox 1229 3838 1406 3929; x_wconf 89' lang='lat' dir='ltr'>Molanis,</span> <span class='ocrx_word' id='word_1_177' title='bbox 1428 3838 1626 3931; x_wconf 89' lang='lat' dir='ltr'>clericum,</span> <span class='ocrx_word' id='word_1_178' title='bbox 1648 3869 1692 3918; x_wconf 83' lang='lat' dir='ltr'>ex</span> <span class='ocrx_word' id='word_1_179' title='bbox 1710 3870 1784 3919; x_wconf 92' lang='lat' dir='ltr'>una</span> <span class='ocrx_word' id='word_1_180' title='bbox 1800 3859 1919 3949; x_wconf 77' lang='lat' dir='ltr'>parte,</span> <span class='ocrx_word' id='word_1_181' title='bbox 1939 3859 1978 3919; x_wconf 89' lang='lat' dir='ltr'>et</span> <span class='ocrx_word' id='word_1_182' title='bbox 1995 3841 2210 3931; x_wconf 89' lang='lat' dir='ltr'>Odardum,</span> <span class='ocrx_word' id='word_1_183' title='bbox 2233 3843 2320 3920; x_wconf 82' lang='lat' dir='ltr'>dra-</span> 
     </span>
     <span class='ocr_line' id='line_1_22' title="bbox 901 3959 2318 4081; baseline -0.001 -29"><span class='ocrx_word' id='word_1_184' title='bbox 901 3974 1066 4081; x_wconf 89' lang='lat' dir='ltr'>perium,</span> <span class='ocrx_word' id='word_1_185' title='bbox 1092 3971 1209 4049; x_wconf 84' lang='lat' dir='ltr'>civem</span> <span class='ocrx_word' id='word_1_186' title='bbox 1235 3959 1566 4061; x_wconf 77' lang='lat' dir='ltr'>silvanectensem,</span> <span class='ocrx_word' id='word_1_187' title='bbox 1594 3998 1638 4048; x_wconf 82' lang='lat' dir='ltr'>er</span> <span class='ocrx_word' id='word_1_188' title='bbox 1656 3971 1790 4063; x_wconf 84' lang='lat' dir='ltr'>altera,</span> <span class='ocrx_word' id='word_1_189' title='bbox 1814 4000 1992 4079; x_wconf 82' lang='lat' dir='ltr'>supereo</span> <span class='ocrx_word' id='word_1_190' title='bbox 2016 3972 2188 4051; x_wconf 86' lang='lat' dir='ltr'>videlicet</span> <span class='ocrx_word' id='word_1_191' title='bbox 2212 3976 2318 4080; x_wconf 91' lang='lat' dir='ltr'>quod</span> 
     </span>
     <span class='ocr_line' id='line_1_23' title="bbox 902 4100 2317 4209; baseline 0.001 -27"><span class='ocrx_word' id='word_1_192' title='bbox 902 4103 1024 4182; x_wconf 87' lang='lat' dir='ltr'>dictus</span> <span class='ocrx_word' id='word_1_193' title='bbox 1048 4100 1275 4181; x_wconf 82' lang='lat' dir='ltr'>Guillelmus</span> <span class='ocrx_word' id='word_1_194' title='bbox 1297 4101 1447 4179; x_wconf 91' lang='lat' dir='ltr'>dicebat</span> <span class='ocrx_word' id='word_1_195' title='bbox 1473 4101 1593 4207; x_wconf 91' lang='lat' dir='ltr'>quod,</span> <span class='ocrx_word' id='word_1_196' title='bbox 1617 4102 1656 4179; x_wconf 92' lang='lat' dir='ltr'>in</span> <span class='ocrx_word' id='word_1_197' title='bbox 1681 4103 1848 4209; x_wconf 91' lang='lat' dir='ltr'>quodam</span> <span class='ocrx_word' id='word_1_198' title='bbox 1866 4102 1969 4181; x_wconf 85' lang='lat' dir='ltr'>finali</span> <span class='ocrx_word' id='word_1_199' title='bbox 1990 4122 2164 4209; x_wconf 91' lang='lat' dir='ltr'>compoto</span> <span class='ocrx_word' id='word_1_200' title='bbox 2186 4104 2317 4183; x_wconf 86' lang='lat' dir='ltr'>habito</span> 
     </span>
     <span class='ocr_line' id='line_1_24' title="bbox 900 4232 2318 4340; baseline 0.002 -29"><span class='ocrx_word' id='word_1_201' title='bbox 900 4235 999 4311; x_wconf 87' lang='lat' dir='ltr'>inter</span> <span class='ocrx_word' id='word_1_202' title='bbox 1007 4232 1124 4340; x_wconf 86' lang='lat' dir='ltr'>ipsos,</span> <span class='ocrx_word' id='word_1_203' title='bbox 1141 4234 1220 4340; x_wconf 87' lang='lat' dir='ltr'>ipse</span> <span class='ocrx_word' id='word_1_204' title='bbox 1236 4248 1516 4339; x_wconf 85' lang='lat' dir='ltr'>computaverat</span> <span class='ocrx_word' id='word_1_205' title='bbox 1526 4261 1614 4311; x_wconf 90' lang='lat' dir='ltr'>cum</span> <span class='ocrx_word' id='word_1_206' title='bbox 1630 4233 1711 4339; x_wconf 87' lang='lat' dir='ltr'>ipso</span> <span class='ocrx_word' id='word_1_207' title='bbox 1728 4251 1766 4311; x_wconf 91' lang='lat' dir='ltr'>et</span> <span class='ocrx_word' id='word_1_208' title='bbox 1782 4233 2029 4339; x_wconf 85' lang='lat' dir='ltr'>postmodum</span> <span class='ocrx_word' id='word_1_209' title='bbox 2043 4233 2201 4313; x_wconf 78' lang='lat' dir='ltr'>solverat</span> <span class='ocrx_word' id='word_1_210' title='bbox 2215 4234 2318 4314; x_wconf 81' lang='lat' dir='ltr'>dicto</span> 
     </span>
     <span class='ocr_line' id='line_1_25' title="bbox 900 4363 2318 4473; baseline 0.001 -30"><span class='ocrx_word' id='word_1_211' title='bbox 900 4364 1053 4444; x_wconf 90' lang='lat' dir='ltr'>Odardo</span> <span class='ocrx_word' id='word_1_212' title='bbox 1076 4382 1228 4443; x_wconf 89' lang='lat' dir='ltr'>centum</span> <span class='ocrx_word' id='word_1_213' title='bbox 1253 4382 1291 4443; x_wconf 90' lang='lat' dir='ltr'>et</span> <span class='ocrx_word' id='word_1_214' title='bbox 1318 4364 1471 4473; x_wconf 85' lang='lat' dir='ltr'>triginta</span> <span class='ocrx_word' id='word_1_215' title='bbox 1495 4363 1610 4442; x_wconf 87' lang='lat' dir='ltr'>libras</span> <span class='ocrx_word' id='word_1_216' title='bbox 1629 4364 1871 4455; x_wconf 80' lang='lat' dir='ltr'>Parisienees,</span> <span class='ocrx_word' id='word_1_217' title='bbox 1887 4366 1927 4442; x_wconf 92' lang='lat' dir='ltr'>in</span> <span class='ocrx_word' id='word_1_218' title='bbox 1955 4366 2094 4473; x_wconf 83' lang='lat' dir='ltr'>quibus</span> <span class='ocrx_word' id='word_1_219' title='bbox 2122 4363 2318 4445; x_wconf 77' lang='lat' dir='ltr'>defunctus</span> 
     </span>
     <span class='ocr_line' id='line_1_26' title="bbox 900 4493 2317 4593; baseline 0.001 -20"><span class='ocrx_word' id='word_1_220' title='bbox 900 4496 1039 4587; x_wconf 89' lang='lat' dir='ltr'>Droco,</span> <span class='ocrx_word' id='word_1_221' title='bbox 1064 4495 1240 4593; x_wconf 78' lang='lat' dir='ltr'>dominun</span> <span class='ocrx_word' id='word_1_222' title='bbox 1260 4493 1307 4571; x_wconf 90' lang='lat' dir='ltr'>de</span> <span class='ocrx_word' id='word_1_223' title='bbox 1327 4494 1503 4585; x_wconf 89' lang='lat' dir='ltr'>Melloto,</span> <span class='ocrx_word' id='word_1_224' title='bbox 1522 4493 1636 4572; x_wconf 86' lang='lat' dir='ltr'>miles</span> <span class='ocrx_word' id='word_1_225' title='bbox 1663 4512 1702 4573; x_wconf 88' lang='lat' dir='ltr'>et</span> <span class='ocrx_word' id='word_1_226' title='bbox 1725 4493 1839 4574; x_wconf 84' lang='lat' dir='ltr'>frater</span> <span class='ocrx_word' id='word_1_227' title='bbox 1862 4496 1953 4574; x_wconf 89' lang='lat' dir='ltr'>dicti</span> <span class='ocrx_word' id='word_1_228' title='bbox 1976 4496 2190 4588; x_wconf 89' lang='lat' dir='ltr'>Guillelmi,</span> <span class='ocrx_word' id='word_1_229' title='bbox 2215 4496 2317 4575; x_wconf 90' lang='lat' dir='ltr'>dicto</span> 
     </span>
     <span class='ocr_line' id='line_1_27' title="bbox 900 4623 2316 4733; baseline 0.001 -30"><span class='ocrx_word' id='word_1_230' title='bbox 900 4623 1066 4716; x_wconf 88' lang='lat' dir='ltr'>Odardo,</span> <span class='ocrx_word' id='word_1_231' title='bbox 1079 4644 1251 4733; x_wconf 88' lang='lat' dir='ltr'>tempore</span> <span class='ocrx_word' id='word_1_232' title='bbox 1269 4653 1345 4731; x_wconf 88' lang='lat' dir='ltr'>quo</span> <span class='ocrx_word' id='word_1_233' title='bbox 1356 4624 1512 4714; x_wconf 84' lang='lat' dir='ltr'>vivebat,</span> <span class='ocrx_word' id='word_1_234' title='bbox 1524 4624 1740 4714; x_wconf 80' lang='lat' dir='ltr'>tenebatur;</span> <span class='ocrx_word' id='word_1_235' title='bbox 1753 4654 1867 4733; x_wconf 87' lang='lat' dir='ltr'>quam</span> <span class='ocrx_word' id='word_1_236' title='bbox 1877 4626 2037 4733; x_wconf 89' lang='lat' dir='ltr'>pecunie</span> <span class='ocrx_word' id='word_1_237' title='bbox 2049 4654 2233 4705; x_wconf 81' lang='lat' dir='ltr'>summam</span> <span class='ocrx_word' id='word_1_238' title='bbox 2248 4626 2316 4705; x_wconf 91' lang='lat' dir='ltr'>do-</span> 
     </span>
     <span class='ocr_line' id='line_1_28' title="bbox 728 4754 2313 4863; baseline 0.001 -33"><span class='ocrx_word' id='word_1_239' title='bbox 728 4757 739 4791; x_wconf 70' lang='lat'>*</span> <span class='ocrx_word' id='word_1_240' title='bbox 765 4792 766 4795; x_wconf 38' lang='lat'>¹</span> <span class='ocrx_word' id='word_1_241' title='bbox 787 4814 789 4818; x_wconf 87' lang='grc'><strong>-</strong></span> <span class='ocrx_word' id='word_1_242' title='bbox 901 4754 1000 4831; x_wconf 89' lang='lat' dir='ltr'>mina</span> <span class='ocrx_word' id='word_1_243' title='bbox 1011 4754 1057 4831; x_wconf 91' lang='lat' dir='ltr'>de</span> <span class='ocrx_word' id='word_1_244' title='bbox 1070 4755 1238 4845; x_wconf 87' lang='lat' dir='ltr'>Melloto,</span> <span class='ocrx_word' id='word_1_245' title='bbox 1253 4784 1348 4834; x_wconf 81' lang='lat' dir='ltr'>uxor</span> <span class='ocrx_word' id='word_1_246' title='bbox 1359 4756 1552 4862; x_wconf 91' lang='lat' dir='ltr'>quondam</span> <span class='ocrx_word' id='word_1_247' title='bbox 1563 4754 1653 4833; x_wconf 88' lang='lat' dir='ltr'>dicti</span> <span class='ocrx_word' id='word_1_248' title='bbox 1665 4755 1849 4850; x_wconf 79' lang='lat' dir='ltr'>defuncti,</span> <span class='ocrx_word' id='word_1_249' title='bbox 1860 4756 2037 4863; x_wconf 79' lang='lat' dir='ltr'>primitus</span> <span class='ocrx_word' id='word_1_250' title='bbox 2048 4756 2150 4835; x_wconf 85' lang='lat' dir='ltr'>dicto</span> <span class='ocrx_word' id='word_1_251' title='bbox 2162 4754 2313 4835; x_wconf 90' lang='lat' dir='ltr'>Odardo</span> 
     </span>
     <span class='ocr_line' id='line_1_29' title="bbox 899 4884 2314 4999; baseline 0.001 -37"><span class='ocrx_word' id='word_1_252' title='bbox 899 4884 1067 4975; x_wconf 79' lang='lat' dir='ltr'>solverat,</span> <span class='ocrx_word' id='word_1_253' title='bbox 1085 4903 1199 4992; x_wconf 90' lang='lat' dir='ltr'>prout</span> <span class='ocrx_word' id='word_1_254' title='bbox 1216 4886 1319 4964; x_wconf 91' lang='lat' dir='ltr'>idem</span> <span class='ocrx_word' id='word_1_255' title='bbox 1334 4884 1561 4965; x_wconf 86' lang='lat' dir='ltr'>Guillelmus</span> <span class='ocrx_word' id='word_1_256' title='bbox 1578 4886 1727 4964; x_wconf 91' lang='lat' dir='ltr'>dicebat</span> <span class='ocrx_word' id='word_1_257' title='bbox 1746 4904 1784 4965; x_wconf 92' lang='lat' dir='ltr'>et</span> <span class='ocrx_word' id='word_1_258' title='bbox 1799 4886 1982 4965; x_wconf 83' lang='lat' dir='ltr'>offerebat</span> <span class='ocrx_word' id='word_1_259' title='bbox 1993 4886 2066 4967; x_wconf 89' lang='lat' dir='ltr'>hoc</span> <span class='ocrx_word' id='word_1_260' title='bbox 2077 4916 2117 4999; x_wconf 76' lang='lat' dir='ltr'>ae</span> <span class='ocrx_word' id='word_1_261' title='bbox 2131 4884 2314 4995; x_wconf 82' lang='lat' dir='ltr'>legittime</span> 
     </span>
     <span class='ocr_line' id='line_1_30' title="bbox 900 5014 2317 5123; baseline 0.001 -32"><span class='ocrx_word' id='word_1_262' title='bbox 900 5015 1163 5121; x_wconf 85' lang='lat' dir='ltr'>probaturum,</span> <span class='ocrx_word' id='word_1_263' title='bbox 1185 5044 1300 5123; x_wconf 89' lang='lat' dir='ltr'>quare</span> <span class='ocrx_word' id='word_1_264' title='bbox 1325 5017 1477 5122; x_wconf 89' lang='lat' dir='ltr'>petebat</span> <span class='ocrx_word' id='word_1_265' title='bbox 1501 5016 1646 5094; x_wconf 91' lang='lat' dir='ltr'>dictum</span> <span class='ocrx_word' id='word_1_266' title='bbox 1667 5016 1863 5095; x_wconf 89' lang='lat' dir='ltr'>Odardum</span> <span class='ocrx_word' id='word_1_267' title='bbox 1888 5017 1960 5095; x_wconf 85' lang='lat' dir='ltr'>sibi</span> <span class='ocrx_word' id='word_1_268' title='bbox 1980 5015 2243 5122; x_wconf 90' lang='lat' dir='ltr'>condempnari</span> <span class='ocrx_word' id='word_1_269' title='bbox 2265 5014 2317 5093; x_wconf 84' lang='lat' dir='ltr'>ad</span> 
     </span>
     <span class='ocr_line' id='line_1_31' title="bbox 900 5143 2319 5254; baseline 0.004 -35"><span class='ocrx_word' id='word_1_270' title='bbox 900 5143 1137 5223; x_wconf 89' lang='lat' dir='ltr'>reddendum</span> <span class='ocrx_word' id='word_1_271' title='bbox 1154 5145 1224 5223; x_wconf 89' lang='lat' dir='ltr'>sibi</span> <span class='ocrx_word' id='word_1_272' title='bbox 1236 5145 1441 5250; x_wconf 87' lang='lat' dir='ltr'>predictam</span> <span class='ocrx_word' id='word_1_273' title='bbox 1461 5146 1622 5252; x_wconf 87' lang='lat' dir='ltr'>pecunie</span> <span class='ocrx_word' id='word_1_274' title='bbox 1642 5175 1841 5237; x_wconf 84' lang='lat' dir='ltr'>summam,</span> <span class='ocrx_word' id='word_1_275' title='bbox 1857 5175 1973 5254; x_wconf 90' lang='lat' dir='ltr'>quam</span> <span class='ocrx_word' id='word_1_276' title='bbox 1987 5147 2157 5226; x_wconf 91' lang='lat' dir='ltr'>indebite</span> <span class='ocrx_word' id='word_1_277' title='bbox 2168 5164 2206 5224; x_wconf 91' lang='lat' dir='ltr'>et</span> <span class='ocrx_word' id='word_1_278' title='bbox 2218 5174 2319 5229; x_wconf 82' lang='lat' dir='ltr'>erro</span> 
     </span>
     <span class='ocr_line' id='line_1_32' title="bbox 900 5266 2316 5385; baseline 0.001 -34"><span class='ocrx_word' id='word_1_279' title='bbox 900 5302 970 5353; x_wconf 89' lang='lat' dir='ltr'>nee</span> <span class='ocrx_word' id='word_1_280' title='bbox 992 5274 1065 5353; x_wconf 81' lang='lat' dir='ltr'>sibi</span> <span class='ocrx_word' id='word_1_281' title='bbox 1086 5274 1258 5363; x_wconf 87' lang='lat' dir='ltr'>solverat,</span> <span class='ocrx_word' id='word_1_282' title='bbox 1290 5301 1436 5353; x_wconf 91' lang='lat' dir='ltr'>necnon</span> <span class='ocrx_word' id='word_1_283' title='bbox 1455 5275 1618 5354; x_wconf 86' lang='lat' dir='ltr'>litteram</span> <span class='ocrx_word' id='word_1_284' title='bbox 1638 5275 1898 5385; x_wconf 85' lang='lat' dir='ltr'>obligatoriam</span> <span class='ocrx_word' id='word_1_285' title='bbox 1916 5266 2101 5374; x_wconf 79' lang='lat' dir='ltr'>summam</span> <span class='ocrx_word' id='word_1_286' title='bbox 2123 5277 2221 5355; x_wconf 89' lang='lat' dir='ltr'>dicte</span> <span class='ocrx_word' id='word_1_287' title='bbox 2247 5304 2316 5380; x_wconf 87' lang='lat' dir='ltr'>pe-</span> 
     </span>
     <span class='ocr_line' id='line_1_33' title="bbox 902 5390 2321 5514; baseline 0.001 -34"><span class='ocrx_word' id='word_1_288' title='bbox 902 5405 1011 5485; x_wconf 89' lang='lat' dir='ltr'>cunie</span> <span class='ocrx_word' id='word_1_289' title='bbox 1025 5404 1295 5495; x_wconf 86' lang='lat' dir='ltr'>continentem,</span> <span class='ocrx_word' id='word_1_290' title='bbox 1311 5390 1425 5513; x_wconf 85' lang='lat' dir='ltr'>quani</span> <span class='ocrx_word' id='word_1_291' title='bbox 1446 5404 1549 5484; x_wconf 90' lang='lat' dir='ltr'>idem</span> <span class='ocrx_word' id='word_1_292' title='bbox 1561 5406 1872 5487; x_wconf 86' lang='lat' dir='ltr'>Odardusminus</span> <span class='ocrx_word' id='word_1_293' title='bbox 1879 5405 1984 5514; x_wconf 80' lang='lat' dir='ltr'>juste</span> <span class='ocrx_word' id='word_1_294' title='bbox 1995 5421 2034 5485; x_wconf 91' lang='lat' dir='ltr'>et</span> <span class='ocrx_word' id='word_1_295' title='bbox 2046 5422 2173 5485; x_wconf 78' lang='lat' dir='ltr'>matra</span> <span class='ocrx_word' id='word_1_296' title='bbox 2185 5404 2321 5483; x_wconf 89' lang='lat' dir='ltr'>volun-</span> 
     </span>
    </p>
   </div>
   <div class='ocr_carea' id='block_1_4' title="bbox 0 0 2914 7287">
    <p class='ocr_par' dir='ltr' id='par_1_4' title="bbox 0 0 2914 7287">
     <span class='ocr_line' id='line_1_34' title="bbox 0 0 2914 7287; baseline 0 0"><span class='ocrx_word' id='word_1_297' title='bbox 0 0 2914 7287; x_wconf 95' lang='lat' dir='ltr'> </span> 
     </span>
    </p>
   </div>
  </div>
 </body>
</html>
