5817 7292
896 1118 969 1189 638
1474 1112 1565 1186 Las
1596 1110 1734 1185 OLlM.

669 1270 799 1323 enum
810 1268 855 1333 tv,
895 1274 932 1334 et
951 1256 1100 1362 culpam
1121 1257 1237 1363 ipsius
1256 1254 1395 1363 Egidii,
1417 1252 1533 1333 altera
1548 1281 1663 1331 manu
1684 1250 1798 1328 fuisse
1814 1251 2047 1341 mutilatum,
2064 1253 2181 1333 videri
2201 1277 2238 1335 et
2251 1261 2319 1367 ju-

730 1360 792 1403 Μ’
894 1388 1027 1477 dicari,
1056 1388 1156 1465 dicto
1181 1386 1315 1496 Egidio
1337 1387 1376 1463 in
1401 1386 1647 1473 contrarium,
1675 1382 1806 1460 multis
1827 1382 2059 1475 racionibus,
2082 1410 2319 1493 proponente

894 1521 1031 1598 dictam
1052 1520 1385 1597 denunciacionem
1405 1517 1547 1593 nullam
1564 1543 1644 1593 esse
1662 1532 1699 1591 et
1719 1514 1849 1603 fuisse,
1871 1532 1909 1592 et
1928 1517 2118 1622 quidquid
2140 1548 2182 1596 ex
2205 1550 2247 1597 ea
2264 1550 2322 1599 se-

892 1668 1027 1759 qutum
1041 1648 1162 1727 fuerat
1175 1648 1314 1727 debere
1329 1647 1478 1752 penitus
1491 1645 1668 1737 anullari,
1684 1644 1895 1752 specialiter
1904 1649 2009 1753 quia,
2024 1666 2110 1756 post
2124 1652 2242 1730 dictas
2256 1654 2321 1731 de-

892 1782 1179 1859 nunciacionem
1196 1797 1234 1857 et
1249 1778 1561 1857 informacionem
1576 1776 1776 1884 predictas,
1793 1775 1916 1856 dictus
1932 1778 2115 1858 Girardus
2137 1784 2236 1860 dicte
2255 1784 2320 1862 de·

892 1912 1129 1991 nunciacioni
1159 1910 1439 1989 renunciaverat
1469 1926 1507 1986 et
1535 1925 1662 1987 contra
1695 1909 1840 1986 dictum
1867 1908 2046 2017 Egidium
2072 1939 2188 2021 super
2219 1915 2318 1994 dicto

893 2042 1077 2121 maleficio
1101 2043 1272 2121 libellum
1298 2040 1520 2131 tradiderat,
1543 2056 1582 2117 et
1600 2066 1715 2147 super
1741 2040 1842 2118 dicto
1866 2039 1996 2119 libello
2022 2041 2145 2121 dictus
2162 2046 2317 2153 Egidius

893 2175 994 2252 diem
1011 2175 1057 2251 ad
1074 2173 1358 2252 deliberandum
1374 2172 1573 2261 habuerat,
1590 2187 1629 2249 et
1643 2198 1758 2250 novos
1772 2170 2015 2280 fidejussores
2033 2174 2080 2250 de
2094 2176 2225 2253 stando
2232 2176 2312 2284 juri

892 2305 1063 2395 dederat;
1084 2304 1233 2383 dicebat
1249 2304 1365 2381 eciam
1384 2302 1505 2381 dictus
1520 2301 1677 2411 Egidius
1696 2301 1818 2409 quod,
1841 2320 1971 2381 contra
1988 2303 2172 2412 predictos
2192 2322 2314 2385 recto·

892 2466 971 2513 rem
987 2454 1024 2515 et
1040 2437 1250 2542 magistros,
1268 2461 1335 2511 seu
1352 2434 1519 2512 dicentes
1536 2461 1575 2511 se
1591 2462 1661 2541 pro
1676 2433 1775 2511 dicta
1787 2434 2041 2523 universitate,
2057 2462 2178 2542 neque
2190 2437 2310 2529 diem,

892 2596 1016 2675 neque
1041 2566 1246 2644 terminum
1272 2564 1451 2655 habebat,
1482 2594 1553 2642 nec
1579 2566 1737 2655 eisdem,
1763 2595 1849 2642 cum
1869 2564 2020 2644 nullum
2038 2567 2252 2644 mandatum
2270 2596 2314 2643 ex

892 2715 994 2804 parte
1009 2697 1107 2774 dicte
1122 2696 1373 2774 universitatis
1389 2695 1647 2788 ostenderent,
1659 2695 1861 2774 tenebatur
1874 2696 1914 2773 in
1929 2696 2056 2804 aliquo
2072 2699 2313 2804 respondere;

893 2829 1000 2905 dictis
1027 2828 1187 2907 Girardo
1209 2844 1247 2905 et
1266 2827 1481 2905 dicentibus
1498 2854 1538 2905 se
1562 2856 1632 2933 pro
1653 2827 1751 2904 dicta
1773 2828 2011 2905 universitate
2030 2831 2069 2906 in
2090 2830 2316 2908 contrarium

892 2958 1160 3047 asserentibus,
1184 2958 1454 3037 saracenatos
1477 2959 1583 3064 quoa
1609 2940 1919 3066 dictusEgidius,
1941 2959 2318 3067 possusumus-

892 3092 971 3167 lum
993 3088 1138 3167 editum
1157 3090 1197 3165 in
1212 3090 1374 3196 judicio,
1398 3106 1635 3167 consenserat
1654 3107 1692 3167 et
1709 3089 1878 3167 voluerat
1898 3092 2002 3197 quod
2021 3090 2120 3168 dicta
2140 3090 2318 3168 informa-

893 3223 949 3299 cio
971 3221 1230 3328 judicaretur,
1265 3246 1379 3324 quare
1407 3219 1585 3325 petebant
1608 3220 1747 3297 dictam
1772 3219 2099 3309 informacionem,
2130 3248 2206 3297 non
2233 3221 2315 3296 obs·

891 3351 1057 3428 tantibus
1075 3349 1278 3456 propositis
1297 3378 1365 3453 per
1390 3349 1534 3425 dictum
1554 3348 1747 3456 Egidium,
1766 3350 1884 3427 videri
1911 3369 1948 3427 et
1968 3350 2145 3456 judicari3
2174 3349 2312 3426 auditis

892 3481 1006 3587 igitur
1032 3478 1142 3555 dictis
1160 3477 1345 3582 partibus,
1368 3477 1489 3554 dictus
1511 3479 1726 3584 prepositus
1745 3478 1839 3556 facta
1863 3508 1931 3586 per
1949 3479 2089 3555 dictum
2110 3479 2306 3589 Egidium,

891 3638 961 3717 pro
977 3638 1033 3698 se,
1051 3626 1088 3686 et
1102 3636 1170 3715 per
1185 3609 1305 3685 dictos
1321 3608 1524 3687 Girardum
1540 3628 1578 3688 et
1596 3629 1768 3720 gerentes
1788 3640 1827 3687 se
1845 3639 1914 3716 pro
1934 3610 2030 3687 dicta
2047 3610 2311 3697 universitate,

893 3743 931 3817 in
943 3757 1127 3848 quantum
1140 3738 1282 3815 dictum
1294 3738 1497 3818 Girardum
1511 3757 1548 3818 et
1562 3741 1698 3818 dictam
1711 3742 1988 3821 universitatem
1999 3740 2217 3849 tangebant,
2233 3769 2317 3849 pro-

891 3872 1026 3979 posita,
1053 3897 1120 3976 per
1141 3898 1252 3946 suum
1267 3869 1457 3977 judicium
1477 3872 1525 3949 ad
1546 3872 1785 3978 probandum
1805 3872 1973 3963 admisit;
1995 3900 2016 3948 a
2033 3898 2109 3979 quo
2124 3872 2312 3981 judicato,

893 4004 1135 4109 inquantum
1158 4001 1361 4107 tangebant
1387 4002 1527 4079 dictam
1549 4000 1845 4096 universitatem,
1876 4004 1997 4081 dictus
2020 4003 2193 4112 Egidius,
2220 4021 2316 4080 tam·-

892 4161 1005 4240 quam
1026 4161 1045 4207 a
1063 4129 1154 4209 salso
1176 4149 1214 4208 ct
1233 4160 1360 4237 pravo,
1379 4134 1426 4209 ad
1440 4150 1606 4211 nostram
1629 4135 1770 4211 curiam
1790 4133 2009 4241 appellavit:
2030 4134 2127 4214 Visis
2144 4135 2256 4242 igitur
2276 4153 2315 4210 et

893 4263 1091 4370 diligenter
1113 4263 1289 4369 inspectis
1311 4265 1401 4342 actis
1424 4282 1462 4341 et
1476 4265 1714 4371 processibus
1730 4267 1828 4344 dicte
1841 4294 1968 4355 cause,
1985 4295 2054 4374 per
2068 4269 2169 4345 curie
2186 4284 2313 4345 nostre

886 4393 1091 4499 judicium,
1116 4394 1260 4471 dictum
1279 4392 1351 4472 fuit
1376 4396 1519 4473 dictum
1539 4398 1792 4504 prepositum,
1809 4415 1992 4505 quantum
2021 4399 2069 4475 ad
2089 4398 2208 4475 dictos
2228 4400 2316 4506 Egi-

892 4524 997 4601 dium
1029 4538 1066 4603 et
1089 4524 1302 4615 Girardum,
1328 4525 1426 4603 bene
1443 4527 1653 4635 judicasse,
1681 4545 1865 4638 quantum
1890 4557 1978 4608 vero
2003 4529 2213 4609 addictam
2230 4529 2315 4605 uni-

892 4654 1120 4771 versitatem,
1147 4655 1243 4732 male
1263 4656 1467 4764 judicasse,
1491 4675 1529 4736 et
1552 4660 1694 4737 dictum
1714 4659 1891 4767 Egidium
1913 4660 2012 4738 bene
2034 4659 2252 4767 appellasse;
2274 4677 2314 4735 et

891 4785 1060 4891 precepit
1081 4785 1188 4892 quod
1210 4786 1329 4867 dictus
1351 4788 1579 4897 prepositus,
1601 4808 1783 4899 quanmm
1801 4791 1850 4869 ad
1868 4791 2057 4899 predictos
2076 4791 2249 4902 Egidium
2273 4807 2315 4865 et

891 4914 1106 5007 Girardum,
1128 4917 1287 4998 ulterius
1303 4920 1342 4995 in
1364 4919 1461 4997 dicta
1482 4946 1614 5000 comm
1629 4950 1736 5002 causa
1748 4923 1937 5031 procedat.

946 5047 1075 5125 Martis
1094 5066 1180 5155 post
1200 5050 1616 5160 Sanctum-Georgium.

946 5179 1047 5286 Roya
1066 5180 1279 5285 reportavit.

947 5309 1124 5389 Traditus
1144 5310 1215 5389 fuit
1237 5338 1431 5416 processus
1451 5315 1655 5421 preposito.
1745 5406 1750 5413 ,
