5817 7292
858 1115 928 1188 188
1425 1115 1517 1188 LES
1557 1112 1696 1188 OLIM.

630 1273 759 1324 Parum
773 1269 815 1333 tv,
909 1257 951 1331 ll.
983 1254 1106 1362 Super
1124 1253 1354 1362 quibusdam
1369 1254 1534 1362 injuriis,
1553 1253 1807 1342 contumeliis,
1825 1253 2017 1332 violenciis
2032 1267 2071 1328 et
2085 1253 2272 1342 rescusain

689 1363 752 1405 1800.

852 1415 945 1494 quas
965 1388 1156 1496 preposito
1175 1387 1452 1479 Aurelianensi‚
1473 1386 1607 1493 placita
1632 1415 1699 1464 sua
1708 1385 1853 1463 tenenti
1865 1447 1874 1476 ,
1888 1413 1930 1462 ac
1942 1383 2116 1462 servienti
2129 1383 2273 1462 domini

852 1518 974 1626 Regis,
990 1519 1208 1594 mandatum
1223 1517 1313 1594 dicti
1333 1517 1513 1630 prepositi
1535 1516 1747 1622 exequenti‚
1767 1515 1992 1594 Lancelotua
2011 1515 2136 1604 limat,
2152 1513 2272 1602 miles,

850 1648 1019 1726 intulisse
1040 1649 1245 1737 dicebatur,
1264 1677 1307 1723 ac
1328 1676 1443 1754 super
1461 1675 1506 1724 eo
1524 1647 1628 1754 quod
1647 1646 1841 1724 dicebatur
1859 1647 1983 1752 ipsum
2004 1645 2150 1723 domiui
2165 1646 2276 1752 Regis

853 1796 1034 1856 arrestum
1046 1778 1215 1886 fregisse,
1231 1777 1410 1854 dominus
1422 1781 1500 1854 Rex
1511 1777 1718 1866 mandavit,
1730 1777 1899 1882 partibus
1912 1776 2066 1864 vocatis,
2079 1775 2274 1862 veritatem

851 1912 1004 2018 inquiri:
1021 1911 1196 2017 lnquesta
1211 1908 1326 2016 igitur
1346 1906 1439 1984 lacta
1456 1936 1570 2014 super
1589 1909 1663 1986 hoc
1676 1908 1751 1987 visa
1770 1925 1808 1985 et
1828 1907 2029 2014 diligenter
2048 1906 2272 1998 examinata,

853 2043 975 2120 dictus
991 2041 1214 2119 Lancelotus
1232 2041 1272 2117 in
1285 2039 1446 2116 emenda
1461 2038 1567 2116 mille
1583 2038 1767 2116 librarum
1780 2065 1979 2147 parvorum
1994 2029 2270 2116 bonorum'Tu-

851 2175 1092 2262 rouensium‚
1108 2173 1264 2252 domino
1288 2174 1376 2278 Regi
1398 2170 1592 2262 solvenda,
1606 2199 1675 2277 per
1694 2170 1797 2248 curie
1813 2170 2024 2278 judicium,
2051 2168 2172 2246 extitit
2186 2194 2273 2266 con-

853 2306 1088 2411 dempnatus.

907 2435 1063 2513 Veneris
1082 2434 1120 2511 in
1141 2433 1236 2510 festo
1255 2433 1355 2510 beati
1374 2433 1524 2512 Martini
1546 2430 1738 2538 hyemalis.

907 2568 1120 2672 lnquestam
1134 2592 1212 2642 uon
1231 2564 1359 2642 habui.

905 2831 962 2906 lll.
995 2831 1118 2938 Super
1136 2831 1365 2938 quibusdam
1381 2831 1528 2939 injuriis
1548 2847 1587 2909 et
1604 2830 1798 2910 violenciis
1815 2832 1933 2936 priori
1948 2827 2274 2910 Villo-Sancti-Er-

850 2963 940 3038 meti
960 2978 999 3038 et
1015 2963 1097 3070 ejus
1113 2963 1305 3070 gentibue,
1325 2991 1473 3041 necnon
1491 2964 1656 3041 Roberto
1674 2963 1916 3070 Bolengerio,
1933 2961 2107 3039 servienti
2127 2959 2273 3036 domini

850 3095 974 3201 Regis,
997 3094 1045 3170 ad
1065 3095 1273 3213 custodiam
1294 3094 1383 3171 dicti
1404 3094 1541 3199 prioris
1561 3109 1599 3170 et
1619 3095 1700 3200 ejus
1714 3094 1865 3200 justicie
1883 3120 1953 3198 per
1970 3091 2150 3170 ballivum
2165 3091 2274 3170 Viro·

850 3225 1095 3301 maudensem
1109 3224 1305 3329 deputato,
1322 3249 1343 3296 a
1358 3222 1586 3326 quibusdam
1598 3221 1818 3298 hominibus
1834 3222 1932 3298 dicte
1948 3220 2052 3311 ville,
2069 3221 2109 3295 in
2122 3249 2275 3326 presen-

850 3354 904 3428 cia
919 3354 1073 3460 majoris
1092 3369 1130 3429 et
1141 3353 1357 3458 juratorum
1370 3349 1459 3428 ville
1480 3351 1651 3458 ejusdem
1673 3371 1752 3428 uon·
1770 3349 2129 3440 contradicerem,
2152 3380 2274 3458 nuper

848 3482 976 3569 illatis,
998 3483 1073 3559 visa
1089 3482 1262 3588 inquesta
1275 3509 1343 3587 per
1363 3482 1508 3558 dictum
1523 3481 1704 3560 ballivum
1720 3481 1831 3573 lacta,
1852 3499 1890 3558 et
1904 3482 2042 3559 auditis
2059 3483 2273 3560 racionibus

846 3613 1013 3718 parcium
1031 3611 1300 3718 predictarum,
1317 3641 1387 3717 per
1397 3612 1588 3720 judicium
1602 3617 1722 3702 curie,
1740 3611 1829 3690 dicti
1846 3612 1978 3720 major,
1991 3612 2107 3719 jurati
2121 3629 2159 3688 et
2174 3640 2272 3689 com-

847 3745 977 3820 munia
997 3743 1153 3822 domino
1170 3744 1261 3852 Regi
1282 3745 1322 3820 in
1343 3744 1503 3820 emenda
1524 3742 1770 3820 ducentarum
1792 3743 1977 3821 librarum
1995 3771 2192 3850 parvorum
2209 3742 2272 3820 bo

847 3903 984 3952 norum
1001 3874 1299 3963 Turonensium‚
1321 3891 1360 3952 et
1375 3874 1487 3950 dictis
1503 3873 1679 3982 injuriam
1694 3875 1811 3981 pansis
1826 3875 1866 3952 in
1884 3891 2037 3952 centum
2056 3871 2166 3951 libris
2178 3873 2272 3982 ejus·

848 4005 935 4080 dem
956 4024 1107 4083 monete
1130 4005 1393 4109 condempnati
1414 4003 1580 4082 luerunt.

869 4210 872 4214 s
904 4136 1003 4212 lovis
1021 4152 1108 4242 post
1126 4136 1265 4214 festum
1281 4136 1380 4213 beati
1398 4135 1547 4213 Martini
1568 4135 1762 4244 hyemalis.

904 4269 952 4343 M.
975 4268 1098 4345 Droco
1117 4268 1328 4372 reportavit.

902 4528 962 4604 lv.
994 4527 1092 4603 Cum
1110 4528 1210 4605 inter
1223 4529 1320 4606 cives
1332 4529 1489 4622 Tarbie‚
1505 4531 1544 4606 iu
1563 4531 1734 4637 Bigorra,
1749 4559 1790 4608 ex
1805 4560 1880 4609 una
1892 4551 2012 4638 parte,
2030 4550 2069 4608 et
2086 4531 2269 4610 senescal-

846 4659 925 4734 lum
944 4674 1114 4733 nostrum
1129 4658 1301 4761 Bigorre‚
1318 4659 1530 4762 Prouehis,
1550 4662 1737 4755 etaltera,
1756 4663 2006 4740 controversia
2022 4679 2125 4750 mota
2140 4661 2270 4737 suisset

845 4815 957 4893 super
977 4815 1021 4863 eo
1041 4785 1146 4892 quod
1166 4786 1255 4864 dicti
1277 4788 1374 4865 cives
1396 4791 1610 4870 asscrebant
1629 4794 1733 4900 quod
1751 4793 1799 4872 de
1823 4822 1920 4871 novo
1944 4793 2067 4870 dictus
2087 4789 2267 4868 senescal-

845 4920 904 4995 lus
923 4935 1051 4994 noster
1070 4917 1271 5025 quamdam
1288 4919 1491 5014 bastidam,
1513 4942 1678 5003 vocatam
1699 4924 1913 5012 Rabastain‚
1936 4941 2154 5000 construere
2173 4921 2268 4998 nite-

843 5050 955 5126 batur
970 5065 1008 5125 et
1026 5051 1266 5129 construebat
1286 5053 1326 5129 in
1347 5081 1503 5132 nemore
1520 5074 1649 5134 vocato
1669 5054 1705 5132 le
1725 5057 1847 5142 Loue,
1870 5054 1960 5131 alias
1980 5054 2081 5131 dicto
2102 5051 2266 5131 Cabana-

844 5180 1021 5272 Fulhosa,
1044 5197 1172 5258 contra
1196 5209 1328 5260 eorum
1349 5185 1492 5294 magia,
1518 5186 1620 5264 loros
1641 5203 1678 5263 et
1697 5183 2005 5274 consuetudines,
2028 5183 2070 5258 in.
2087 5209 2265 5290 magnum

843 5310 1096 5419 prejudicium
1128 5329 1165 5389 et
1191 5312 1398 5420 dampnum
1428 5316 1673 5409 eorumdem3
1700 5317 1800 5393 dicto
1827 5313 2030 5392 senescallo
2058 5315 2097 5390 in
2128 5329 2269 5392 contra·

845 5445 962 5532 rium,
984 5441 1156 5549 pluribus
1183 5443 1303 5520 causis
1326 5461 1366 5520 et
1383 5447 1616 5536 racionibus,
1643 5445 1889 5552 pretendente
1909 5447 2017 5554 quod
2038 5445 2266 5524 constnrctio
