5817 7292
857 1105 932 1180 353
1291 1143 1295 1148 ·
1326 1133 1332 1180 f
1433 1108 1527 1182 LES
1556 1105 1696 1182 ΘΗΜ.
1782 1125 1784 1134 ·

633 1261 762 1316 rmum
774 1261 818 1325 lv,
856 1248 1024 1356 eoquod
1039 1249 1130 1327 dicti
1145 1248 1496 1356 teutonesdioebsut
1512 1250 1632 1354 quod,
1650 1274 1724 1326 uua
1742 1275 1827 1326 cum
1845 1246 2005 1324 artificio
2022 1263 2186 1338 texture,
2204 1251 2274 1356 ipsi

692 1355 755 1398 lm·

854 1390 1026 1485 poterunt
1045 1381 1298 1459 mutuam
1313 1379 1472 1458 fullonis
1494 1397 1532 1461 et
1548 1382 1716 1458 tincture
1728 1407 1927 1468 exercere,
1939 1379 2054 1458 dictis·
2067 1377 2274 1462 fullonibus

854 1529 892 1589 et
915 1512 1146 1590 tincturas-iis
1166 1513 1207 1588 iu
1235 1513 1464 1590 contrnrium
1483 1511 1728 1589 'dimutibusz
1754 1511 1942 1600 Tandem,
1968 1512 2143 1616 inquesto
2163 1539 2276 1620 super
2305 1611 2309 1622 Ι

852 1643 997 1721 hocsde
1010 1645 1193 1722 nmodato
1214 1649 1349 1720 nostro
1368 1642 1462 1721 fauts
1482 1641 1836 1750 aisnetdiligeuter
1859 1641 2082 1750 sumuinata,
2104 1644 2276 1721 couside-

851 1776 939 1852 ratis
963 1775 1080 1854 seiam
1099 1775 1181 1851 ediis
1199 1803 1276 1881 que
1293 1803 1407 1880 super
1425 1774 1659 1852 hoc‘euriam
1677 1777 2020 1853 nostram-movere
2041 1790 2218 1880 poterant
2234 1793 2273 1852 et

851 1902 1058 1995 deffleat,
1078 1906 1280 2013 habitaque
1303 1904 1586 1983 deliberacione
1608 1906 1819 2010 superbos
1843 1933 1933 1982 cum
1950 1903 2123 2010 pluribus
2143 1933 2273 2012 esper-

849 2037 897 2112 tis
908 2037 1124 2115 inartificiis
1133 2037 1376 2144 supradictis,
1387 2060 1455 2142 par
1463 2037 1706 2114 marie-nostru
1714 2035 1924 2142 judicium,
1934 2036 2076 2116 mutum
2083 2034 2157 2112 tuit
2166 2037 2270 2141 quod

849 2166 938 2244 dicti
963 2174 1127 2246 textores
1150 2167 1364 2274 predictam
1383 2166 1635 2244 ministerium
1651 2165 1821 2244 ‚fullonis
1844 2183 1881 2242 et
1904 2167 2066 2244 tiuoture
2088 2195 2163 2244 uua
2181 2195 2268 2246 eum

848 2298 972 2376 officio
996 2315 1162 2388 testum,
1183 2316 1221 2380 et
1234 2298 1411 2375 similiter
1426 2298 1521 2374 ‚uiui
1541 2297 1705 2379 firdones
1725 2297 2118 2388 samaritem
2134 2323 2267 2374 eorum

847 2431 1075 2524 ministerio,
1093 2431 1258 2506 officium
1272 2448 1417 2508 temne
1437 2458 1518 2506 uon
1536 2447 1721 2536 poterunt
1735 2455 1923 2520 marcere,
1943 2426 2009 2506 sed
2029 2428 2180 2534 utrique
2201 2457 2267 2506 eo—

847 2591 930 2637 rum
950 2589 1018 2639 suo
1040 2560 1247 2638 ministerio
1267 2561 1342 2635 sint
1357 2560 1534 2637 contenti.
1643 2565 1644 2570 ’

902 2689 1064 2768 Sabbato
1083 2706 1170 2795 post
1189 2689 1601 2797 Sanctum-Georgium.

901 2820 1007 2899 Greci
1027 2821 1240 2926 reportavit.
1303 2859 1317 2893 .=

898 3088 942 3164 lt
973 3087 1250 3165 Cumdaoobus
1273 3087 1321 3163 da
1339 3086 1523 3167 Placentia
1543 3087 1587 3162 iu
1602 3103 1728 3164 nostra
1748 3090 1852 3166 curie
1873 3087 2129 3194 proposuisset
2145 3089 2268 3192 quod,

844 3218 1027 3324 cumipse
1046 3234 1144 3294 esset
1162 3223 1201 3293 et
1220 3217 1287 3293 diu
1305 3216 1628 3323 fuimoampsor
1645 3235 1683 3295 et
1702 3237 1889 3297 mercator
1902 3219 1944 3294 in
1960 3218 2139 3294 nundinis
2151 3216 2267 3294 cam-

843 3348 970 3453 panie,
987 3365 1025 3424 et
1038 3347 1155 3423 dictas
1169 3346 1360 3424 nundinas
1373 3349 1550 3424 ooufiuue
1570 3347 1841 3456 frequentaret,
1862 3347 2007 3425 solvens
2027 3374 2159 3424 omues
2178 3348 2266 3424 red-

843 3478 947 3555 ditus
970 3495 1009 3555 et
1035 3476 1280 3554 redebencias
1297 3497 1689 3584 quasoonsuererunt
1711 3479 1852 3556 solvere
1878 3504 2087 3583 campsores
2107 3494 2147 3553 et
2166 3505 2265 3554 mer-

755 3702 759 3709 .
843 3626 986 3688 catores
1015 3610 1132 3687 dictas
1158 3610 1361 3686 nundinas
1375 3609 1674 3717 frequentantes,
1700 3611 1828 3718 pheres
1856 3610 1904 3686 de
1934 3605 2073 3686 familia
2096 3608 2263 3714 magistri

842 3739 1040 3820 Guflletmi
1063 3742 1111 3818 de
1139 3741 1426 3831 Monte-Mauri,
1454 3742 1581 3820 clerici
1602 3743 1738 3831 nostri,
1759 3741 1907 3819 racione
1928 3739 2017 3816 certi
2038 3737 2168 3827 officii,
2187 3739 2262 3818 sihi

842 3901 862 3947 a
882 3872 1000 3950 nobis·
1014 3899 1082 3980 per
1096 3871 1243 3950 litteras
1252 3889 1400 3950 nostras
1419 3873 1627 3963 commissi,
1649 3903 1737 3950 cum
1753 3872 1898 3950 balistis
1918 3888 1955 3950 et
1974 3870 2128 3946 diversis
2154 3897 2267 3977 gene·

841 4003 947 4094 ribus
965 4020 1158 4082 armorum
1174 4005 1316 4082 dictum
1331 4005 1530 4094 Jacoburu,
1546 4005 1760 4082 venientem
1777 4005 1878 4110 spud
1892 4005 2044 4092 Trecas,
2061 4029 2179 4108 prope
2195 4001 2266 4078 dic·

839 4150 917 4210 tam
932 4133 1077 4225 silium,
1089 4135 1304 4212 invaserunt
1319 4153 1357 4211 et
1371 4153 1571 4242 ceperunt,
1581 4163 1726 4242 ⁴equam
1742 4163 1855 4212 suum
1868 4133 1993 4210 eidem
2009 4131 2263 4221 abstulerunt,

840 4282 878 4341 et
897 4294 1012 4373 sarper
1028 4267 1233 4374 quemdam
1244 4268 1640 4374 rouoiuum,ligrtum
1658 4267 1834 4346 manibus
1852 4263 2079 4371 etpedibus,
2097 4290 2185 4340 eum
2199 4292 2265 4369 po·

839 4414 1012 4485 suerunt,
1036 4414 1073 4473 et
1089 4397 1142 4474 sic
1160 4414 1310 4504 captum
1325 4427 1394 4504 per
1406 4398 1482 4474 vias
1503 4415 1540 4475 et
1561 4398 1667 4474 devia
1685 4398 1882 4491 ducentes,
1903 4424 1972 4500 per
1985 4410 2130 4500 septem
2150 4395 2264 4500 septi-

839 4555 967 4603 manas
980 4527 1039 4604 vel
1059 4528 1205 4605 circiter
1221 4530 1261 4604 iu
1284 4529 1436 4608 diversis
1453 4529 1685 4636 prisiouibus
1705 4557 1792 4606 eum
1810 4527 2069 4616 detinuerunt,
2090 4527 2140 4602 ita
2159 4525 2263 4632 quod

838 4659 1044 4736 nesciretur
1063 4659 1130 4737 ubi
1150 4661 1230 4767 ipse
1251 4678 1364 4750 esset,
1382 4661 1639 4766 requirentem
1658 4677 1784 4737 tamen
1804 4659 1908 4767 quod
1929 4659 1968 4733 in
1984 4657 2106 4764 aliqua
2122 4656 2169 4732 de
2187 4657 2263 4760 pri-

838 4791 1009 4870 sionibus
1022 4792 1160 4868 uostris
1175 4791 1388 4880 duceretur,
1405 4809 1442 4870 et
1457 4793 1563 4899 quod
1581 4793 1703 4868 dictus
1716 4790 1893 4900 magister
1908 4787 2149 4874 Guillelmus,
2162 4813 2277 4884 auno,

835 4922 991 5000 Domini
1010 4922 1213 5000 millasimo
1233 4923 1497 5003 trecentesimo
1516 4924 1668 5030 quinto,
1690 4925 1775 5000 vina
1794 4949 1868 5029 que
1882 4920 2044 5000 habebut
2065 4918 2186 4996 dictus
2204 4917 2262 4992 Ja-

836 5052 954 5131 cobus
977 5053 1078 5161 apud
1100 5054 1549 5161 Buram-supernum,
1568 5083 1690 5164 usque
1709 5055 1757 5130 ad
1777 5052 1941 5130 valorem
1957 5051 2077 5130 trium
2097 5047 2261 5126 millium

833 5181 1017 5261 librarum
1036 5185 1269 5261 Turonensis
1287 5201 1441 5262 monete
1465 5203 1555 5262 tuuc
1582 5185 1787 5276 currentis,
1814 5185 1952 5292 injuste
1978 5201 2014 5258 et
2044 5181 2124 5288 sine
2152 5207 2259 5254 causa
2329 5169 2335 5178 ’

771 5415 781 5429 .
834 5315 1067 5405 racionabili,
1084 5316 1267 5394 terminos
1281 5317 1639 5396 suecommissiouis
1660 5316 1893 5406 excedendo,
1909 5314 2008 5421 cepit
2024 5341 2091 5390 seu
2111 5309 2189 5415 capi
2205 5305 2259 5384 fe-

835 5446 902 5541 cis,
931 5447 1100 5524 vendidit
1126 5464 1165 5524 et
1189 5447 1378 5534 distmxit3
1407 5462 1652 5554 propterque
1677 5447 1857 5553 premisse
1884 5443 2032 5524 dicebat
2052 5441 2173 5518 dictus
2198 5440 2259 5518 Ja-
2364 5463 2372 5478 ·
