5817 7292
1010 1104 1276 1212 nnonnrns
1301 1121 1365 1194 rr
1392 1102 1599 1197 rn'octs
1942 1128 2014 1200 527

595 1263 749 1346 eosdem
767 1262 949 1372 impediat
968 1263 1016 1341 de
1036 1279 1162 1341 cetero
1182 1263 1221 1340 in
1236 1263 1369 1340 saisina
1383 1263 1572 1369 predicta,
1595 1278 1633 1339 et
1651 1262 1757 1368 quod
1776 1261 1874 1341 dicta
1892 1293 2016 1344 recre-
2051 1291 2182 1346 ranam
2194 1290 2237 1355 tv,

593 1396 727 1476 dencia
746 1395 836 1504 ipsis
850 1395 897 1474 ad
913 1394 1230 1474 deliberacionem
1244 1411 1489 1486 convertetur,
1511 1393 1610 1471 salva
1627 1393 1826 1500 questione
1844 1397 2016 1502 proprie·
2112 1384 2176 1428 ¹³¹⁰·
2293 1389 2302 1406 ⁴

593 1529 698 1618 tatis,
720 1555 835 1636 super
853 1527 943 1618 hoc,
965 1527 1140 1634 episcopo
1156 1524 1338 1633 predicto.
1833 1542 1837 1552 ’

649 1658 751 1736 lovis
766 1675 853 1765 post
871 1659 1134 1736 Reminiscere.

649 1791 811 1897 blangon
830 1789 1042 1895 reportavit.

648 2050 774 2128 XXVI.
805 2049 888 2126 Lite
902 2065 1019 2137 mota,
1038 2048 1078 2124 in
1090 2047 1192 2126 curia
1205 2047 1362 2126 seculari
1376 2049 1506 2126 decani
1522 2064 1560 2126 et
1572 2047 1724 2154 capituli
1738 2049 2016 2158 Sancti-Reguli

592 2175 892 2267 silvanectensis,
917 2178 1022 2254 inter
1046 2193 1327 2284 procuratorem
1350 2177 1487 2285 prioris
1512 2193 1550 2257 et
1574 2194 1776 2258 conventus
1801 2185 2015 2259 monasterii

592 2306 906 2384 Sancti-Mauricii
923 2305 1093 2414 ejusdem
1108 2307 1198 2396 loci,
1219 2307 1375 2384 nomine
1391 2309 1575 2413 ipsorum,
1598 2336 1642 2386 er
1656 2338 1730 2386 una
1744 2325 1869 2416 parte,
1885 2329 1924 2388 et
1938 2314 2017 2390 bla-

590 2438 700 2526 riam,
715 2465 872 2516 uxorem
892 2437 1070 2514 bertaudi
1090 2437 1126 2514 le
1145 2437 1365 2518 Cousturier
1384 2453 1423 2514 et
1438 2439 1580 2514 dictum
1599 2441 1847 2532 Bertaudum,
1863 2441 2016 2520 Ysabel·

590 2567 676 2657 lim,
699 2567 900 2674 conjugem
919 2567 1018 2644 Petri
1042 2567 1210 2655 Leclerc,
1234 2583 1272 2643 et
1294 2568 1418 2672 ipsum
1443 2569 1614 2657 Petrum,
1644 2597 1688 2644 ex
1711 2568 1845 2658 altera3
1866 2571 2016 2650 dicebat

591 2713 810 2800 procurator
838 2696 1025 2772 dictorum
1052 2696 1331 2804 religiosorum,
1360 2697 1513 2774 nomine
1542 2725 1619 2802 quo
1645 2725 1774 2801 supra,
1799 2700 2014 2804 quodcum

592 2825 684 2904 olim
704 2827 892 2906 lohannes
910 2825 1032 2904 dictus
1046 2825 1275 2905 Malebaessc
1296 2843 1334 2902 et
1352 2827 1531 2915 Odelina,
1554 2825 1635 2934 ejus
1654 2855 1759 2916 uxor,
1784 2828 1881 2906 cives
1902 2829 2015 2908 Silva-

591 2973 807 3049 nectenses,
828 2957 1000 3063 ternpore
1024 2985 1102 3064 quo
1121 2955 1308 3047 vivebant,
1338 2972 1515 3034 tenerent
1534 2973 1573 3032 et
1598 2957 1835 3062 possiderent
1853 2962 2013 3066 quedam

591 3087 841 3198 hereditagia,
859 3105 1036 3194 tanquam
1060 3117 1195 3166 eorum
1219 3088 1369 3195 propria
1390 3088 1497 3166 etde
1516 3089 1686 3195 ipsorum
1706 3089 1908 3197 conjugum
1925 3121 2015 3199 pro-

589 3221 673 3326 prio
689 3235 898 3328 conquestu
919 3219 1130 3308 existentia,
1154 3219 1201 3296 de
1221 3219 1361 3326 quibus
1381 3219 1476 3296 sacta
1493 3217 1566 3296 luit
1584 3219 1760 3309 ostensio,
1782 3236 1821 3297 et
1835 3221 1906 3328 ipsi
1924 3251 2014 3302 con-

585 3350 709 3458 juges,
733 3367 885 3457 propter
900 3349 1075 3428 affectum
1093 3323 1208 3456 qudm
1223 3347 1412 3426 habebant
1430 3351 1479 3426 ad
1494 3350 1685 3427 ecclesiam
1701 3351 2013 3432 Sancti-Mauricii

591 3481 888 3572 Silvanectensis,
913 3481 1013 3559 dicta
1026 3480 1127 3560 bona
1147 3480 1381 3559 donaverunt
1399 3498 1439 3558 et
1458 3496 1725 3559 concesserunt
1749 3481 1903 3560 ecclesie
1927 3512 2014 3590 pre-

590 3612 700 3702 dicte,
723 3615 814 3692 etin
830 3641 912 3691 enm
928 3630 1071 3692 extunc
1085 3613 1124 3688 in
1135 3628 1373 3718 perpetuum,
1391 3611 1599 3690 donacione
1615 3611 1711 3688 lacta
1725 3611 2015 3692 irrevocabiliter

589 3743 689 3820 inter
706 3745 807 3820 vivos
827 3760 866 3819 et
882 3743 996 3820 titulo
1023 3741 1257 3830 donacionis,
1279 3741 1552 3817 transtulerunt
1574 3740 1797 3817 eorumdem
1822 3741 2012 3821 bonorum

590 3871 822 3962 dominium,
838 3871 1114 3977 possessionem
1131 3887 1170 3946 et
1181 3871 1451 3976 proprietatem
1466 3897 1542 3974 que
1557 3866 1745 3944 habebant
1757 3868 1797 3942 in
1809 3867 1921 3946 bonis
1935 3902 2014 3977 pre-

591 4001 717 4090 dictis,
738 4016 886 4079 retento
906 4001 997 4107 ipsis
1020 3999 1244 4107 conjugibus
1267 4015 1305 4075 et
1327 4001 1455 4090 Petro,
1478 4025 1610 4075 eorum
1631 3997 1732 4088 titio,
1756 3997 1955 4078 usufructu
1973 4004 2013 4082 in

591 4130 700 4210 dictis
718 4131 847 4221 bonis,
869 4131 1054 4236 quamdiu
1077 4129 1149 4237 ipsi
1169 4129 1227 4207 v'el
1247 4129 1341 4206 alter
1360 4129 1530 4236 ipsorum
1545 4128 1726 4219 viverent,
1745 4146 1823 4206 tam
1839 4133 2015 4238 conjunc-

588 4263 659 4340 tim
679 4289 793 4369 quam
818 4260 983 4352 divisim,
1004 4276 1044 4338 et
1065 4277 1153 4368 post
1171 4277 1331 4338 mortem
1353 4259 1457 4336 illius
1480 4249 1597 4366 quem
1620 4259 1757 4336 ultimo
1781 4261 2015 4372 contingeret

591 4392 792 4482 decedere,
806 4391 1039 4470 consolidato
1048 4389 1247 4470 usufructu
1257 4419 1345 4468 cum
1359 4391 1601 4498 proprietate,
1616 4388 1830 4467 dominium
1844 4391 2014 4499 ipsorum

588 4522 780 4603 bonorum
797 4522 845 4600 ad
861 4522 1052 4630 predictos
1069 4522 1236 4629 priorem
1252 4539 1290 4600 et
1303 4540 1531 4600 conventum
1547 4537 1730 4598 eteorum
1744 4524 2013 4602 monasterium

591 4653 850 4732 devolveretur
871 4653 986 4761 pleno
1000 4655 1086 4763 jure
1102 4687 1112 4744 3
1135 4653 1284 4731 dicebat
1304 4653 1420 4732 eciam
1443 4652 1565 4730 dictus
1583 4669 1805 4759 procurator
1821 4655 1927 4761 quod
1944 4656 2014 4733 Pe-

588 4802 686 4873 trus,
709 4785 898 4862 dictorum
919 4786 1125 4895 conjugum
1151 4783 1270 4874 lilius,
1291 4799 1377 4891 post
1396 4799 1559 4860 mortem
1582 4783 1764 4860 lobannis
1787 4783 2014 4864 Malebeasse

590 4933 628 4994 et
650 4916 769 5024 ipsius
788 4916 934 5006 uxoris,
952 4931 1132 5024 tanquam
1158 4914 1269 4994 heres
1293 4915 1461 5023 ipsorum
1485 4914 1709 5023 conjugum,
1737 4914 1873 4992 dictam
1900 4918 2016 4994 dona-

590 5046 738 5126 cionem
756 5045 972 5154 approbavit
990 5061 1028 5124 et
1041 5063 1159 5126 ratam
1174 5045 1323 5136 habuit,
1344 5062 1382 5124 et
1395 5043 1627 5124 renunciavit
1641 5045 1744 5122 omni
1759 5045 1839 5153 juri
1857 5045 2015 5124 dominii

592 5178 875 5286 etproprietatis
891 5179 935 5256 in
944 5178 1087 5258 eisdem
1099 5177 1228 5270 bonis,
1243 5194 1298 5270 et,
1316 5205 1361 5256 ex
1375 5177 1626 5268 habundanti,
1641 5193 1924 5285 procuratorem
1937 5177 2015 5255 dic·

590 5324 718 5388 torum
733 5311 1010 5419 religiosorum,
1028 5311 1182 5392 nomine
1202 5311 1389 5418 ipsorum,
1412 5309 1460 5388 de
1479 5308 1533 5387 eis
1549 5308 1735 5388 investivit
1755 5337 1823 5418 per
1839 5308 2017 5386 tradicio-

593 5465 681 5518 nem
702 5441 970 5534 sufficientem,
991 5461 1031 5523 et
1047 5443 1205 5551 pluries,
1223 5472 1347 5523 coram
1367 5441 1496 5550 probis
1514 5443 1682 5549 predicta
1700 5439 1916 5547 recognovit
1935 5423 2031 5515 esse
