5817 7292
864 1125 934 1194 110
1437 1124 1529 1197 LES
1558 1123 1700 1198 OL'IM.

635 1250 764 1332 Pauus
777 1279 820 1339 IV.
915 1264 1073 1343 LXVIII.
1104 1264 1278 1371 Inquesta
1303 1262 1398 1341 facta
1422 1265 1677 1342 demandato
1698 1263 1844 1341 domim
1869 1263 1979 1373 Regis
2005 1291 2075 1370 per
2098 1265 2278 1344 ballivum

695 1368 758 1413 ’Μ’
858 1394 1127 1473 Vitriacensem
1160 1422 1273 1500 super
1303 1394 1532 1501 quibusdam
1563 1395 1710 1504 injuriis
1742 1393 1870 1487 illatis,
1902 1411 1946 1472 ut
1978 1394 2127 1486 dicitur,
2156 1395 2281 1476 abbati

861 1524 1140 1604 Mauri-Montis
1153 1553 1221 1631 per
1230 1526 1416 1632 quosdam
1428 1526 1604 1603 homines
1617 1524 2152 1618 Nove-Ville-ad·Pontem‚ad
2164 1528 2281 1607 finem

859 1656 1020 1735 emende
1041 1673 1079 1732 et
1097 1670 1229 1761 quarte
1251 1656 1408 1734 domino
1424 1657 1516 1764 Regi
1536 1658 1738 1763 prestande
1759 1657 1816 1733 vel
1837 1685 1932 1747 non,
1948 1658 2025 1736 visa
2044 1676 2083 1734 et
2101 1658 2204 1735 curie
2224 1690 2285 1736 re-

856 1805 1019 1895 puncta,
1043 1810 1215 1864 excausa
1235 1785 1407 1863 nonfuit
1432 1787 1617 1895 judicata,
1641 1804 1679 1863 et
1697 1787 1830 1864 iterato
1850 1788 2125 1893 inquirendum
2152 1807 2210 1867 est
2233 1791 2280 1867 de

856 1919 964 1999 totali
983 1918 1079 1999 facto
1096 1918 1333 2026 hujusmodi,
1354 1935 1391 1993 et
1411 1935 1540 1994 contra
1559 1936 1683 2025 partes
1704 1918 1744 1993 iu
1761 1919 1860 1995 dicta
1876 1919 2050 2027 inquesta
2068 1937 2279 2011 contentas,

859 2070 896 2127 et
916 2068 1042 2128 contra
1064 2078 1197 2127 omnes
1217 2049 1310 2126 alios
1330 2047 1539 2154 culpabiles
1554 2049 1668 2157 hujus
1683 2048 1789 2139 lacti3
1810 2067 1863 2138 et,
1885 2078 1953 2157 per
1967 2068 2083 2129 testes
2096 2052 2176 2159 jam
2193 2081 2282 2158 pro-

859 2183 991 2260 ductos
1012 2197 1050 2259 et
1068 2208 1136 2288 per
1155 2180 1264 2271 alios,
1294 2181 1537 2258 commissum
1565 2198 1621 2258 est
1643 2179 1782 2259 ballivo
1806 2181 2045 2276 Vitriacensi‚
2068 2183 2208 2262 Guioto
2231 2185 2278 2261 de

857 2313 1155 2395 Enaudi-Monte
1172 2330 1209 2391 et
1228 2312 1391 2390 Iohanni
1406 2309 1574 2402 Morelli,
1587 2312 1839 2420 burgensibus
1859 2314 2278 2408 Sancte-Maneheudis,
2304 2322 2310 2329 ’

859 2426 945 2521 cum
964 2442 1030 2521 illa
1050 2443 1213 2522 clausula
1232 2461 1308 2521 tres
1321 2442 1380 2519 vel
1401 2443 1492 2519 duo.

914 2578 1022 2655 Lune
1043 2593 1128 2653 ante
1149 2574 1408 2655 Candelosam.

913 2706 1089 2785 Bocellus
1107 2706 1318 2813 reportavit.

914 2839 1038 2942 Super
1055 2865 1218 2915 asserem
1238 2855 1305 2915 est.

912 3101 1021 3177 LXX.
1053 3101 1229 3209 lnquesta
1250 3102 1343 3178 fanu
1369 3129 1481 3207 super
1506 3118 1605 3179 statu
1630 3120 1668 3178 et
1692 3121 1931 3209 portamento
1957 3105 2108 3181 Renerii
2135 3104 2171 3181 le
2200 3104 2285 3183 Bla-

856 3232 946 3317 vier‚
968 3232 1161 3309 servientis
1181 3232 1220 3307 in
1239 3230 1389 3308 ballivia
1409 3232 1714 3321 Viromandensi‚
1736 3250 1924 3338 reportata
1943 3235 2046 3311 cun'e
2066 3263 2192 3311 coram
2213 3236 2283 3313 do-

858 3363 964 3441 mino
984 3363 1247 3441 archidiacono
1267 3361 1532 3469 Brugeriarum
1548 3379 1587 3439 et
1607 3363 1709 3453 aliis,
1729 3392 1807 3441 non
1823 3364 1898 3440 fuit
1910 3363 2095 3469 judicata,
2113 3366 2182 3443 sed
2201 3367 2281 3470 ipse

859 3494 1143 3573 archidiaconus
1163 3490 1277 3569 debet
1296 3520 1410 3599 super
1428 3492 1503 3568 hoc
1521 3491 1709 3569 ordinare.

914 3624 1088 3704 Bocellus
1107 3623 1321 3727 reportavit.

915 3759 1038 3864 Super
1056 3784 1218 3834 asserem
1239 3772 1306 3833 est.

915 4020 1036 4095 LXXI.
1068 4022 1244 4128 lnquesta
1259 4048 1327 4127 pro
1342 4018 1563 4097 consulibus
1572 4018 1857 4128 Belli-Regnoi,
1868 4022 1908 4097 in
1923 4021 2158 4113 Caturcinio‚
2170 4048 2285 4127 super

857 4150 981 4230 valore
1001 4152 1115 4257 partis
1135 4180 1248 4259 quam
1275 4150 1345 4258 ipsi
1373 4150 1516 4229 habent
1540 4151 1581 4228 in
1605 4152 1723 4240 decis,
1748 4152 1914 4253 surperia
1940 4169 1979 4231 et
2003 4153 2112 4230 bassa
2132 4152 2283 4260 justicia

860 4284 957 4359 dicae
978 4280 1082 4372 ville,
1104 4311 1216 4389 quam
1243 4283 1313 4389 ipsi
1338 4283 1472 4360 volunt
1489 4283 1654 4360 vendere
1680 4284 1837 4362 domino
1857 4286 1967 4394 Regi,
1989 4312 2067 4362 non
2091 4282 2164 4362 luit
2177 4285 2283 4392 judie

859 4430 956 4501 cata,
980 4430 1018 4489 et
1034 4412 1256 4491 mandatum
1277 4432 1333 4492 est
1348 4413 1554 4492 senescallo
1572 4415 1865 4524 Petragoricensi
1885 4417 2010 4524 quod,
2032 4446 2120 4494 cum
2139 4419 2216 4493 Rex
2237 4415 2284 4491 ad

858 4571 1012 4649 presens
1031 4544 1100 4623 ista
1120 4572 1197 4621 non
1215 4543 1305 4621 velit
1324 4570 1468 4632 emere,
1485 4572 1643 4623 manum
1655 4574 1764 4625 suam
1783 4564 1942 4654 propter
1958 4548 2031 4625 hoc
2051 4549 2092 4623 in
2107 4545 2284 4652 predictis

859 4675 1065 4780 appositam
1087 4692 1267 4753 amoveat.

917 4808 957 4883 ln
978 4806 1120 4886 octabis
1140 4806 1364 4887 Candelose.

793 5032 800 5041 ι
914 4939 986 5015 Per
1005 4940 1205 5018 dominum
1223 4941 1500 5018 thesaurarium
1520 4940 1839 5051 Andegavensem.

810 5125 814 5139 ·
916 5068 1039 5176 Super
1058 5080 1224 5149 asserem
1248 5076 1315 5147 est.
