5817 7292
859 1124 932 1196 22lt
1441 1127 1534 1198 LES
1563 1125 1702 1198 OLIM.

629 1273 815 1332 Persuasit,
855 1268 919 1372 qui
940 1267 1082 1344 dictum
1107 1267 1424 1373 impedimentum
1449 1284 1673 1373 apposuerat
1689 1267 1728 1342 in
1754 1265 1946 1371 predictis,
1969 1268 2057 1371 quia
2083 1269 2275 1348 inventum

690 1366 753 1406 m
856 1416 912 1473 est
927 1397 1156 1475 sufficienter
1167 1397 1367 1504 probatum
1383 1398 1503 1474 dictos
1517 1397 1709 1504 religiosos
1721 1424 1800 1472 esse
1817 1413 1854 1473 et
1867 1395 1982 1476 fuisse
1999 1396 2038 1474 iu
2053 1398 2184 1475 saisina
2200 1429 2277 1504 pre·

855 1529 1061 1619 dictorum,
1085 1554 1153 1634 per
1171 1528 1272 1604 curie
1293 1546 1418 1605 nostre
1435 1528 1643 1635 judicium,
1671 1526 1813 1604 dictum
1837 1526 1909 1604 fuit
1930 1544 1967 1603 ct
1985 1530 2277 1633 pronunciatum

854 1659 1066 1765 predictum
1085 1659 1400 1764 impedimentum
1425 1658 1564 1735 debere
1582 1658 1765 1747 amoveri,
1784 1657 1978 1762 dictosque
1997 1659 2193 1765 religiosos
2212 1661 2277 1738 de-

852 1791 942 1868 bere
968 1792 1006 1865 in
1029 1818 1094 1866 sua
1117 1788 1250 1866 saisina
1270 1789 1531 1895 predictorum
1553 1815 1765 1902 remanere,
1788 1789 2007 1894 dictumque
2030 1790 2276 1895 impedimen-

852 1939 935 1997 tum
963 1921 1065 1998 curia
1089 1937 1214 1996 nostra
1240 1920 1396 2009 amovit,
1426 1919 1523 1996 salva
1551 1919 1590 1994 in
1615 1918 1793 2025 predictis
1816 1921 2013 2024 questione
2039 1921 2276 2027 proprietatis

855 2052 1009 2129 domino
1026 2053 1128 2160 Regi.

909 2185 951 2259 ln
972 2183 1066 2260 festo
1082 2183 1181 2261 beati
1202 2183 1362 2260 Andree.

910 2316 1034 2392 Monci
1054 2315 1264 2420 reportavit.
1388 2408 1396 2424 „

909 2583 952 2656 ll.
985 2583 1081 2659 Cum
1103 2599 1330 2686 conquestus
1350 2579 1481 2656 suisset
1496 2606 1620 2657 coram
1638 2563 1748 2656 nobis
1766 2580 1963 2658 dnselmus
1977 2581 2024 2657 de
2037 2581 2270 2671 Hom-Villa,

854 2710 980 2801 miles,
1005 2713 1051 2788 dc
1067 2709 1203 2788 ballivo
1224 2710 1512 2801 silvanectensi,
1535 2739 1647 2816 super
1671 2713 1841 2818 eoquod
1862 2710 1984 2788 dictus
2005 2711 2114 2788 miles
2134 2740 2275 2788 assere-

852 2839 915 2916 bat
934 2869 990 2929 se,
1012 2843 1160 2919 racione
1174 2843 1366 2927 messario,
1380 2842 1562 2947 quasdam
1576 2842 1708 2946 prisias
1722 2842 1976 2948 quorumdam
1987 2841 2204 2918 animalium
2225 2841 2291 2940 icy

852 2971 1141 3065 risfaciencium‚
1154 2975 1289 3050 virtute
1305 2974 1499 3080 cujusdam
1511 2973 1686 3081 judicati,
1702 3002 1771 3078 pro
1787 2974 1869 3080 ipso
1880 2972 2032 3080 prolati,
2049 2979 2116 3078 p'er
2131 2973 2274 3048 dictum

852 3099 1031 3179 ballivum
1042 3103 1141 3179 inter
1154 3104 1297 3209 ipsum,
1314 3132 1358 3180 ex
1373 3131 1448 3179 una
1468 3118 1591 3207 parte,
1610 3120 1647 3178 et
1667 3132 1735 3179 nos
1754 3132 1796 3180 ac
1817 3104 2000 3180 decanum
2022 3101 2273 3209 etcapituium

852 3233 1203 3310 Sancti-Frambaldi
1229 3235 1515 3312 Silvanectcnsis
1540 3264 1581 3310 ac
1605 3235 1915 3310 communitatem
1936 3234 2023 3311 ville
2042 3232 2209 3342 Angiaci‚
2233 3261 2275 3308 ex

854 3363 966 3439 altera
980 3425 989 3453 ,
1005 3365 1105 3471 juste
1131 3383 1169 3441 et
1193 3366 1294 3442 licite
1319 3364 1475 3456 secisse,
1499 3383 1537 3442 et
1562 3365 1665 3471 quod
1684 3365 1809 3443 dimus
1834 3364 1992 3442 ballivus
2017 3365 2140 3471 ipsum
2164 3391 2275 3468 super

854 3493 927 3569 hoc
941 3494 1168 3601 impediebat
1183 3497 1336 3604 injuste,
1359 3497 1648 3604 requirebatque
1670 3497 1813 3572 dictum
1823 3495 2035 3602 judicatum
2054 3493 2179 3570 debite
2197 3521 2275 3568 exe-

855 3625 1003 3700 cucioni
1031 3625 1265 3717 demandari,
1291 3645 1330 3704 et
1348 3628 1664 3733 impedimentum
1690 3655 1803 3731 super
1823 3627 1894 3703 hoc
1913 3654 1981 3733 per
2000 3625 2145 3701 dictum
2164 3621 2274 3698 balli-

855 3784 941 3830 vum
960 3755 1031 3832 sibi
1047 3758 1260 3864 appositum
1284 3759 1447 3835 amoveri
1468 3758 1681 3845 :Tandem
1696 3759 1867 3864 inquesta
1886 3785 1998 3863 super
2012 3757 2083 3832 hoc
2104 3754 2151 3830 de
2168 3779 2274 3829 man-

857 3886 945 3963 dato
972 3886 1214 3966 nostrosacta
1241 3890 1316 3966 visa
1335 3907 1372 3966 et
1394 3890 1597 3998 diligenter
1616 3889 1844 3976 examinata,
1866 3887 1944 3978 viso
1973 3886 2088 3964 eciam
2104 3885 2273 3993 judicato

854 4018 1025 4123 predicto
1042 4036 1080 4095 et
1101 4019 1354 4098 deciaracione
1372 4021 1542 4129 ejusdem
1552 4020 1727 4127 judicati,
1745 4020 1834 4126 qnia
1849 4020 2041 4096 inventum
2064 4031 2119 4092 est
2132 4016 2273 4092 dictum

855 4149 1014 4226 militem
1036 4148 1166 4228 fecisse
1186 4152 1302 4229 dictas
1322 4152 1452 4260 prisias
1473 4167 1603 4229 contra
1621 4167 1792 4228 tenorem
1814 4150 1903 4228 dicti
1919 4147 2077 4258 judicati
2096 4163 2134 4222 et
2154 4143 2274 4221 decla-

854 4281 1042 4358 racionem
1054 4282 1243 4390 ejusdem,
1262 4283 1404 4360 dictum
1419 4282 1493 4360 fuit
1509 4301 1546 4361 et
1558 4281 1864 4389 pronunciatum,
1878 4309 1945 4387 per
1957 4279 2059 4356 curie
2075 4291 2201 4354 nostre
2211 4275 2276 4382 ju-

857 4411 1015 4501 dicium,
1038 4413 1176 4490 dictam
1200 4433 1412 4520 requestam
1433 4414 1594 4521 predicti
1616 4411 1745 4489 militis
1772 4439 1886 4518 super
1908 4406 2128 4516 hujusmodi
2153 4405 2275 4513 prisiis

854 4568 931 4617 non
950 4569 1029 4619 esse
1050 4543 1121 4620 sibi
1141 4542 1365 4635 faciendam,
1385 4561 1423 4621 et
1442 4545 1586 4621 dictum
1602 4542 1813 4652 judicatum
1834 4569 1922 4617 cum
1941 4539 1999 4617 sui
2021 4535 2275 4615 deciaracione

853 4674 892 4749 in
911 4701 980 4751 suo
995 4673 1132 4752 robore
1151 4704 1344 4753 remanere
1362 4677 1514 4756 debere.

909 4805 953 4881 ln
972 4803 1066 4883 festo
1084 4805 1185 4884 beati
1204 4806 1366 4884 Andree.
1639 4781 1642 4789 ,

910 4935 1084 5014 boccilus
1104 4938 1314 5043 reportavit.

912 5199 972 5275 ΙΙΙ.
995 5201 1090 5278 Cum
1101 5219 1203 5280 esset
1211 5219 1311 5278 mota
1322 5203 1512 5281 discordia
1523 5231 1646 5281 coram
1660 5201 1875 5279 nobisinter
1889 5197 2081 5275 dominam
2093 5197 2140 5272 de
2154 5197 2276 5274 Chau-

856 5328 1018 5418 tilliaco,
1037 5359 1082 5408 ex
1101 5360 1176 5409 uua
1195 5350 1327 5439 parte,
1349 5350 1387 5408 et
1412 5332 1590 5410 comitem
1610 5330 1923 5419 Donni-Martini,
1946 5357 1989 5405 ex
2010 5327 2141 5411 altera,
2163 5351 2276 5430 super

857 5486 902 5538 eo
921 5462 1026 5566 quod
1040 5449 1189 5539 dicebat
1204 5461 1302 5538 dicta
1317 5461 1470 5539 domina
1485 5462 1589 5568 quod
1606 5461 1730 5538 dictus
1743 5487 1869 5537 comes
1890 5458 2026 5565 injuste
2048 5481 2129 5533 cam
2148 5454 2277 5531 turba-
