5817 7292
905 1032 978 1107 578
1484 1030 1576 1101 LES
1606 968 1743 1101 otttt.

681 1179 865 1241 anmlv·
903 1169 966 1249 nie
984 1198 1059 1277 qne
1079 1169 1290 1251 debebatur
1310 1168 1411 1247 dicto
1432 1170 1581 1262 Taune,
1604 1167 1710 1276 quod
1729 1182 1912 1244 arrestum
1933 1164 2059 1243 dictus
2074 1166 2204 1246 Tannc
2222 1189 2329 1278 pete·

742 1272 805 1315 Μ’
903 1300 968 1377 bat
985 1302 1164 1391 amoveri,
1181 1301 1282 1378 dicto
1302 1299 1473 1377 Johanne
1493 1300 1640 1377 dicente
1659 1297 1873 1404 predictum
1890 1312 2077 1373 arrestum
2091 1325 2169 1375 non
2185 1301 2328 1382 debere

905 1434 1084 1520 amoveri,
1106 1430 1176 1509 nisi
1197 1431 1301 1537 prins
1321 1429 1505 1509 satisfacto
1521 1429 1649 1507 eidem
1668 1428 1716 1505 de
1732 1427 2004 1534 qninquaginta
2018 1426 2129 1507 libris
2143 1430 2201 1507 vel
2215 1433 2324 1523 circa,

905 1563 943 1639 in
965 1563 1104 1672 quibus
1128 1561 1268 1639 dictum
1293 1564 1423 1639 Tanne
1447 1561 1596 1639 dicebat
1620 1558 1691 1636 sibi
1715 1558 1837 1637 teneri
1860 1559 2028 1648 racione,
2052 1559 2251 1666 cujusdam
2273 1595 2331 1643 ac-

905 1720 1031 1783 cense,
1057 1708 1172 1800 prout
1190 1691 1452 1770 continebatur
1471 1693 1511 1769 in
1530 1690 1691 1798 quadam
1717 1688 1840 1766 littera
1864 1687 1989 1797 sigillo
2014 1690 2206 1769 Castelleti
2230 1696 2329 1772 Pari-

905 1822 1037 1901 siensis
1055 1820 1228 1930 sigillata,
1250 1821 1399 1901 racione
1425 1820 1531 1929 cujus
1551 1847 1703 1898 accense
1725 1819 1848 1897 dictus
1866 1820 1997 1897 Tanna
2018 1820 2143 1899 eidem
2168 1824 2328 1902 lohanni

904 1953 1119 2042 tenebatur,
1136 1970 1180 2031 ut
1195 1951 1358 2042 dicebat,
1376 1953 1415 2028 in
1434 1952 1532 2029 dicta
1550 1950 1708 2057 pecunie
1724 1977 1872 2029 summa
1884 1947 1944 2029 vol
1958 1951 2072 2040 circa,
2089 1980 2203 2057 quam
2217 1984 2330 2062 pecu·

905 2084 1022 2173 niam,
1035 2101 1120 2161 ante
1134 2083 1371 2161 amocionem
1385 2084 1474 2163 dicti
1490 2082 1636 2172 arrecti,
1649 2082 1800 2187 petebat
1813 2081 1916 2159 idem
1928 2082 2119 2162 lohannes
2130 2084 2200 2161 sibi
2215 2086 2324 2177 solvi3

905 2214 1029 2291 dictus
1047 2214 1276 2320 prepositus,
1295 2215 1445 2321 cognito
1467 2215 1515 2292 de
1529 2214 1696 2320 predicta
1714 2192 1838 2305 cansa,
1853 2214 2079 2320 attentisque
2092 2215 2326 2321 probacioni·

905 2343 979 2421 bus
998 2361 1037 2421 et
1056 2343 1338 2423 defensionibus
1363 2345 1616 2453 predictamm
1636 2344 1825 2451 parcium,
1846 2361 1885 2421 et
1902 2345 2134 2423 considerato
2152 2363 2325 2453 tempore

906 2475 1073 2580 predicte
1093 2504 1264 2564 accense,
1283 2504 1352 2582 per
1367 2478 1474 2583 quod
1494 2476 1616 2554 dictus
1637 2478 1767 2552 Tanne
1788 2476 1941 2553 cessavit
1959 2474 2101 2554 solvere
2120 2476 2255 2555 dictam
2269 2506 2326 2554 ac-

908 2633 1056 2683 censam
1066 2582 1325 2693 ,considerato
1344 2608 1461 2684 eciam
1475 2624 1648 2714 tempore
1662 2606 1761 2683 dicte
1775 2606 1851 2683 litis
1865 2623 1969 2685 mote
1982 2636 2102 2713 usque
2118 2608 2165 2683 ad
2178 2623 2327 2723 tempus

908 2764 986 2842 quo
1002 2736 1134 2816 debuit
1146 2736 1246 2815 idem
1262 2737 1477 2843 prepositus
1492 2766 1605 2845 super
1618 2737 1691 2815 hoc
1697 2736 1885 2845 judicare,
1899 2765 1967 2843 per
1978 2766 2093 2815 suum
2099 2738 2326 2846 judicatum,

908 2866 1171 2945 condemnavit
1185 2868 1327 2945 dictum
1343 2870 1473 2945 Tanne
1487 2869 1535 2946 ad
1548 2867 1772 2945 solvendum
1784 2868 1955 2973 predicto
1969 2869 2133 2947 lohanni
2148 2869 2331 2976 quinqua·

888 2996 1009 3101 'ginta
1033 3013 1196 3103 quatuor
1221 2996 1336 3074 libras
1356 2998 1599 3087 Parisienses,
1627 3026 1696 3103 pro
1722 2997 1916 3103 ameragiis
1937 2999 2105 3103 predicte
2132 3026 2260 3088 conse,
2282 2999 2330 3075 de

908 3142 1078 3233 tempore
1098 3127 1279 3233 preterito
1304 3156 1421 3233 usque
1445 3128 1494 3205 ad
1516 3128 1618 3205 diem
1636 3127 1796 3234 judicati
1817 3127 1995 3234 predicti,
2017 3146 2055 3207 et
2073 3129 2331 3235 pronunciavit

909 3256 1014 3362 quod
1029 3257 1127 3334 dicta
1141 3258 1300 3363 pecunia
1315 3274 1492 3336 arrestata
1508 3258 1789 3347 deliberabitur,
1807 3259 1990 3364 usquead
2006 3259 2210 3365 predictam
2224 3286 2330 3334 sum·

909 3412 1026 3474 mam,
1045 3385 1147 3462 dicto
1165 3387 1342 3474 Joheuni,
1356 3388 1387 3463 si
1402 3402 1504 3463 tanta
1520 3387 1570 3465 sit
1582 3416 1730 3467 summa
1747 3404 1938 3478 arrestata,
1957 3404 1996 3463 et
2013 3388 2134 3493 quod,
2153 3387 2186 3463 si
2200 3386 2328 3463 minor

909 3513 1039 3603 firerit,
1057 3514 1179 3594 dictus
1194 3519 1323 3595 Tenue
1341 3517 1412 3595 sibi
1429 3516 1548 3595 solvet
1568 3518 1780 3607 residuum,
1797 3518 1894 3595 salvo
1914 3518 2029 3596 eciam
2044 3517 2146 3595 dicto
2164 3517 2327 3595 lobanni

906 3646 993 3751 jure
1015 3646 1120 3751 quod
1140 3648 1219 3754 ipse
1237 3664 1362 3754 potest
1380 3647 1519 3726 hahere
1541 3648 1581 3725 in
1596 3649 1740 3727 censiva
1756 3648 1964 3757 supradicta
1984 3666 2111 3725 contra
2127 3675 2330 3755 quoscum-

910 3803 1005 3882 que;
1023 3805 1044 3854 a
1062 3805 1140 3883 quo
1159 3776 1316 3885 quidem
1329 3778 1517 3887 judicato,
1539 3794 1733 3884 tamquam
1751 3778 1845 3857 falso
1865 3794 1904 3857 et
1917 3804 2046 3884 pravo,
2066 3778 2186 3855 dictus
2198 3779 2332 3855 Tanne

912 3906 960 3983 ad
979 3923 1144 3984 nostram
1162 3908 1303 3986 curiam
1317 3907 1536 4015 appellavit:
1553 3907 1702 3986 Auditis
1715 3908 1832 4016 igitur
1847 3908 1956 3985 dictis
1969 3907 2148 4014 partibus,
2167 3909 2208 3985 in
2223 3935 2332 3985 causa

879 4058 881 4063 ’
912 4035 1176 4141 appellacionis
1188 4037 1373 4143 predicte,
1393 4055 1432 4116 et
1441 4038 1530 4115 visis
1542 4039 1777 4145 processibus
1791 4037 1905 4145 partis
1921 4038 2138 4145 utriusque,
2149 4066 2219 4145 per
2228 4038 2331 4115 curie

913 4182 1038 4249 nostre
1062 4165 1268 4273 judicium,
1291 4168 1435 4245 dictum
1460 4167 1533 4246 fuit
1556 4168 1769 4277 predictum
1787 4169 2023 4277 prepositum
2039 4169 2139 4248 bene
2166 4197 2334 4277 pronun·

866 4396 868 4399 Ι
913 4294 1042 4385 ciasse,
1059 4313 1097 4375 et
1109 4297 1254 4375 dictum
1266 4299 1398 4375 Tanne
1409 4299 1507 4377 male
1520 4297 1795 4405 appellasse,et
1805 4300 1911 4408 quod
1924 4301 2004 4407 ipse
2016 4302 2089 4381 hoc
2101 4300 2331 4378 emendabit.

968 4427 1163 4508 Dominioa
1178 4446 1264 4507 ante
1282 4428 1551 4509 Ascencionem
1569 4430 1738 4509 Domini.

969 4558 1075 4636 Creci
1096 4562 1308 4667 reportavit.

970 4822 1125 4901 LXXIV.
1155 4823 1251 4902 Cum
1273 4826 1463 4903 Jobannes
1487 4811 1609 4905 dictus
1631 4827 1794 4904 Pnchois
1818 4842 2047 4934 conquestus
2071 4827 2180 4908 nobis
2202 4824 2333 4903 fuisset

914 4952 1033 5057 quod,
1051 4980 1138 5029 cum
1151 4954 1236 5032 Huo
1251 4954 1299 5031 de
1311 4955 1494 5046 Fullonis,
1510 4955 1668 5034 ballivus
1681 4955 1959 5053 Ambianensis,
1970 4957 2114 5065 ipsum,
2129 4955 2270 5062 absque
2285 4982 2332 5032 eo

914 5082 1018 5191 quod
1041 5083 1088 5169 de
1112 5081 1240 5191 aliquo
1264 5085 1420 5164 crimine
1445 5102 1637 5168 accusatus
1657 5116 1726 5167 seu
1747 5073 1937 5166 convictus
1956 5086 2104 5179 fnisset,
2126 5086 2333 5163 infirmata

913 5215 1180 5322 prisione„per
1194 5214 1323 5322 viginti
1341 5214 1501 5295 duarum
1517 5218 1810 5325 septimanarum
1826 5219 2010 5326 spacium,
2025 5218 2209 5297 tenuisset
2224 5198 2333 5293 man·

915 5345 1098 5451 cipetum,
1120 5359 1159 5419 et
1179 5343 1281 5435 licet,
1300 5362 1342 5423 nt
1358 5346 1523 5436 dicebat,
1545 5349 1688 5427 dictum
1705 5349 1888 5431 ballivum
1905 5348 2051 5456 pluries
2059 5348 2276 5457 requisisset
2289 5364 2337 5425 ut
