5817 7292
886 1070 960 1146 50⁰
1461 1058 1552 1131 tus
1582 1058 1721 1131 OLIM.

662 1222 790 1279 aarum
801 1221 845 1285 tv,
882 1208 1049 1317 predicta
1068 1206 1115 1283 ad
1139 1201 1296 1310 plenum
1321 1199 1462 1277 luerint
1480 1198 1688 1306 persoluta,
1710 1214 1749 1273 et
1767 1197 1922 1303 insuper
1939 1197 2013 1276 fuit
2032 1199 2176 1279 dictum
2198 1205 2304 1310 quod

721 1314 784 1357 Μ’
884 1340 1008 1420 dietus
1029 1334 1233 1417 Gaulridus
1256 1331 1403 1411 tenebit
1422 1331 1630 1436 prisionem
1650 1328 1838 1405 firmatam
1863 1356 1984 1435 usque
2007 1329 2056 1407 ad
2074 1331 2303 1412 voluntatem

884 1488 1047 1549 nostram
1062 1467 1100 1543 in
1118 1466 1202 1543 loco
1218 1492 1240 1539 a
1255 1462 1364 1541 nobis
1380 1461 1451 1539 sibi
1465 1459 1703 1566 assignando,
1721 1475 1776 1546 et,
1794 1458 1948 1563 quando
1965 1458 2087 1537 dictus
2101 1462 2306 1542 Gaulridus

883 1602 997 1679 exibit
1012 1599 1149 1701 dictam
1162 1592 1366 1699 prisionem
1380 1600 1563 1678 nostram,
1578 1589 1659 1695 ipse
1669 1589 1794 1665 statim
1805 1588 1890 1677 ibit,
1904 1607 2004 1667 recta
2012 1590 2084 1681 via,
2102 1592 2151 1669 ad
2162 1592 2304 1673 dictum

884 1723 1098 1838 episcopum
1120 1722 1482 1829 Petregoricensem,
1504 1720 1575 1825 ipsi
1594 1720 1792 1795 emendam
1811 1720 2000 1798 verbalem
2026 1748 2140 1828 super
2158 1726 2305 1830 predic-

882 1862 936 1941 tis·
947 1858 1094 1967 injuriis
1117 1870 1365 1961 prestatums,
1390 1851 1663 1956 reservavitque
1683 1851 1786 1927 ouria
1807 1867 1951 1939 nostra,
1974 1881 2042 1957 per
2065 1854 2170 1931 idem
2199 1855 2304 1963 judi-

884 1992 997 2075 cium,
1007 1985 1162 2065 cuilibet
1178 1982 1363 2060 dictarum
1376 1982 1557 2089 parcium,
1569 2008 1682 2086 super
1690 1980 1841 2087 justicia
1854 1981 1943 2059 dicti
1956 1982 2067 2091 burgi
2079 1985 2298 2073 d’Alamens,

878 2122 941 2227 jus
961 2147 1092 2205 suum,
1107 2133 1187 2193 tarn
1206 2114 1245 2189 in
1267 2111 1492 2219 proprietate
1508 2140 1621 2217 quam
1642 2112 1680 2186 in
1701 2112 1946 2217 possessione.

938 2249 1138 2327 Iovis-ante
1156 2244 1440 2321 Pentbecosten.

938 2380 1112 2457 Decanus
1132 2376 1179 2451 de
1196 2371 1360 2453 Caesello
1380 2371 1596 2476 reportavit¹

940 2636 1127 2715 LXXXIII.
1159 2635 1256 2713 Cum
1267 2633 1427 2711 ballivus
1435 2630 1642 2709 Caletensis
1652 2632 1968 2709 assereretvillam
1979 2635 2298 2743 Sancti·Amulpbi

884 2785 921 2845 et
940 2795 1073 2845 omnes
1092 2764 1319 2843 habitatores
1340 2762 1526 2870 ejusdem,
1542 2778 1618 2837 tam
1634 2760 1783 2838 nobiles
1802 2790 1915 2866 quam
1931 2763 2137 2857 innobiles,
2157 2794 2236 2845 esse
2255 2770 2302 2844 de

883 2897 1029 2975 ballivis
1049 2896 1255 2987 Caletensi,
1278 2912 1316 2970 et
1335 2922 1373 2971 se
1394 2922 1435 2969 ac
1450 2892 1734 2999 predecessores
1747 2918 1840 2969 suos
1856 2922 1936 2970 esse
1951 2913 1990 2971 et
2003 2894 2137 2987 baisse,
2151 2900 2304 2975 nomine

883 3030 981 3107 dicte
999 3026 1168 3115 ballivie,
1189 3026 1230 3102 in
1250 3024 1402 3131 pacifico
1421 3024 1654 3129 possessione
1671 3024 1867 3101 exercendi
1887 3024 2029 3102 ibidem
2050 3055 2185 3106 omnes
2203 3048 2304 3107 actus

883 3159 958 3236 alte
973 3174 1010 3235 et
1026 3157 1133 3237 basse
1149 3156 1316 3265 justicie,
1334 3154 1515 3261 quociens
1531 3182 1636 3231 cesus
1654 3182 1695 3229 se
1715 3153 2082 3247 obtuleruntsitem,
2104 3186 2144 3235 se
2164 3177 2203 3235 et
2217 3186 2302 3264 pre·
2369 3142 2374 3149 ⁵

885 3286 1097 3367 decessores
1117 3315 1204 3364 suos
1231 3285 1421 3392 predictos
1446 3312 1526 3361 esse
1553 3301 1591 3360 et
1615 3282 1730 3361 baisse
1754 3284 1793 3360 in
1817 3288 2046 3390 possessione
2071 3288 2294 3395 recipiendi,

885 3418 991 3495 annis
1002 3417 1172 3522 singulis,
1186 3442 1303 3491 unum
1315 3415 1490 3491 modium
1502 3442 1615 3491 avene
1629 3442 1742 3520 super
1753 3415 1976 3493 habitatores
1985 3417 2082 3493 dicte
2091 3417 2195 3507 ville,
2208 3435 2299 3495 tam

884 3577 998 3655 quam
1012 3544 1184 3624 subditos
1197 3543 1346 3623 ballivis
1356 3544 1588 3649 supradicte,
1605 3544 1740 3623 ballivo
1753 3545 1991 3623 Ambianensi
2005 3549 2233 3625 contrarium
2245 3575 2299 3626 as·

884 3696 1031 3757 serente
1043 3695 1080 3756 et
1095 3676 1259 3765 dicente,
1272 3676 1424 3755 nomine
1436 3674 1697 3753 Arnbianensis
1707 3676 1875 3768 ballivie,
1887 3678 2023 3754 dictam
2033 3677 2158 3753 villam
2169 3696 2209 3755 et
2218 3680 2298 3785 ejus

885 3810 1113 3889 habitatores
1123 3834 1204 3889 esse
1217 3824 1255 3885 et
1265 3804 1381 3885 fuisse
1391 3807 1441 3883 de
1451 3804 1565 3884 feodo
1580 3807 1628 3883 de
1640 3808 1997 3916 Pinquonio,etper
2010 3836 2243 3914 consequens
2253 3810 2301 3886 de
2380 3851 2384 3855 -

884 3958 1047 4019 ressorto
1063 3938 1324 4016 Ambianensis
1335 3936 1506 4028 ballivis,
1522 3937 1682 4015 maxime
1696 3967 1781 4015 cum
1800 3939 1879 4045 ipse
1893 3957 1933 4016 et
1949 3940 2006 4017 sui
2020 3938 2301 4046 predecessores

885 4072 960 4149 sint
973 4087 1014 4147 et
1026 4067 1168 4147 luerint
1182 4070 1221 4147 in
1235 4069 1470 4175 possessione
1484 4068 1679 4145 exercendi
1696 4096 1850 4145 ornnem
1865 4070 1978 4145 altam
1992 4086 2031 4145 et
2043 4070 2300 4179 bassamjusti-

885 4200 979 4276 ciam
990 4200 1029 4277 in
1040 4198 1125 4277 villa
1134 4198 1317 4306 predicta,
1331 4216 1410 4275 tam
1424 4226 1544 4303 perse
1559 4226 1674 4304 quam
1688 4226 1756 4303 per
1766 4227 1855 4277 suos
1868 4200 2087 4287 servientes,
2102 4200 2142 4275 in
2155 4200 2299 4277 casibus

885 4330 950 4435 qui
971 4356 1029 4421 se,
1046 4329 1234 4435 preteritis
1248 4328 1500 4433 temporibus,
1518 4328 1754 4417 abtulerunt,
1771 4328 1868 4405 datis
1883 4328 1999 4435 igitur
2017 4356 2038 4404 a
2058 4329 2169 4407 nobis
2190 4330 2300 4405 certis

886 4460 1161 4549 commissoriis,
1183 4457 1232 4535 ad
1250 4458 1468 4536 instanciam
1492 4458 1681 4535 dictorum
1702 4458 1942 4547 ballivorum,
1962 4460 2117 4537 nomine
2136 4458 2299 4535 ballivis-

884 4618 969 4667 rum
987 4590 1258 4694 predictarum,
1279 4588 1545 4667 tantummodo
1565 4588 1613 4664 ad
1632 4588 1900 4695 inquirendum
1923 4589 1971 4664 de
1988 4588 2196 4693 premissis,
2212 4615 2293 4665 eum

885 4718 1085 4827 diligencia
1095 4718 1304 4808 veritatem,
1316 4718 1528 4825 vocatisque
1541 4746 1667 4797 coram
1677 4719 1768 4825 ipsis
1781 4718 2044 4797 commissoriis
2054 4718 2197 4797 ballivis
2212 4745 2296 4823 pre·

886 4848 1011 4941 dictis,
1024 4848 1166 4927 ibidem
1181 4850 1392 4956 comparuit
1408 4849 1667 4927 vicedominus
1686 4850 1734 4926 de
1753 4850 1981 4955 Pinquonio,
1993 4875 2161 4927 asserens
2179 4849 2309 4927 dictos·

885 4979 1012 5059 villam
1028 4994 1064 5055 et
1081 4978 1307 5058 habitatores
1325 4979 1495 5087 ejusdem
1515 5006 1595 5058 essa
1615 4999 1657 5059 et·
1666 5006 1815 5088 semper
1828 4978 1942 5058 baisse
1957 4981 2006 5057 de
2019 4979 2143 5058 leodis
2160 4981 2236 5058 suis
2250 4979 2298 5055 de

884 5108 1115 5215 Pinquonio,
1132 5126 1170 5187 et
1182 5136 1250 5214 per
1260 5136 1494 5215 consequens
1507 5110 1884 5189 decessortoballivie
1894 5108 2172 5199 Ambianensis,
2184 5136 2299 5214 seque

886 5257 923 5317 et
940 5268 1026 5319 suos
1035 5240 1323 5345 predecessores
1338 5268 1380 5315 ac
1396 5238 1669 5321 subditos‘suos
1679 5241 1844 5330 nobiles,
1862 5241 1901 5317 in
1915 5242 2015 5319 dicta
2028 5240 2113 5319 villa
2127 5238 2298 5317 habitan·
2365 5225 2371 5232 ⁴

885 5388 963 5459 tes,
972 5398 1057 5449 esse
1063 5387 1104 5449 et
1117 5369 1230 5449 luisse
1242 5370 1283 5447 in
1296 5370 1530 5477 possessione
1545 5374 1740 5451 exercendi
1755 5398 1907 5450 omnem
1918 5390 2042 5451 aetum
2057 5372 2130 5451 alte
2144 5366 2301 5447 etbasse
