5817 7292
1089 1120 1352 1227 enotatas
1378 1138 1441 1213 ar
1466 1121 1669 1214 raoaus.
1801 1204 1805 1212 .
1840 1201 1844 1210 .
2045 1141 2089 1214 n

668 1295 749 1348 esse
774 1297 841 1378 per
861 1272 1003 1352 dictatm
1027 1275 1203 1355 ballivum
1228 1279 1268 1355 in
1284 1307 1359 1356 usu
1382 1299 1421 1356 et
1450 1280 1583 1358 saisina
1599 1278 1751 1386 justicie
1770 1279 1956 1384 predium
1979 1279 2088 1370 bem,
2129 1293 2316 1358 ramenta,

664 1427 781 1509 super
801 1430 846 1482 eo
866 1407 969 1513 quod
985 1407 1075 1486 dicti
1095 1409 1257 1488 decanus
1273 1429 1310 1489 et
1324 1399 1530 1518 capitulum
1546 1410 1759 1488 asserebant
1773 1436 1812 1486 se
1828 1437 1908 1487 ease
1922 1427 1961 1487 et
1973 1410 2090 1490 fuisse
2191 1386 2255 1431 ’Μ’

667 1531 708 1608 iu
727 1533 861 1612 saisina
881 1535 953 1614 alte
968 1538 1118 1646 justicie
1138 1537 1311 1618 villarum
1327 1541 1376 1618 de
1397 1541 1606 1650 Molignon‚
1629 1541 1677 1618 de
1697 1537 1789 1628 Ere,
1806 1538 1854 1616 de
1870 1539 1964 1647 Oyri
1982 1560 2023 1618 et
2040 1543 2089 1620 de

667 1663 994 1758 Valle-Profunda,
1018 1685 1056 1747 et
1080 1699 1118 1748 se
1136 1697 1226 1748 usos
1248 1699 1327 1750 esse
1351 1690 1388 1750 et
1408 1671 1526 1750 luisse
1545 1672 1687 1780 longuo
1705 1688 1876 1777 tempore
1897 1670 1995 1747 dicta
2019 1671 2091 1749 alta

662 1796 811 1904 justicia
830 1797 869 1874 iu
889 1799 998 1878 dictis
1014 1801 1111 1878 villis
1131 1820 1168 1880 et
1187 1802 1356 1910 qualibet
1374 1803 1596 1882 earumdem
1613 1803 1653 1880 iu
1672 1801 1850 1880 omuibus
1865 1799 2090 1908 casibusqai

667 1925 715 2000 ad
734 1950 868 2005 eorum
887 1931 1063 2008 noticiam
1087 1951 1355 2037 pervenerunt,
1379 1952 1416 2012 et
1436 1963 1477 2011 se
1502 1934 1551 2011 de
1574 1960 1674 2012 novo
1698 1932 1902 2040 impeditos
1925 1959 1994 2038 per
2011 1931 2091 2008 dio·

666 2073 748 2133 tum
766 2057 944 2136 ballivum
963 2061 1003 2137 in
1025 2061 1218 2168 predictis,
1237 2063 1338 2140 dicto
1364 2063 1502 2140 ballivo
1523 2091 1592 2170 pro
1612 2062 1724 2140 uobis
1741 2062 1971 2140 contrarium
1990 2091 2090 2140 asse-

663 2203 768 2264 rente
799 2205 836 2265 et
863 2188 1013 2268 dicente
1037 2217 1106 2268 nos
1133 2221 1213 2270 esse
1241 2192 1281 2270 in
1311 2193 1444 2270 saisina
1468 2193 1591 2270 tocius
1614 2193 1722 2270 basse
1744 2191 1896 2299 justicie
1926 2190 2014 2269 ville
2039 2191 2089 2268 de

660 2313 855 2418 Verrinam
871 2318 973 2407 item,
989 2321 1029 2396 in
1046 2322 1181 2398 saisina
1193 2322 1266 2400 alte
1275 2324 1426 2430 justicie
1442 2323 1615 2400 villarum
1634 2323 1682 2401 de
1703 2322 1913 2432 Meligunis,
1932 2323 1980 2400 de
1993 2325 2085 2412 Ere,

665 2445 712 2522 de
736 2447 846 2556 Oyri,
867 2467 908 2527 et
929 2451 978 2530 da
1000 2452 1335 2533 Valle-Profunda:
1357 2456 1545 2542 Tandem,
1568 2455 1654 2533 visis
1670 2473 1709 2548 et
1731 2455 1932 2562 diligenter
1951 2456 2090 2531 exami-

660 2578 758 2656 natis
783 2579 965 2686 inquestia
991 2581 1038 2660 de
1060 2584 1239 2662 mandato
1257 2601 1389 2662 nostro
1409 2584 1514 2662 lactis
1540 2611 1655 2689 super
1674 2584 1868 2688 predictis,
1895 2582 2088 2662 inventum

661 2705 733 2785 fuit
753 2726 805 2801 et,
826 2739 895 2818 per
911 2713 1013 2790 curie
1033 2731 1159 2792 nostre
1174 2714 1382 2821 judicium,
1400 2715 1690 2820 pronunciatum
1706 2713 1828 2790 dictos
1847 2714 2031 2791 decanum
2052 2733 2089 2792 et

663 2838 866 2942 capitulum
896 2841 1010 2920 luisse
1035 2861 1072 2920 et
1097 2870 1176 2922 esse
1204 2843 1242 2920 in
1276 2844 1412 2921 saisina
1438 2843 1562 2921 tocius
1588 2845 1695 2920 basse
1717 2843 1869 2949 justicie
1896 2843 2087 2950 hospitum

660 2991 818 3046 suorum
849 2983 1170 3050 commorancium
1201 2973 1343 3050 invilla
1369 2974 1417 3052 de
1442 2973 1635 3063 Verrinea,
1664 3001 1708 3049 ac
1731 2971 2002 3078 impedimenta
2019 3002 2088 3079 per

663 3094 808 3176 dictum
825 3099 1006 3178 ballivum
1028 3131 1142 3208 super
1161 3103 1234 3180 hoc
1252 3103 1426 3208 apposita·
1437 3129 1517 3179 osae
1532 3101 1755 3190 amovenda,
1772 3101 1881 3179 salvis
1896 3102 2028 3194 nobis,
2048 3104 2087 3178 in

662 3228 795 3305 eadem
807 3228 913 3308 bassa
921 3231 1086 3339 justicia,
1106 3233 1303 3337 questione
1319 3233 1557 3337 proprietatis
1569 3232 1706 3338 acjure
1721 3231 1833 3309 uobis
1844 3249 2087 3338 competente

661 3357 699 3436 in
714 3359 847 3438 saisina
869 3377 907 3438 et
922 3361 1153 3468 proprietate
1173 3361 1249 3439 alte
1266 3361 1418 3468 justicie
1434 3362 1534 3440 dicte
1544 3361 1784 3450 aille.·ltem,
1803 3364 2000 3440 inventum
2017 3363 2090 3440 suit

661 3506 699 3565 et
719 3491 1011 3595 pronunciatum
1036 3492 1157 3570 dictos
1177 3492 1361 3570 decanum
1379 3510 1419 3571 ct
1436 3492 1644 3600 capitulum
1663 3492 1780 3571 fuisse
1802 3509 1841 3569 et
1857 3519 1938 3571 esee
1956 3493 1999 3570 in
2017 3495 2088 3571 sai-

661 3620 739 3698 sina
753 3621 827 3699 alte
837 3623 987 3730 justicie
1003 3623 1175 3702 villamur
1192 3623 1238 3702 de
1252 3623 1465 3732 Molignon,
1485 3625 1535 3702 de
1547 3625 1621 3702 Eae
1636 3642 1676 3702 et
1687 3625 1735 3702 de
1748 3623 1838 3731 Oyri
1854 3641 1893 3702 et
1907 3623 1958 3700 de
1971 3624 2089 3703 Valle·

660 3749 868 3843 Profunda,
891 3780 1039 3830 necnon
1062 3753 1334 3861 impedimenta
1357 3745 1452 3831 circa
1471 3755 1543 3832 hoc
1562 3754 1728 3860 apposita
1744 3753 1906 3830 amoveri
1928 3751 2086 3843 debere;

661 3897 699 3955 et
723 3881 892 3987 insuper,
915 3882 945 3960 si
967 3885 1164 3962 occasione
1189 3885 1446 3990 predictorum
1466 3884 1592 3991 aliqua
1610 3885 1687 3964 sint
1703 3899 1811 3990 capta
1829 3883 1889 3959 ael
1908 3899 2086 3960 arrestata

661 4037 727 4086 seu
755 4010 803 4088 ad
828 4039 983 4090 manum
1011 4031 1179 4092 nostram
1205 4015 1343 4121 posita,
1372 4043 1416 4094 ea
1436 4015 1552 4094 dictis
1577 4015 1720 4094 decano
1749 4029 1787 4090 et
1813 4011 1978 4119 capitulo
2004 4013 2084 4092 lore

660 4139 852 4220 reddenda
876 4160 914 4221 et
934 4143 1192 4225 deliberanda.

715 4406 857 4484 XXXII.
885 4407 987 4484 ‘Cum
1010 4408 1259 4486 mota·luiaset
1276 4406 1479 4494 discordia,
1498 4404 1659 4482 incuria
1679 4422 1821 4493 nostra,
1836 4404 1935 4481 inter
1947 4403 2083 4483 Guiar-

659 4535 751 4614 dum
778 4536 826 4613 de
846 4535 1095 4627 Foullueillo,
1121 4538 1342 4616 semiferum
1361 4555 1474 4626 tuuc,
1501 4563 1547 4614 ex
1568 4563 1644 4614 una
1667 4552 1788 4641 parte,
1811 4551 1853 4612 et
1869 4532 2081 4613 dabertum

660 4665 707 4742 de
727 4667 910 4776 ungena,
932 4665 1109 4760 militem,
1130 4696 1176 4746 ex
1195 4669 1330 4758 altera,
1352 4696 1466 4776 super
1485 4695 1532 4746 eo
1553 4666 1661 4775 quod
1682 4666 1874 4774 predictus
1890 4665 2087 4746 Guiardus.

659 4796 805 4876 dicebat
835 4815 873 4876 et
895 4797 1133 4905 proponebat
1167 4801 1464 4880 contradictum
1493 4799 1707 4878 alubertum
1730 4798 1857 4906 quod,
1887 4825 1973 4874 omn
2000 4799 2080 4904 ipse

658 4925 846 5007 Guiardus
871 4947 908 5009 et
927 4931 986 5008 sui
1004 4931 1290 5037 predecessores
1316 4950 1440 5012 essent
1460 4949 1499 5010 et
1524 4931 1682 5010 luissent
1707 4959 1728 5007 a
1754 4931 1903 5017 decem,
1926 4929 2079 5037 viginti,

656 5059 823 5166 triginta,
845 5061 1088 5168 quadraginta
1109 5064 1234 5154 anuis,
1248 5082 1295 5142 at
1318 5093 1341 5140 a
1360 5081 1532 5172 tempore
1553 5093 1574 5140 a
1594 5089 1673 5170 quo
1688 5077 1817 5168 potest
1836 5087 1916 5139 esse
1936 5087 2082 5137 memo-

647 5187 727 5280 ria,
749 5191 942 5271 inaaisina
962 5193 1201 5274 custodiendi
1222 5213 1260 5274 et
1278 5195 1525 5275 deffendendi
1543 5219 1700 5272 nemora
1720 5221 1787 5271 sua
1804 5191 1854 5270 de
1878 5191 2077 5297 Foulleyo,

648 5319 753 5398 sicut
769 5345 972 5430 garamam
990 5340 1029 5402 et
1047 5325 1086 5400 in
1107 5353 1285 5434 gamana,
1304 5327 1482 5403 ac¹aoiam
1501 5327 1542 5403 iu
1560 5326 1696 5404 saisina
1715 5322 1944 5430 capiendi‘et
1964 5347 2081 5396 arres-

657 5453 760 5530 tandi
791 5473 966 5535 venantes
995 5456 1035 5533 iu
1063 5457 1172 5536 dictis
1198 5457 1416 5536 nemoribus
1443 5458 1525 5536 sine
1554 5455 1710 5536 licencia
1739 5455 1828 5534 dicti
1858 5448 2017 5532 Guiardi
2043 5467 2080 5526 et

1923 5619 1951 5677 3.
