5817 7292
875 1114 945 1186 102
1427 1112 1540 1186 ‘LES
1571 1111 1711 1188 OLIM.

647 1264 778 1319 miens
791 1262 836 1327 W·
871 1251 921 1331 de¹
939 1249 1149 1353 ‘Beillouvel
1164 1269 1213 1331 :et
1235 1252 1464 1360 quibusdem
1488 1254 1581 1333 aliis·
1595 1256 1780 1333 dictarum
1800 1255 1968 1363 parolum
1993 1258 2178 1363 articulis,
2201 1292 2291 1342 cum

705 1354 768 1399 m
870 1384 952 1491 ejus
971 1383 1234 1463 commissione
1256 1382 1343 1475 fnit,
1365 1384 1504 1464 auditis
1529 1386 1716 1493 partibus,
1738 1392 1807 1494 pe'r
1829 1386 1934 1464 curie
1948 1386 2157 1494 judicium,
2186 1395 2292 1473 amn-

867 1515 951 1593 leu.
1063 1568 1067 1576 ι

921 1647 1101 1725 Mercurii
1119 1648 1304 1756 sequenti.

921 1778 1132 1857 ¹Gorin'thus
1146 1778 1360 1885 reportavit.

921 2041 1010 2117 LIII.
1038 2040 1138 2119 Cum
1155 2038 1313 2117 dilectus
1323 2055 1361 2115 et
1375 2036 1499 2118 fidelis
1510 2042 1853 2149 uesterepiscopus
1862 2041 2111 2134 Bclvaceueis,
2129 2046 2169 2121 in
2183 2047 2288 2125 ouria

864 2189 1007 2259 nostra,
1025 2172 1168 2249 diceret
1182 2188 1219 2247 et
1233 2187 1480 2278 proponeret,
1495 2190 1626 2250 contra
1638 2173 1834 2283 religiosos
1846 2174 1946 2251 virne
1960 2172 2288 2255 abbutemetcon·
2345 2200 2349 2204 ’

864 2321 1019 2379 ventum
1038 2302 1192 2380 ecclesie
1211 2300 1310 2379 beati
1329 2302 1499 2407 Dyonisii
1519 2304 1557 2380 in
1572 2306 1742 2397 Francia,
1761 2305 1867 2413 quod
1882 2304 2148 2414 ipsireliginsi,
2165 2337 2285 2415 prope

864 2432 990 2511 villam
1007 2432 1055 2511 de
1070 2434 1351 2522 Montmeliant,
1370 2433 1536 2511 fecerant
1552 2437 1747 2543 quoddam
1764 2436 2029 2515 molendinum
2046 2437 2093 2514 ad
2108 2456 2283 2531 ventum,

864 2565 904 2643 in
927 2565 1183 2673 prejudicium
1214 2565 1330 2673 ipsius
1363 2566 1527 2672 episcopi
1556 2582 1594 2644 et
1621 2568 1857 2674 episcopatus
1881 2568 1962 2661 sui3
1992 2593 2109 2675 quare
2135 2569 2287 2677 petebat

865 2695 968 2773 idem
986 2698 1191 2804 'episcopus
1214 2696 1361 2775 dictum
1385 2695 1653 2775 molendinum
1679 2698 1780 2776 dirui
1803 2716 1844 2776 et
1863 2699 2022 2777 omnino
2035 2701 2222 2811 ‘amouere
2245 2716 2291 2776 et

866 2852 934 2933 per
944 2826 1009 2933 jus
1026 2825 1099 2903 dici
1118 2828 1223 2934 quod
1241 2827 1330 2904 dicti
1346 2826 1516 2935 religiosi
1529 2826 1594 2935 jus
1612 2857 1691 2907 non
1708 2830 1852 2907 babent
1868 2828 2031 2907 faciendi
2043 2858 2120 2908 -nec
2134 2828 2291 2909 tenendi

867 2956 1012 3034 dictum
1030 2958 1295 3036 molendinum
1313 2959 1353 3034 in
1372 2959 1457 3037 loco
1471 2960 1660 3065 predicto3
1678 2960 1788 3037 dictis
1801 2961 1986 3071 religiosis
2000 2961 2292 3041 incontrarium

867 3089 1184 3195 proponentibus,
1213 3107 1267 3177 et,
1287 3088 1461 3195 pluribus
1489 3090 1721 3179 racionibus,
1743 3092 1961 3198 petentibus
1981 3090 2027 3169 ab
2047 3091 2289 3197 impetioionc

867 3220 1035 3328 predicta
1053 3220 1142 3297 dicti
1161 3219 1324 3327 episcopi
1344 3248 1384 3297 se
1403 3218 1566 3298 absolvi:
1585 3221 1775 3311 Tandem,
1796 3221 1934 3297 auditis
1953 3220 2154 3298 hincinde
2172 3221 2291 3299 racio-

868 3348 1169 3454 nibus'ptrcium
1187 3349 1462 3457 predictarum,
1482 3365 1538 3437 et,
1561 3375 1677 3454 super
1694 3376 1825 3425 earum
1844 3348 1967 3439 Iactis,
1988 3348 2161 3455 iuquesta
2177 3349 2289 3435 lacta,

868 3482 942 3558 visa
966 3499 1005 3557 et
1023 3480 1225 3591 diligenter
1245 3480 1470 3571 examinata,
1495 3478 1586 3555 dicti
1604 3477 1774 3587 religiosi
1793 3478 1839 3556 ab
1860 3476 2106 3585 impeticione
2124 3478 2294 3586 predicta

871 3612 960 3688 dicti
980 3612 1143 3722 episcopi
1159 3609 1333 3697 fuerunt,
1353 3638 1421 3714 per
1438 3595 1541 3686 curie
1561 3624 1688 3685 nostre
1704 3607 1913 3717 judicium,
1934 3607 2107 3687 absoluti.
2143 3656 2148 3664 ·

927 3744 1057 3823 Mense
1070 3740 1219 3847 Aprilis.
1280 3748 1282 3753 ’

928 3876 979 3951 Μ.
1001 3873 1120 3979 bymo
1139 3870 1351 3978 reportavit.

916 4138 1017 4218 clv.
1046 4136 1213 4216 aumtn
1235 4134 1356 4214 causis
1372 4134 1825 4225 in'curianostramotis
1851 4135 1949 4211 inter
1977 4131 2173 4240 religiosos
2192 4132 2291 4211 viros

872 4268 1107 4347 abbatemet
1131 4285 1359 4347 conventum
1387 4266 1543 4345 ecclesie
1567 4266 1669 4345 beati
1690 4265 1860 4373 Dyonisii
1882 4266 1923 4341 in
1942 4264 2122 4357 Francia,
2149 4290 2293 4343 exuna

872 4399 1284 4507 perto,1etlln³gerium
1307 4400 1354 4476 de
1375 4398 1565 4477 Cliobiaco
1583 4399 1622 4475 et
1647 4398 1728 4507 ejus
1754 4424 1930 4483 uxorem,
1956 4424 2001 4473 ex
2021 4395 2162 4489 altera,
2183 4424 2297 4502 super

868 4527 955 4634 jure
974 4528 1323 4607 emolumentorum
1341 4544 1382 4603 et
1398 4529 1577 4606 rexituum
1595 4529 1762 4605 duarum
1787 4530 2007 4636 quartarum
2027 4527 2198 4635 parcium
2213 4527 2296 4604 baci

874 4660 942 4734 seu
964 4657 1099 4735 becelli
1115 4674 1256 4764 pertus
1281 4658 1331 4735 de
1347 4658 1566 4751 'Clichiacm
1580 4661 1698 4767 quod
1714 4660 1778 4768 jus
1795 4661 1834 4737 in
1845 4659 1973 4737 dictis·
1983 4658 2133 4737 dunbus
2148 4658 2297 4763 quartia

874 4787 1043 4895 partibus
1051 4788 1215 4895 predicti
1229 4789 1408 4899 conjuges
1421 4790 1524 4868 adse
1535 4791 1747 4897 pertinere,
1763 4790 1936 4897 pluribus
1946 4788 2182 4877 racionibus,
2195 4815 2297 4864 asse-

874 4917 1026 5010 rebant;
1050 4919 1227 5027 predictis
1246 4920 1431 5030 religiosis
1454 4950 1475 4999 e
1500 4922 1686 5000 contrario
1712 4922 2012 5028 proponentibus
2026 4937 2069 4999 ct
2083 4917 2214 4996 multis
2238 4947 2296 4993 ra·
2402 4923 2412 4941 '

874 5052 1046 5131 cienibus
1062 5051 1277 5130 dicentibus
1292 5050 1504 5158 predictum
1519 5053 1584 5161 jus
1601 5051 1948 5131 emolumentorum
1969 5069 2009 5129 ct
2025 5052 2195 5129 exituum
2210 5076 2297 5155 pre-

875 5181 1064 5283 dictorum
1080 5182 1128 5260 ad
1144 5212 1185 5264 ee
1203 5183 1413 5291 pertinere:
1430 5185 1620 5277 Tandem,
1638 5183 1777 5261 auditis
1794 5184 1962 5291 parcium
1980 5180 2194 5261 racionibus
2207 5178 2298 5256 hinc

874 5314 1019 5394 winde
1037 5330 1075 5403 et
1081 5342 1204 5421 nuper
1216 5342 1351 5391 earum
1367 5314 1538 5393 ¹articulis
1553 5343 1671 5422 cuper
1687 5314 1760 5392 biis
1771 5342 1822 5391 ⁴ox
1828 5327 1995 5424 nauoque
2005 5330 2119 5421 pecte
2135 5309 2295 5395 traditis,

764 5494 768 5503 ·
875 5446 1073 5554 inqneetis,
1101 5446 1351 5525 demandato
1378 5463 1507 5524 nostro
1527 5444 1648 5538 factis,
1671 5445 1759 5524 visis
1779 5462 1818 5523 et
1833 5446 2045 5557 «diligenter
2056 5441 2296 5532 examinetis,
