5817 7292
868 1133 891 1202 t
1449 1123 1540 1196 LES
1574 1119 1708 1196 ocltt.

642 1293 772 1348 rursum
784 1285 827 1354 tv,
866 1271 956 1350 alias
983 1268 1090 1348 mille
1103 1263 1227 1346 ⁴'libras
1246 1265 1394 1344 solvere
1415 1263 1567 1344 debere.
1588 1265 1633 1344 lu
1649 1265 1779 1373 eujus,
1793 1279 1871 1340 etc.
1899 1263 2058 1373 Insuper
2077 1265 2288 1375 injunctum

702 1383 766 1426 Μ
865 1403 937 1483 luit
957 1402 1058 1481 dicto
1077 1397 1214 1480 ballivo
1230 1399 1336 1506 quod
1359 1399 1438 1507 ipse
1459 1398 1649 1506 predictos
1664 1395 1866 1506 Egidium‚
1887 1395 2071 1486 mibtem‚
2092 1412 2131 1475 et
2152 1396 2282 1478 Gerar·

828 1651 829 1654 Ἴ
863 1535 958 1614 dum
978 1532 1213 1622 de,Vimiaco
1236 1528 1493 1606 venirelaciat
1510 1524 1692 1617 Parisios,
1714 1527 1754 1605 iu
1774 1525 2019 1636 ciusdem„

921 1798 980 1876 Vl.
1012 1795 1098 1874 Visa
1116 1794 1289 1898 inquesta
1303 1788 1401 1865 ¹facta
1416 1788 1523 1864 ‘inter
1540 1787 1740 1865 domiuum
1753 1788 1971 1869 lohenuern
1982 1787 2036 1866 de
2055 1787 2232 1871 Xautolio
2251 1808 2292 1868 et

864 1929 1075 2007 lohannem
1100 1925 1136 2000 le
1152 1921 1326 2012 'Saunieu
1346 1943 1530 2028 supereo
1550 1919 1657 2027 quod
1682 1919 1809 1998 dictus·
1822 1917 2031 1998 Sabnerius
2060 1921 2292 1998 contradic·
2418 1960 2420 1963 ·

863 2079 948 2136 tum
978 2055 1140 2134 militem
1171 2051 1407 2161 proponebat
1433 2050 1540 2159 quod
1562 2050 1671 2159 ipse„
1688 2069 1845 2159 propter
1861 2079 1976 2130 snam
2001 2051 2287 2161 negligenciam,

866 2190 1049 2269 ceciderat
1063 2217 1083 2265 a
1096 2185 1366 2295 prosecucione
1383 2210 1493 2262 cause
1509 2177 1706 2291 cujusdam
1715 2199 1899 2263 retractus
1914 2201 2042 2262 contra
2052 2183 2201 2292 ipsum:
2218 2184 2289 2262 Per

866 2339 1047 2400 arrestum
1058 2320 1178 2410 curie,
1194 2318 1338 2395 dictum
1349 2314 1420 2392 fuit
1435 2315 1557 2424 quod,
1575 2342 1652 2392 non
1666 2314 1901 2394 obstantibus
1912 2315 2116 2424 propositis
2128 2342 2172 2392 ex
2183 2332 2289 2422 parte

865 2454 955 2532 dicti
980 2451 1159 2538 Johannis
1183 2447 1371 2541 Saunerii‚
1396 2475 1594 2553 processus
1611 2445 1845 2555 principalis,
1868 2447 1986 2526 sactus
2009 2448 2050 2525 in
2069 2476 2178 2526 causa
2198 2447 2288 2524 dicti

865 2601 1061 2676 retractus,
1083 2582 1270 2674 videbitur
1290 2597 1328 2657 ct
1339 2577 1589 2687 judicabitur

920 2847 996 2926 Vll.
1026 2847 1112 2927 Visa
1138 2848 1309 2957 inquesta
1335 2861 1373 2922 et
1399 2870 1717 2952 processu-cause
1745 2855 1944 2936 retractus,
1964 2869 2100 2923 coram
2132 2841 2290 2921 domina

863 2978 992 3087 regina
1015 2979 1228 3088 Margaritta
1252 2977 1409 3066 habitis,
1437 2977 1535 3054 inter
1560 2975 1761 3056 dominum
1782 2978 1993 3056 Johannem
2016 2975 2064 3054 de
2085 2974 2286 3063 Xan'tolio,

864 3108 1042 3201 militem,
1067 3137 1111 3186 ex
1130 3137 1206 3187 una
1229 3124 1415 3214 parte‚·et
1433 3108 1648 3184 Johanne'm
1666 3107 1924 3196 Sauuerii‚‘ex
1943 3105 2073 3184 altera:
2091 3107 2164 3183 Per
2180 3105 2292 3212 judi-

864 3242 965 3320 cium
983 3239 1101 3326 curie,
1121 3239 1264 3314 dictum
1282 3235 1354 3311 luit
1366 3233 1470 3340 qued
1488 3233 1614 3312 dictus
1626 3233 1736 3310 miles
1750 3233 1979 3312 sufficienter
1993 3235 2221 3341 probaverat
2234 3235 2291 3311 in·

864 3371 1079 3447 tensionem
1096 3395 1219 3456 suam,
1238 3383 1276 3444 et
1289 3364 1393 3472 quod
1412 3357 1492 3468 ipse
1511 3363 1557 3440 ad
1577 3363 1799 3470 hujusmodi
1813 3362 2024 3441 ⁴retractum
2051 3363 2287 3442 admittetur.

920 3632 1013 3711 vlu.
1045 3629 1142 3709 cum
1160 3619 1412 3708 sosarmus
1429 3628 1570 3704 serron
1586 3623 1968 3734 aquodamjuatuto
1985 3642 2114 3704 contra
2131 3605 2278 3733 epum,

864 3790 932 3871 pro
960 3764 1132 3842 lohanue
1155 3761 1203 3838 de
1229 3759 1396 3846 Sericos,
1426 3752 1563 3847 milite,
1593 3768 1708 3864 sups'r
1723 3758 1900 3866 'medam
1920 3758 2089 3865 pecunie
2120 3759 2287 3849 summa,

864 3924 932 4003 per
949 3894 1129 3972 ballivum
1148 3892 1466 3971 silvanectensem
1485 3888 1578 3978 lato,
1594 3905 1813 3997 tanquam-a
1826 3885 2119 3996 falscet‘praro,
2139 3885 2189 3965 ad
2205 3913 2292 3965 nos-

863 4041 959 4102 tram
974 4023 1117 4101 curiam
1132 4019 1369 4130 appellasset,
1385 4038 1439 4110 et,
1454 4020 1596 4098 auditis
1607 4015 1779 4129 parcium
1791 4019 2006 4099 racionibus
2021 4019 2112 4097 hinc
2124 4035 2165 4096 et
2179 4018 2287 4108 inde,

864 4160 958 4236 lacta
978 4155 1112 4234 luisset
1135 4177 1249 4260 super
1267 4153 1342 4230 bec
1361 4153 1551 4259 inquesta:
1572 4150 1768 4239 Tandem·
1787 4150 1862 4227 visa
1879 4167 1922 4227 et
1944 4147 2144 4258 diligenter
2162 4149 2291 4228 audita

864 4291 1038 4396 inquesta
1056 4285 1240 4395 predicta,
1263 4313 1305 4360 ac
1322 4309 1501 4390 processu
1520 4308 1630 4362 cause
1647 4280 1818 4388 predicte'
1837 4279 2039 4392 diligenter
2056 4283 2202 4374 audito,
2220 4309 2293 4390 per

866 4419 968 4496 carrie
988 4435 1114 4496 nostre
1124 4415 1329 4525 judicium,
1347 4409 1501 4492 anullati
1520 4412 1675 4491 fueramt
1687 4430 1765 4490 tam
1780 4439 1978 4520 processus
1998 4413 2088 4509 dieti
2106 4413 2234 4493 ballivi
2253 4428 2292 4489 et

867 4551 949 4657 ejus
961 4549 1192 4658 judicatum,
1219 4571 1334 4654 quam
1357 4544 1565 4653 appellncio
1585 4545 1805 4652 interposita
1825 4545 1875 4624 ab
1900 4546 2058 4634 eodem,
2085 4561 2125 4620 et
2142 4544 2292 4648 injunc-

865 4699 949 4758 tum
962 4679 1104 4758 ballivo
1117 4677 1400 4766 Silvanectensi,
1417 4675 1484 4784 qui
1499 4677 1617 4754 modo
1631 4694 1707 4763 est,⁴
1723 4675 1829 4783 quod
1846 4677 1877 4752 si
1892 4676 2014 4752 dictus
2032 4672 2141 4751 miles
2154 4687 2286 4778 petere

864 4811 1028 4892 voluerit
1047 4834 1173 4888 coram
1193 4809 1449 4914 sepecuniam
1463 4807 1696 4915 predictam,
1718 4790 1846 4882 audiat
1865 4829 1969 4892 eum,
1991 4819 2047 4895 et,
2064 4818 2194 4881 vocato
2212 4803 2286 4879 Re·

863 4933 977 5025 berto
991 4941 1173 5051 predicto,
1196 4965 1309 5048 super
1321 4941 1395 5018 hoc
1412 4937 1586 5016 exhibeat
1601 4937 1769 5044 partibus
1778 4931 1930 5042 pisticis
1945 4931 2287 5038 complementum.

923 5207 983 5284 IX.
1015 5205 1112 5284 Cum
1132 5204 1232 5279 inter
1250 5198 1433 5278 ballivum
1449 5198 1758 5283 Ambianensem‚
1781 5218 1851 5301 pro
1869 5189 1996 5282 nobis,
2014 5219 2060 5271 ex
2070 5219 2149 5272 une
2163 5209 2287 5302 parte,

868 5356 906 5417 et
930 5337 1148 5444 episcopum
1167 5329 1476 5420 ambianensem,
1499 5358 1544 5408 ex
1567 5325 1699 5415 altera,
1725 5321 1826 5404 esset
1842 5340 1923 5402 orte
1942 5322 2093 5431 questio
2110 5349 2226 5433 super
2244 5352 2290 5402 eo

868 5467 974 5576 quod
991 5465 1094 5543 idern
1114 5460 1311 5570 episcopus
1330 5456 1480 5536 dicebat
1497 5486 1542 5538 se
1563 5486 1664 5547 esse‚·
1682 5474 1719 5536 et
1737 5456 2022 5562 predecessores
2039 5485 2130 5537 suos
2149 5457 2292 5566 episcc-
