5817 7292
925 1120 999 1194 seo
1217 1128 1219 1133 ’
1491 1120 1582 1192 cns
1608 1098 1750 1192 otiu.
2283 1196 2286 1201 .

697 1276 826 1328 Parnm
840 1274 883 1339 W.
919 1258 1057 1349 licerit,
1074 1282 1142 1367 per
1157 1259 1258 1337 curie
1272 1276 1399 1337 nostre
1408 1258 1615 1366 judicium,
1630 1258 1752 1336 dictus
1767 1256 2003 1364 Philippotus
2014 1259 2061 1361 in
2076 1261 2347 1373 quinquaginta

758 1368 823 1411 Μ’
920 1392 1044 1482 libris,
1061 1390 1169 1468 dictis
1187 1390 1386 1499 religiosis,
1404 1418 1475 1498 pro
1492 1391 1643 1499 injuriis
1653 1388 1849 1495 predictis,
1865 1406 1904 1466 et
1917 1390 1957 1465 in
1969 1392 2124 1498 triginta
2139 1389 2260 1484 libris,
2274 1426 2345 1504 pro

919 1522 1041 1601 valore
1056 1522 1144 1599 dicti
1161 1522 1261 1628 equi,
1278 1537 1316 1598 et
1330 1520 1452 1631 nobis,
1469 1550 1537 1628 pro
1555 1519 1715 1599 emenda
1729 1539 1867 1614 nostra,
1885 1521 1925 1596 in
1943 1538 2095 1600 centum
2109 1523 2216 1603 libris
2230 1528 2348 1606 'l’uro

917 1654 1110 1743 nensibus3
1122 1653 1246 1730 dictus
1254 1650 1372 1729 eciam
1385 1651 1561 1741 Guiotus,
1573 1649 1751 1757 predictis
1763 1650 1958 1759 religiosis,
1969 1682 2039 1759 pro
2054 1653 2345 1764 dictisdampnis

916 1810 1072 1864 suorum
1086 1784 1346 1873 nemorum,in
1357 1783 1627 1892 quinquaginta
1640 1782 1748 1860 libris
1761 1799 1799 1860 et
1810 1784 1935 1873 nobis,
1947 1812 2015 1890 pro
2031 1787 2193 1863 emenda
2204 1805 2339 1883 nostra,

915 1917 954 1993 in
973 1931 1125 1993 centum
1144 1914 1251 1992 libris
1266 1914 1557 1991 Turonensibus
1577 1913 1843 2019 condempnati
1860 1912 2028 1992 suerunt.

970 2046 1147 2125 Mercurii
1162 2062 1246 2153 post
1260 2044 1547 2123 Penthecosten.

969 2178 1133 2287 Mangon
1146 2176 1360 2285 reportavit.

967 2440 1156 2516 LXXXIX.
1188 2440 1269 2516 Lite
1290 2453 1392 2515 mota
1411 2438 1509 2514 inter
1526 2436 1712 2513 decanum
1738 2452 1776 2514 et
1793 2436 2002 2549 capitulum
2024 2439 2175 2517 ecclesie
2194 2442 2336 2519 Sancti-

830 2606 835 2615 ·
909 2568 1117 2646 Florentini
1139 2568 1186 2646 de
1209 2570 1326 2674 Roya,
1354 2592 1398 2651 ex
1417 2584 1523 2672 parte
1542 2594 1634 2653 una,
1662 2583 1700 2643 et
1724 2567 1921 2676 majorem,
1938 2568 2145 2679 juratoset
2168 2570 2334 2650 scabinos

909 2702 1123 2777 communie
1137 2697 1184 2776 de
1200 2702 1302 2807 Roya
1317 2725 1359 2777 ac
1372 2697 1617 2776 castellanum
1634 2697 1723 2774 dicti
1739 2696 1830 2790 loci,
1843 2727 1886 2775 er
1902 2698 2032 2790 altera,
2045 2726 2215 2807 supereo
2229 2704 2333 2808 quod

907 2829 996 2907 dicti
1015 2830 1180 2913 decanus
1195 2849 1233 2908 et
1248 2830 1455 2937 capitulum
1473 2829 1650 2907 dicebant
1663 2829 1785 2934 quod,
1802 2830 1954 2907 interra
1969 2832 2336 2911 sacraeidemeccle·

905 2960 958 3037 sie
980 2959 1152 3069 contigua
1173 2976 1212 3038 et
1235 2961 1305 3038 sita
1323 2962 1417 3038 circa
1438 2960 1577 3050 dictam
1597 2958 1792 3062 ecclesiam
1821 2977 1858 3036 et
1884 2960 1932 3036 ad
1956 2962 2116 3039 eandem
2140 2963 2332 3041 ecclesiam

904 3092 1132 3197 pertinente,
1153 3092 1329 3171 videlicet
1347 3093 1387 3169 in
1407 3091 1494 3170 loco
1509 3092 1574 3199 qui
1595 3107 1749 3169 vocatur
1763 3090 1944 3185 Coretum
1963 3092 2330 3183 Sancti-Florentini,

904 3249 990 3299 cum
1012 3224 1170 3301 circuitu
1187 3223 1365 3330 contiguo
1390 3222 1516 3300 eidem
1537 3239 1576 3299 et
1594 3222 1691 3299 circa
1710 3222 1920 3329 appenticia
1941 3223 2113 3332 contigua
2129 3223 2253 3300 eidem
2269 3250 2330 3301 ec-

903 3352 1015 3429 clesie
1036 3369 1073 3429 et
1094 3354 1277 3461 injuncta,
1299 3368 1438 3474 terram
1459 3380 1536 3458 que
1558 3352 1658 3429 inter
1678 3352 1898 3459 columpnas
1917 3354 1992 3428 sive
2009 3350 2140 3457 pileria
2160 3352 2208 3428 de
2226 3377 2325 3430 novo

901 3479 1072 3560 edificata
1085 3484 1124 3561 in
1140 3484 1237 3561 dicta
1252 3482 1423 3572 ecclesia,
1437 3479 1528 3560 dicti
1543 3482 1674 3590 major,
1688 3482 1820 3590 jurati,
1835 3480 1972 3559 scabini
1985 3499 2022 3558 et
2035 3480 2257 3559 castellanus
2272 3481 2321 3559 de

899 3613 1000 3720 Roya
1025 3614 1158 3720 placita
1182 3630 1328 3705 tenere,
1350 3628 1577 3705 mercaturas
1599 3628 1638 3691 et
1661 3612 1729 3690 alia
1754 3612 1882 3691 illicita
1900 3638 2066 3691 exercere
2085 3610 2262 3689 dicuntur
2281 3630 2322 3690 et
2357 3638 2367 3648 ’

897 3742 1007 3851 plura
1026 3744 1097 3823 alia
1117 3773 1185 3853 per
1206 3774 1281 3853 que
1300 3742 1471 3823 diuinum
1493 3745 1693 3823 servicium
1710 3745 1755 3821 in'
1771 3744 1869 3821 dicta
1893 3743 2045 3821 ecclesia
2061 3741 2321 3848 multipliciter

895 3876 1115 3983 impeditur,
1132 3904 1249 3986 quare
1264 3878 1442 3986 petebant
1456 3877 1697 3983 pronunciari
1710 3875 1879 3982 predicta
1894 3875 1975 3955 loca
1988 3874 2176 3982 pertinere
2192 3872 2241 3949 ad
2262 3901 2321 3952 ec-

895 4005 1047 4085 clesiam
1066 4008 1273 4115 predictam
1296 4027 1332 4087 et
1353 4036 1433 4087 esse
1451 4009 1498 4085 de
1517 4008 1748 4115 appendiciis
1769 4024 1807 4083 et
1825 4006 2066 4113 pertinenciis
2085 4004 2241 4082 ecclesie
2260 4032 2320 4081 su-

892 4136 1080 4242 pradicte;
1109 4136 1218 4218 dictis
1246 4140 1407 4248 majore,
1425 4140 1579 4248 juratis,
1606 4138 1767 4217 scabinis
1791 4166 1834 4213 ac
1862 4137 2062 4215 castellano
2089 4135 2316 4214 contrarium

892 4266 1141 4347 asserentibus
1156 4288 1194 4347 et
1212 4270 1320 4377 plura
1335 4269 1383 4348 ad
1402 4268 1461 4349 sui
1482 4268 1742 4349 defensionem
1759 4267 2056 4375 proponentibus
2069 4292 2194 4345 coram
2215 4292 2315 4343 com·

891 4396 1069 4478 missariis
1081 4428 1150 4508 per
1164 4430 1234 4479 nos
1248 4402 1296 4480 ad
1310 4402 1384 4479 hoc
1398 4401 1602 4508 deputatis,
1617 4401 1701 4508 qui,
1716 4400 1865 4506 cognito
1880 4401 1928 4477 de
1942 4400 2148 4507 premissis,
2167 4425 2313 4475 causam

889 4524 1106 4608 instructam
1121 4561 1234 4640 super
1249 4525 1321 4611 boc
1335 4533 1437 4611 curie
1450 4549 1576 4610 nostre
1588 4534 1814 4610 remiserunt
1824 4530 2067 4639 judicandam
2078 4529 2186 4609 rVisis
2199 4528 2312 4635 igitur

887 4655 1057 4763 inquesta
1083 4680 1120 4739 et
1143 4692 1319 4769 processu
1341 4689 1455 4770 super
1479 4665 1553 4742 boc
1579 4661 1684 4739 factis
1705 4678 1743 4739 et
1764 4661 1963 4771 diligenter
1986 4660 2220 4745 examinatis,
2239 4684 2308 4761 per

886 4787 988 4865 curie
1003 4806 1129 4869 nostre
1139 4792 1339 4901 judicium,
1356 4792 1428 4872 fuit
1442 4792 1587 4876 dictum
1601 4791 1779 4902 premissa
1793 4792 1965 4898 superius
1982 4789 2188 4899 specificata
2198 4786 2307 4895 perti·

885 4940 975 4995 nere
990 4918 1038 4995 ad
1053 4920 1190 4999 dictam
1208 4923 1401 5001 ecclesiam
1420 4924 1468 5001 de
1487 4926 1608 5033 Roya,
1626 4922 1804 5029 predictis
1818 4923 1967 5031 majori,
1985 4922 2160 5012 scabinis,
2170 4917 2306 5029 juratis

883 5074 926 5123 ac
940 5048 1139 5129 castellano
1156 5049 1332 5159 deRoya,
1348 5055 1549 5161 superbiis
1568 5078 1642 5162 que
1662 5051 1702 5129 in
1718 5052 1828 5131 dictis
1847 5053 1939 5131 locis
1953 5052 2168 5131 asserebant
2186 5077 2225 5127 se
2236 5048 2307 5123 ba-

881 5175 990 5271 bere,
1011 5198 1234 5287 perpetuum
1256 5181 1452 5259 silencium
1473 5182 1716 5291 imponendo,

938 5308 1114 5389 Mercurii
1133 5309 1310 5421 predicta.

935 5440 1040 5531 Creci
1062 5442 1272 5567 reportavit.
