5817 7292
870 1106 942 1179 356
1342 1113 1351 1126 ‘
1451 1111 1542 1184 LES
1571 1111 1711 1184 OLIM.

644 1257 774 1312 num
786 1257 830 1319 lv,
868 1248 1038 1328 mulieris
1056 1251 1096 1347 in
1115 1253 1232 1330 dorno
1252 1251 1452 1359 episcopali
1471 1253 1706 1341 Nivernensi‚
1732 1255 1771 1331 in
1791 1283 1866 1361 qua
1890 1254 2013 1333 dictus
2033 1257 2228 1363 episcopus
2249 1277 2286 1336 et

705 1349 775 1436 Μ’·
869 1378 949 1485 ejus
964 1381 1133 1462 officietis
1145 1382 1447 1490 jurisdictionem
1469 1413 1574 1462 sunm
1594 1383 1879 1463 ecclesiasticam
1898 1414 2071 1463 exercere
2085 1415 2286 1466 consueve-

867 1529 971 1600 mut,
988 1523 1229 1590 arrestessent
1243 1531 1282 1590 et
1296 1531 1493 1592 arrestatos
1506 1531 1696 1603 tenerent,
1713 1516 1801 1621 quia
1818 1517 1918 1623 ipsos
1931 1516 2108 1626 gentibus
2124 1518 2212 1598 dicti
2225 1548 2288 1597 co-

866 1642 970 1720 mitis
981 1671 1046 1720 eos
1058 1644 1337 1750 requirentibus
1347 1645 1557 1723 deliberare
1573 1641 1792 1738 noluerunt,
1805 1648 1884 1753 ipse
1896 1665 2028 1756 gentes
2038 1649 2128 1725 dicti
2140 1649 2287 1727 comitis

866 1773 1079 1879 persillum
1100 1775 1364 1852 Nivernensem
1384 1774 1537 1881 publice
1562 1777 1790 1880 preconizari
1815 1796 1853 1856 et
1871 1777 2093 1884 proclamari
2115 1779 2287 1857 feceruut

866 1906 971 2011 quod
987 1935 1120 1984 omnes
1134 1905 1189 1983 illi
1206 1906 1255 1984 de
1273 1906 1378 1994 ville,
1394 1906 1466 1982 sub
1482 1935 1578 2010 pena
1593 1905 1640 1983 de
1657 1905 1692 1982 le
1708 1909 1808 1999 hart,
1822 1909 1862 1984 in
1875 1910 2103 2017 adjutorium
2116 1911 2287 1989 venirent

867 2037 1014 2114 comitis
1026 2039 1243 2128 memorati3
1258 2067 1333 2144 qua
1346 2037 1650 2144 preconizacione
1667 2037 1720 2114 sic
1734 2067 1778 2114 ex
1791 2043 1898 2145 parte
1911 2040 2000 2118 dicti
2014 2041 2160 2118 comitis
2174 2040 2282 2129 sacta,

866 2184 996 2276 gentes
1006 2168 1096 2246 dicti
1113 2170 1275 2259 comitis,
1291 2186 1511 2276 congregata
1525 2167 1772 2245 multitudine
1786 2171 1918 2277 populi
1934 2171 2181 2262 Nivernensis,
2196 2200 2281 2248 cum

867 2299 1021 2377 diversis
1033 2329 1224 2378 armorum
1239 2300 1458 2410 generibus,
1476 2307 1561 2377 ante
1574 2316 1718 2405 portam
1736 2299 1873 2380 domus
1886 2301 2103 2409 episcopalis
2116 2301 2282 2408 predicte

866 2450 1067 2520 venerunt,
1079 2450 1118 2509 et
1129 2433 1342 2539 prepositus
1351 2450 1480 2508 noster
1494 2431 1733 2524 Senonensis,
1746 2461 1912 2511 asserens
1924 2462 1974 2524 se,
1988 2463 2030 2510 ex
2039 2449 2141 2540 parte
2156 2450 2283 2511 nostru
2380 2524 2381 2527 Ἴ

866 2580 905 2638 et
922 2569 1140 2669 pergentes
1154 2569 1310 2640 nostres
1333 2563 1476 2638 adhoc
1500 2591 1519 2639 a
1545 2562 1655 2640 nobis
1676 2563 1870 2670 deputatus
1892 2566 1940 2642 ad
1963 2565 2225 2643 collectionem
2247 2581 2283 2641 et

866 2692 1094 2770 levccionem
1120 2691 1312 2770 decimalis
1332 2691 1491 2770 subsidii
1513 2707 1551 2768 et
1571 2692 1763 2770 annalium
1786 2693 2121 2772 ecclesiasticorum
2139 2694 2284 2772 benefi-

864 2829 1009 2906 ciorum
1026 2830 1137 2906 nobis
1152 2829 1200 2904 ab
1215 2826 1418 2934 apostolica
1433 2826 1523 2904 sede
1531 2855 1818 2920 concessorum,
1834 2828 2057 2936 deputatum
2074 2855 2169 2917 esse,
2185 2825 2284 2904 etde

866 2959 938 3037 boc
954 2960 1115 3037 offerens
1124 2989 1167 3037 se
1180 2959 1300 3037 iecere
1316 2975 1532 3066 prumptem
1540 2958 1670 3049 fidem,
1686 2987 1856 3038 esserens
1872 2960 1991 3038 eciem
2002 2959 2117 3067 quod,
2134 2975 2287 3066 propter

867 3092 1057 3170 defectum
1072 3090 1382 3181 solucionis'dicti
1400 3089 1595 3166 decimalis
1610 3089 1788 3180 subsidii,
1809 3091 1888 3198 ipse
1905 3092 2062 3169 domum
2080 3089 2286 3197 predictam

867 3244 905 3303 et
919 3224 1046 3302 omnia
1060 3224 1160 3301 bone
1174 3222 1265 3299 dicti
1281 3221 1445 3328 episcopi
1460 3220 1508 3298 ed
1524 3250 1680 3298 menum
1694 3241 1860 3300 nostram
1875 3239 2052 3328 posuerat
2063 3239 2100 3298 et
2113 3221 2282 3308 tenebat,

866 3358 920 3434 eis
936 3355 1123 3443 inhibuit,
1141 3383 1184 3430 ex
1201 3371 1304 3460 purte
1318 3370 1461 3440 nostra,
1479 3380 1528 3428 ne
1542 3351 1687 3458 aliquid
1701 3353 1957 3430 forisfacerent
1971 3352 2103 3428 domui
2115 3350 2283 3456 predicte

867 3485 923 3563 vei
939 3483 1158 3562 honisdicti
1174 3483 1339 3590 episcopi
1359 3481 1603 3596 existentibus
1620 3482 1660 3558 in
1675 3481 1758 3573 illa;
1781 3499 1818 3558 et
1833 3480 1996 3559 similem
2012 3477 2283 3556 inbibicionem

863 3616 1037 3693 fecerunt
1054 3616 1107 3694 eis
1124 3631 1287 3722 quotuor
1304 3614 1352 3690 de
1367 3614 1620 3691 servientibus
1634 3613 1771 3690 nostris
1788 3613 1836 3690 ad
1850 3612 1968 3719 ipsius
1982 3610 2144 3716 episcopi
2162 3627 2200 3686 et
2218 3609 2284 3687 bo·

865 3775 1002 3826 norum
1023 3745 1181 3825 suorum
1204 3745 1414 3823 ctsstodiam
1436 3772 1480 3821 ex
1498 3762 1602 3850 parte
1621 3760 1749 3822 nostre
1767 3743 1954 3850 deputati,
1975 3740 2284 3830 ostendenteseis

864 3897 1011 3957 nostras
1039 3877 1229 3956 etbellivi
1258 3876 1377 3955 nostri
1401 3875 1645 3978 bituricensis
1672 3874 1813 3952 litteras
1844 3902 1958 3981 super
1981 3874 2055 3951 boc
2075 3870 2283 3961 consectesr

863 4039 937 4116 qua
960 4010 1193 4110 inhibicione
1221 4036 1298 4086 non
1327 4009 1525 4097 obstante,
1555 4006 1645 4083 dicti
1674 4007 1822 4083 comitis
1843 4021 1993 4114 gentes,
2015 4002 2287 4111 respondentes

863 4140 984 4246 quod,
996 4158 1149 4247 propter
1160 4169 1294 4219 eorum
1306 4138 1602 4227 inhibicionem,
1616 4137 1734 4214 nichil
1747 4137 1927 4228 facerent,
1941 4165 2027 4213 cum
2037 4133 2284 4212 multitudiue

864 4271 1030 4377 predicta
1054 4290 1180 4379 portas
1199 4271 1298 4350 dicte
1319 4273 1455 4349 domus
1474 4269 1660 4348 violenter
1682 4267 1889 4377 fregerunt,
1913 4269 2107 4374 ipsamque
2129 4265 2285 4343 domum

862 4402 1109 4494 intraverunt,
1128 4421 1184 4492 et,
1199 4403 1323 4481 fractis
1339 4432 1406 4510 per
1418 4431 1484 4480 eos
1495 4401 1628 4479 hostiis
1640 4402 1797 4478 carceris
1810 4400 1849 4476 in
1860 4429 1936 4507 quo
1953 4400 2042 4476 dicti
2058 4397 2184 4475 clerici
2198 4394 2287 4474 deti-

861 4532 1059 4622 nebantur,
1081 4534 1181 4639 ipsos
1198 4551 1437 4612 extraxerunt
1450 4533 1496 4610 ab
1514 4560 1578 4621 ec,
1602 4548 1640 4609 et
1661 4532 1709 4609 ed
1726 4531 1884 4609 domum
1903 4531 1992 4609 dicti
2008 4527 2156 4607 comitis
2172 4527 2287 4605 duxe-

861 4681 968 4754 ruut,
992 4682 1029 4741 et
1048 4666 1316 4758 detinuerunt;
1334 4695 1422 4755 nos,
1446 4666 1493 4742 de
1514 4664 1695 4771 predictis
1713 4664 1907 4752 omnibus,
1930 4663 2124 4740 veritatem
2145 4657 2284 4765 inquiri

861 4795 1119 4874 mandavimus
1136 4825 1207 4904 per
1225 4814 1346 4876 certos
1370 4795 1645 4878 commissarios
1665 4812 1831 4884 nostros,
1854 4821 1978 4872 coram
1998 4792 2137 4901 quibus
2163 4788 2285 4866 dictus

861 4955 988 5008 comes
1004 4927 1126 5005 adsui
1144 4928 1404 5008 defensionem
1424 4929 1622 5036 proposuit
1637 4927 1746 5034 plura
1761 4925 1867 5004 secta:
1883 4925 1970 5007 Visa
1988 4925 2101 5033 igitur
2115 4922 2286 5027 inqueste

859 5059 1066 5164 superbiis
1089 5060 1137 5136 de
1156 5063 1334 5140 mandato
1353 5078 1483 5140 nostro
1503 5060 1614 5149 secte,
1642 5059 1729 5138 visis
1750 5059 1867 5136 eciam
1888 5057 2088 5166 diligenter
2107 5052 2286 5132 omnibus

858 5219 934 5298 que
951 5190 1073 5268 dictus
1087 5219 1213 5269 comes
1227 5221 1439 5300 proponere
1454 5193 1574 5270 voluit
1589 5219 1714 5270 coram
1731 5188 1995 5268 cornmissariis
2011 5185 2206 5293 predictis,
2218 5211 2286 5289 per

830 5384 836 5396 ,,
858 5321 963 5399 curie
976 5337 1104 5400 nostre
1112 5321 1317 5429 judicium,
1335 5323 1458 5400 dictus
1472 5351 1600 5400 comes
1607 5321 1680 5399 tuit
1696 5323 1736 5399 in
1747 5338 1911 5428 quatuor
1922 5317 2093 5397 millibus
2101 5315 2283 5393 librarum

859 5455 1144 5534 Turonensium
1160 5453 1270 5534 nobis
1290 5483 1357 5562 pro
1375 5454 1537 5531 emenda
1559 5470 1702 5542 nostra,
1726 5470 1764 5530 et
1779 5453 1818 5528 in
1835 5450 1942 5528 mille
1963 5448 2285 5527 libris'Turonen-
