5817 7292
1041 1121 1313 1229 nuoutrrs
1338 1139 1404 1210 rr
1429 1121 1639 1212 procus.
1973 1141 2048 1212 275

624 1301 708 1360 tum
723 1309 793 1358 nec
806 1281 1017 1388 reperiatur
1031 1281 1153 1357 dictos
1167 1279 1343 1358 consules
1361 1278 1487 1386 aliqua
1501 1305 1613 1385 super
1626 1278 1700 1358 hoc
1715 1296 1844 1384 postea
1857 1281 2049 1388 privilegia
2090 1291 2220 1347 Pnuun
2231 1291 2273 1354 tv,

624 1412 864 1521 produxisse,
880 1439 951 1518 per
967 1411 1070 1488 curie
1090 1427 1216 1489 nostre
1231 1410 1439 1520 judicium,
1459 1410 1600 1488 dictum
1616 1409 1688 1487 fuit
1705 1426 1743 1488 et
1757 1411 2046 1517 pronunciatum
2149 1383 2211 1428 Μ’

624 1544 729 1651 quod
748 1543 916 1649 predicta
935 1542 1231 1649 condempnacio
1250 1542 1489 1621 mandabitur
1509 1542 1735 1620 execucioui.

681 1673 846 1752 Sabbato
861 1691 949 1780 post
967 1672 1229 1779 Epiphaniam.

681 1801 885 1882 Mellentus
903 1803 1114 1909 reportavit.

680 1936 738 2013 De
752 1934 834 2013 istis
852 1951 1017 2040 quatuor
1031 1932 1204 2011 millibus
1219 1935 1342 2023 libris,
1357 1935 1405 2012 ad
1425 1963 1518 2043 quas
1531 1952 1708 2013 tenentur
1722 1963 1789 2044 per
1809 1936 1947 2012 dictam
1962 1963 2049 2013 con-

624 2065 937 2171 dempnaciouem
960 2063 1136 2141 consules
1157 2065 1439 2143 Montis-Domo
1453 2083 1582 2170 postea
1596 2067 1696 2172 apud
1712 2065 1893 2154 Carbant,
1916 2067 1955 2142 in
1969 2093 2049 2174 pre-

624 2195 747 2272 sencia
773 2194 917 2272 domini
943 2196 1078 2302 Regis,
1102 2212 1322 2302 preceptum
1351 2195 1423 2272 fuit
1444 2223 1513 2302 per
1536 2198 1677 2274 curiam
1700 2215 1738 2274 et
1761 2198 2048 2304 pronunciatum

623 2324 728 2432 quod
746 2325 844 2402 dictu
855 2353 1005 2402 summa
1020 2325 1069 2402 ab
1086 2325 1141 2403 eis
1161 2326 1306 2404 letetur
1317 2353 1387 2432 per
1399 2328 1583 2406 terminos
1603 2346 1876 2435 competentes,
1894 2357 1915 2404 a
1930 2353 2050 2406 senes

622 2457 717 2534 calio
737 2457 1029 2563 Petrugorieensi
1050 2457 1288 2547 statuendos,
1307 2455 1345 2534 et
1362 2486 1431 2563 per
1449 2485 1603 2536 manum
1624 2460 1742 2565 ipsius
1762 2457 1995 2567 expendatur
2009 2459 2048 2535 in

622 2587 826 2664 refectione
851 2603 890 2664 et
909 2588 1152 2665 edificacione
1173 2587 1343 2666 clausure
1362 2590 1528 2666 turrium
1550 2605 1588 2666 et
1608 2591 1733 2693 pontis
1752 2589 1839 2666 ville
1862 2591 2045 2697 predicte,

623 2734 738 2822 prout
752 2716 876 2793 eidem
896 2716 1101 2795 senescallo
1120 2719 1311 2794 videbitur
1328 2719 1515 2822 expedire.

679 2847 844 2924 Sabbato
862 2865 948 2951 post
967 2848 1146 2924 Sanctum
1161 2847 1381 2955 Georgium.

678 3109 721 3183 ss.
754 3107 852 3184 Cum
871 3122 975 3184 mota
1001 3106 1135 3183 fuisset
1159 3106 1347 3184 discordia
1373 3107 1412 3183 in
1437 3109 1538 3185 curia
1560 3121 1688 3185 nostra
1710 3109 1809 3186 inter
1831 3107 2048 3216 episcopum

624 3239 932 3325 Laudunensem,
955 3265 998 3314 ex
1020 3265 1096 3314 una
1115 3254 1238 3342 parte,
1266 3254 1305 3314 et
1331 3237 1515 3345 majorem
1539 3254 1577 3314 et
1590 3239 1738 3344 juratos
1762 3241 1976 3316 communic
2001 3241 2048 3316 de

622 3369 806 3461 Brueriis,
824 3395 869 3445 ex
884 3367 1016 3457 altere,
1034 3394 1148 3474 super
1166 3393 1213 3444 eo
1234 3367 1342 3474 quod
1360 3365 1450 3445 dicti
1465 3369 1585 3476 major
1605 3384 1642 3446 et
1656 3368 1772 3475 jurati
1787 3372 2050 3476 proponebant

622 3527 692 3608 pro
712 3527 751 3578 se
776 3517 815 3576 et
833 3525 903 3606 pro
923 3497 1023 3576 dicta
1042 3498 1259 3575 communia
1277 3515 1407 3575 contra
1426 3499 1639 3605 predictum
1662 3497 1899 3604 episcopum,
1925 3501 2048 3606 ipsum

622 3632 849 3739 seposuisse
872 3631 1011 3738 injuste
1031 3630 1070 3705 in
1093 3629 1227 3708 saisina
1247 3629 1413 3707 habendi
1435 3631 1693 3735 cognicionem
1716 3629 1916 3708 hominurn
1931 3630 2049 3738 ipsius

624 3762 788 3868 episcopi
815 3761 864 3836 dc
886 3787 1043 3867 corpore
1070 3777 1263 3866 captomm
1290 3761 1329 3836 in
1353 3759 1519 3867 presenti
1542 3760 1701 3867 melieya
1725 3758 1765 3835 iu
1784 3760 1927 3835 vilitat
1946 3787 2048 3838 com-

625 3891 756 3967 munia
775 3891 823 3968 de
846 3891 1032 3979 Brueriis,
1054 3890 1143 3997 quia
1164 3891 1213 3967 ad
1234 3891 1425 3996 predictos
1449 3891 1631 3998 majorem
1659 3907 1696 3966 et
1710 3891 1855 3997 juratos
1880 3887 2047 3996 cognicio

559 4075 568 4094 ,
624 4020 825 4098 hominum
839 4020 1099 4127 predictorum
1112 4038 1324 4129 captorum,
1338 4023 1381 4098 in
1392 4021 1559 4128 presenti
1577 4019 1726 4098 melleis
1739 4017 1879 4097 invilla
1893 4035 1930 4096 et
1945 4044 2047 4096 com-

625 4151 755 4229 munia
776 4150 956 4258 predictis
972 4151 1201 4258 pertinebat,
1223 4167 1268 4228 ut
1288 4151 1483 4240 dicebant3
1506 4151 1677 4257 predicto
1697 4149 1872 4256 episcopo
1894 4148 1967 4226 hoc
1983 4175 2048 4226 ue-

624 4300 750 4389 gaute,
766 4299 806 4359 et
820 4281 860 4357 iu
875 4281 1104 4359 contrarium
1118 4299 1354 4389 proponente
1374 4311 1415 4359 se
1435 4309 1516 4360 erse
1533 4283 1633 4389 juste
1654 4282 1693 4359 in
1712 4281 1845 4359 saisina
1857 4279 2046 4387 predicta:

625 4414 815 4506 Tandem,
833 4413 973 4490 auditis
991 4413 1162 4521 parcium
1184 4412 1400 4490 rationibus
1418 4413 1508 4490 hinc
1534 4429 1573 4490 et
1595 4409 1699 4500 inde,
1722 4429 1760 4490 et
1778 4412 1853 4489 visa
1879 4411 2049 4517 inquesta

625 4571 740 4651 super
751 4543 960 4650 premissis,
976 4542 1025 4621 de
1039 4544 1218 4621 mandato
1231 4545 1336 4621 curie
1347 4561 1476 4622 nostre
1490 4543 1601 4636 saeta,
1617 4544 1694 4621 visa
1711 4541 1828 4620 eciam
1841 4559 1937 4618 carta
1955 4567 2050 4620 com·

626 4677 758 4754 munie
772 4675 962 4782 predicte,
979 4676 1268 4783 pronunciatum
1290 4674 1380 4765 fuit,
1397 4701 1466 4782 per
1489 4676 1591 4753 curie
1608 4691 1734 4753 nostre
1744 4672 1946 4780 judicium,
1963 4697 2049 4779 pre-

626 4805 771 4884 dictum
791 4806 1012 4913 episcopum
1032 4805 1171 4884 debere
1190 4833 1386 4884 remanere
1404 4808 1443 4884 in
1463 4806 1597 4886 saisim
1616 4835 1683 4884 sua
1702 4805 1885 4913 predicta,
1907 4822 1961 4897 et,
1984 4828 2050 4911 per

624 4937 727 5016 idem
744 4937 932 5045 judicium
951 4935 1149 5016 absolutus
1170 4937 1246 5015 fuit
1264 4938 1387 5016 dictus
1407 4939 1605 5047 episcopus
1629 4939 1677 5014 ab
1700 4936 1943 5042 impetitione
1967 4959 2050 5040 pre·

625 5069 722 5147 dicta
742 5069 895 5178 majoris
916 5087 955 5146 et
969 5068 1182 5176 juratorum
1200 5068 1468 5176 predictorum.

679 5199 876 5278 Dominica
894 5216 981 5306 post
999 5199 1150 5277 octabas
1172 5199 1394 5306 Epiphanie.

681 5332 907 5440 Pasquerius
926 5331 1138 5437 reportavit.
