<?xml version="1.0" encoding="UTF-8"?>
<!DOCTYPE html PUBLIC "-//W3C//DTD XHTML 1.0 Transitional//EN"
    "http://www.w3.org/TR/xhtml1/DTD/xhtml1-transitional.dtd">
<html xmlns="http://www.w3.org/1999/xhtml" xml:lang="en" lang="en">
 <head>
  <title>
</title>
<meta http-equiv="Content-Type" content="text/html;charset=utf-8" />
  <meta name='ocr-system' content='tesseract 3.04.00' />
  <meta name='ocr-capabilities' content='ocr_page ocr_carea ocr_par ocr_line ocrx_word'/>
</head>
<body>
  <div class='ocr_page' id='page_1' title='image "./lesolimouregist00pargoog_0753.png"; bbox 0 0 5817 7292; ppageno 0'>
   <div class='ocr_carea' id='block_1_1' title="bbox 1028 1092 2028 1204">
    <p class='ocr_par' dir='ltr' id='par_1_1' title="bbox 1028 1092 2028 1204">
     <span class='ocr_line' id='line_1_1' title="bbox 1028 1092 2028 1204; baseline 0.006 -17"><span class='ocrx_word' id='word_1_1' title='bbox 1028 1092 1295 1204; x_wconf 75' lang='lat' dir='ltr'>suoulrrs</span> <span class='ocrx_word' id='word_1_2' title='bbox 1321 1114 1384 1187; x_wconf 86' lang='lat' dir='ltr'>nr</span> <span class='ocrx_word' id='word_1_3' title='bbox 1412 1097 1618 1189; x_wconf 71' lang='lat' dir='ltr'>esoces.</span> <span class='ocrx_word' id='word_1_4' title='bbox 1960 1120 2028 1193; x_wconf 80' lang='lat' dir='ltr'>ost</span> 
     </span>
    </p>
   </div>
   <div class='ocr_carea' id='block_1_2' title="bbox 608 1254 2263 4071">
    <p class='ocr_par' dir='ltr' id='par_1_2' title="bbox 608 1254 2263 3967">
     <span class='ocr_line' id='line_1_2' title="bbox 669 1254 2263 1369; baseline 0.001 -35"><span class='ocrx_word' id='word_1_5' title='bbox 669 1256 746 1334; x_wconf 88' lang='lat' dir='ltr'>XX.</span> <span class='ocrx_word' id='word_1_6' title='bbox 777 1254 875 1335; x_wconf 89' lang='lat' dir='ltr'>Cum</span> <span class='ocrx_word' id='word_1_7' title='bbox 886 1254 927 1331; x_wconf 92' lang='lat' dir='ltr'>in</span> <span class='ocrx_word' id='word_1_8' title='bbox 942 1254 1045 1333; x_wconf 88' lang='lat' dir='ltr'>curia</span> <span class='ocrx_word' id='word_1_9' title='bbox 1059 1256 1107 1334; x_wconf 88' lang='lat' dir='ltr'>de</span> <span class='ocrx_word' id='word_1_10' title='bbox 1120 1254 1395 1363; x_wconf 85' lang='lat' dir='ltr'>Gysenecourt,</span> <span class='ocrx_word' id='word_1_11' title='bbox 1414 1282 1484 1361; x_wconf 90' lang='lat' dir='ltr'>per</span> <span class='ocrx_word' id='word_1_12' title='bbox 1501 1254 1677 1333; x_wconf 89' lang='lat' dir='ltr'>homines</span> <span class='ocrx_word' id='word_1_13' title='bbox 1692 1254 1847 1333; x_wconf 91' lang='lat' dir='ltr'>domine</span> <span class='ocrx_word' id='word_1_14' title='bbox 1860 1256 1911 1335; x_wconf 89' lang='lat' dir='ltr'>de</span> <span class='ocrx_word' id='word_1_15' title='bbox 1925 1258 2038 1369; x_wconf 84' lang='lat' dir='ltr'>Croy·</span> <span class='ocrx_word' id='word_1_16' title='bbox 2074 1268 2204 1327; x_wconf 68' lang='lat' dir='ltr'>sunm·</span> <span class='ocrx_word' id='word_1_17' title='bbox 2218 1271 2263 1336; x_wconf 77' lang='lat' dir='ltr'>rt,</span> 
     </span>
     <span class='ocr_line' id='line_1_3' title="bbox 614 1362 2196 1495; baseline 0.002 -30"><span class='ocrx_word' id='word_1_18' title='bbox 614 1387 738 1479; x_wconf 88' lang='lat' dir='ltr'>silles,</span> <span class='ocrx_word' id='word_1_19' title='bbox 759 1386 970 1494; x_wconf 86' lang='lat' dir='ltr'>judicantes</span> <span class='ocrx_word' id='word_1_20' title='bbox 995 1386 1035 1462; x_wconf 93' lang='lat' dir='ltr'>in</span> <span class='ocrx_word' id='word_1_21' title='bbox 1064 1386 1162 1465; x_wconf 86' lang='lat' dir='ltr'>dicta</span> <span class='ocrx_word' id='word_1_22' title='bbox 1185 1384 1310 1480; x_wconf 84' lang='lat' dir='ltr'>curin,</span> <span class='ocrx_word' id='word_1_23' title='bbox 1336 1386 1413 1467; x_wconf 85' lang='lat' dir='ltr'>viso</span> <span class='ocrx_word' id='word_1_24' title='bbox 1439 1413 1615 1492; x_wconf 86' lang='lat' dir='ltr'>processu</span> <span class='ocrx_word' id='word_1_25' title='bbox 1632 1384 1731 1465; x_wconf 87' lang='lat' dir='ltr'>lacto</span> <span class='ocrx_word' id='word_1_26' title='bbox 1755 1385 1853 1465; x_wconf 87' lang='lat' dir='ltr'>inter</span> <span class='ocrx_word' id='word_1_27' title='bbox 1877 1388 2036 1495; x_wconf 82' lang='lat' dir='ltr'>Stepha-</span> <span class='ocrx_word' id='word_1_28' title='bbox 2133 1362 2196 1408; x_wconf 57' lang='grc' dir='ltr'>Μ’</span> 
     </span>
     <span class='ocr_line' id='line_1_4' title="bbox 613 1514 2034 1624; baseline 0.002 -29"><span class='ocrx_word' id='word_1_29' title='bbox 613 1546 706 1595; x_wconf 90' lang='lat' dir='ltr'>num</span> <span class='ocrx_word' id='word_1_30' title='bbox 719 1516 767 1593; x_wconf 92' lang='lat' dir='ltr'>de</span> <span class='ocrx_word' id='word_1_31' title='bbox 780 1516 975 1608; x_wconf 79' lang='lat' dir='ltr'>biautiler,</span> <span class='ocrx_word' id='word_1_32' title='bbox 993 1515 1232 1607; x_wconf 75' lang='lat' dir='ltr'>semiferum,</span> <span class='ocrx_word' id='word_1_33' title='bbox 1247 1544 1291 1597; x_wconf 85' lang='lat' dir='ltr'>ex</span> <span class='ocrx_word' id='word_1_34' title='bbox 1305 1544 1381 1595; x_wconf 88' lang='lat' dir='ltr'>una</span> <span class='ocrx_word' id='word_1_35' title='bbox 1394 1534 1518 1624; x_wconf 87' lang='lat' dir='ltr'>parte,</span> <span class='ocrx_word' id='word_1_36' title='bbox 1534 1534 1573 1595; x_wconf 88' lang='lat' dir='ltr'>et</span> <span class='ocrx_word' id='word_1_37' title='bbox 1590 1516 1789 1596; x_wconf 90' lang='lat' dir='ltr'>dominum</span> <span class='ocrx_word' id='word_1_38' title='bbox 1801 1514 1901 1593; x_wconf 90' lang='lat' dir='ltr'>dicte</span> <span class='ocrx_word' id='word_1_39' title='bbox 1916 1520 2034 1608; x_wconf 84' lang='lat' dir='ltr'>curie,</span> 
     </span>
     <span class='ocr_line' id='line_1_5' title="bbox 614 1647 2039 1756; baseline -0.001 -27"><span class='ocrx_word' id='word_1_40' title='bbox 614 1680 658 1729; x_wconf 86' lang='lat' dir='ltr'>ex</span> <span class='ocrx_word' id='word_1_41' title='bbox 678 1648 807 1740; x_wconf 87' lang='lat' dir='ltr'>altera,</span> <span class='ocrx_word' id='word_1_42' title='bbox 830 1676 944 1756; x_wconf 87' lang='lat' dir='ltr'>snper</span> <span class='ocrx_word' id='word_1_43' title='bbox 962 1677 1010 1727; x_wconf 90' lang='lat' dir='ltr'>eo</span> <span class='ocrx_word' id='word_1_44' title='bbox 1028 1647 1134 1756; x_wconf 91' lang='lat' dir='ltr'>quod</span> <span class='ocrx_word' id='word_1_45' title='bbox 1152 1649 1275 1727; x_wconf 88' lang='lat' dir='ltr'>dictus</span> <span class='ocrx_word' id='word_1_46' title='bbox 1291 1647 1444 1727; x_wconf 80' lang='lat' dir='ltr'><strong>scutifer</strong></span> <span class='ocrx_word' id='word_1_47' title='bbox 1463 1648 1684 1755; x_wconf 75' lang='lat' dir='ltr'>requisierat</span> <span class='ocrx_word' id='word_1_48' title='bbox 1701 1648 1807 1754; x_wconf 93' lang='lat' dir='ltr'>quod</span> <span class='ocrx_word' id='word_1_49' title='bbox 1826 1648 1950 1726; x_wconf 86' lang='lat' dir='ltr'>dictus</span> <span class='ocrx_word' id='word_1_50' title='bbox 1968 1648 2039 1727; x_wconf 94' lang='lat' dir='ltr'>do-</span> 
     </span>
     <span class='ocr_line' id='line_1_6' title="bbox 612 1778 2037 1890; baseline 0 -33"><span class='ocrx_word' id='word_1_51' title='bbox 612 1778 737 1859; x_wconf 89' lang='lat' dir='ltr'>minus</span> <span class='ocrx_word' id='word_1_52' title='bbox 760 1780 925 1857; x_wconf 92' lang='lat' dir='ltr'>eundem</span> <span class='ocrx_word' id='word_1_53' title='bbox 949 1780 1133 1887; x_wconf 88' lang='lat' dir='ltr'>reciperet</span> <span class='ocrx_word' id='word_1_54' title='bbox 1157 1780 1205 1858; x_wconf 84' lang='lat' dir='ltr'>ad</span> <span class='ocrx_word' id='word_1_55' title='bbox 1229 1780 1447 1890; x_wconf 75' lang='lat' dir='ltr'><strong>homagium</strong></span> <span class='ocrx_word' id='word_1_56' title='bbox 1469 1808 1581 1857; x_wconf 86' lang='lat' dir='ltr'>suurn</span> <span class='ocrx_word' id='word_1_57' title='bbox 1602 1779 1651 1856; x_wconf 90' lang='lat' dir='ltr'>de</span> <span class='ocrx_word' id='word_1_58' title='bbox 1668 1796 1768 1857; x_wconf 88' lang='lat' dir='ltr'>terra</span> <span class='ocrx_word' id='word_1_59' title='bbox 1791 1779 1869 1859; x_wconf 92' lang='lat' dir='ltr'>dou</span> <span class='ocrx_word' id='word_1_60' title='bbox 1887 1779 2037 1868; x_wconf 85' lang='lat' dir='ltr'>Kesnel,</span> 
     </span>
     <span class='ocr_line' id='line_1_7' title="bbox 609 1908 2038 2017; baseline 0 -30"><span class='ocrx_word' id='word_1_61' title='bbox 609 1922 687 2017; x_wconf 79' lang='lat' dir='ltr'>‘que</span> <span class='ocrx_word' id='word_1_62' title='bbox 701 1910 823 1987; x_wconf 87' lang='lat' dir='ltr'>luerat</span> <span class='ocrx_word' id='word_1_63' title='bbox 838 1909 966 1987; x_wconf 89' lang='lat' dir='ltr'>matris</span> <span class='ocrx_word' id='word_1_64' title='bbox 977 1938 1062 1999; x_wconf 89' lang='lat' dir='ltr'>sue,</span> <span class='ocrx_word' id='word_1_65' title='bbox 1077 1926 1120 1987; x_wconf 93' lang='lat' dir='ltr'>ut</span> <span class='ocrx_word' id='word_1_66' title='bbox 1139 1909 1303 2000; x_wconf 88' lang='lat' dir='ltr'>dicebat,</span> <span class='ocrx_word' id='word_1_67' title='bbox 1314 1911 1476 2016; x_wconf 82' lang='lat' dir='ltr'>visisque</span> <span class='ocrx_word' id='word_1_68' title='bbox 1488 1908 1719 1996; x_wconf 75' lang='lat' dir='ltr'>nacionibus,</span> <span class='ocrx_word' id='word_1_69' title='bbox 1734 1936 1778 1985; x_wconf 82' lang='lat' dir='ltr'>ex</span> <span class='ocrx_word' id='word_1_70' title='bbox 1793 1924 1897 2014; x_wconf 84' lang='lat' dir='ltr'>parte</span> <span class='ocrx_word' id='word_1_71' title='bbox 1908 1909 2038 1989; x_wconf 84' lang='lat' dir='ltr'>Jacobi</span> 
     </span>
     <span class='ocr_line' id='line_1_8' title="bbox 613 2036 2037 2146; baseline 0.001 -29"><span class='ocrx_word' id='word_1_72' title='bbox 613 2039 660 2117; x_wconf 91' lang='lat' dir='ltr'>de</span> <span class='ocrx_word' id='word_1_73' title='bbox 675 2039 789 2132; x_wconf 90' lang='lat' dir='ltr'>Mori,</span> <span class='ocrx_word' id='word_1_74' title='bbox 805 2038 947 2126; x_wconf 85' lang='lat' dir='ltr'>militis,</span> <span class='ocrx_word' id='word_1_75' title='bbox 966 2039 1160 2126; x_wconf 79' lang='lat' dir='ltr'>exhibitis,</span> <span class='ocrx_word' id='word_1_76' title='bbox 1178 2066 1246 2145; x_wconf 95' lang='lat' dir='ltr'>per</span> <span class='ocrx_word' id='word_1_77' title='bbox 1260 2066 1354 2146; x_wconf 86' lang='lat' dir='ltr'>quas</span> <span class='ocrx_word' id='word_1_78' title='bbox 1368 2039 1447 2144; x_wconf 90' lang='lat' dir='ltr'>ipse</span> <span class='ocrx_word' id='word_1_79' title='bbox 1467 2037 1658 2117; x_wconf 81' lang='lat' dir='ltr'>nitebatur</span> <span class='ocrx_word' id='word_1_80' title='bbox 1672 2036 1877 2117; x_wconf 78' lang='lat' dir='ltr'>defendere</span> <span class='ocrx_word' id='word_1_81' title='bbox 1893 2038 2037 2119; x_wconf 89' lang='lat' dir='ltr'>dictum</span> 
     </span>
     <span class='ocr_line' id='line_1_9' title="bbox 611 2164 2037 2275; baseline 0.002 -31"><span class='ocrx_word' id='word_1_82' title='bbox 611 2167 812 2245; x_wconf 89' lang='lat' dir='ltr'>dominum</span> <span class='ocrx_word' id='word_1_83' title='bbox 831 2196 880 2245; x_wconf 91' lang='lat' dir='ltr'>ne</span> <span class='ocrx_word' id='word_1_84' title='bbox 900 2167 1021 2245; x_wconf 88' lang='lat' dir='ltr'>facere</span> <span class='ocrx_word' id='word_1_85' title='bbox 1039 2184 1234 2246; x_wconf 88' lang='lat' dir='ltr'>teneretur</span> <span class='ocrx_word' id='word_1_86' title='bbox 1253 2186 1468 2275; x_wconf 76' lang='lat' dir='ltr'>requestam</span> <span class='ocrx_word' id='word_1_87' title='bbox 1489 2164 1716 2272; x_wconf 82' lang='lat' dir='ltr'>predictam3</span> <span class='ocrx_word' id='word_1_88' title='bbox 1737 2167 1840 2247; x_wconf 90' lang='lat' dir='ltr'>dicto</span> <span class='ocrx_word' id='word_1_89' title='bbox 1860 2168 2037 2247; x_wconf 88' lang='lat' dir='ltr'>scutilero</span> 
     </span>
     <span class='ocr_line' id='line_1_10' title="bbox 611 2296 2038 2407; baseline 0.005 -33"><span class='ocrx_word' id='word_1_90' title='bbox 611 2298 855 2388; x_wconf 83' lang='lat' dir='ltr'>econtrario,</span> <span class='ocrx_word' id='word_1_91' title='bbox 879 2297 1054 2404; x_wconf 89' lang='lat' dir='ltr'>pluribus</span> <span class='ocrx_word' id='word_1_92' title='bbox 1072 2296 1303 2389; x_wconf 79' lang='lat' dir='ltr'>nacionibus,</span> <span class='ocrx_word' id='word_1_93' title='bbox 1324 2313 1561 2407; x_wconf 85' lang='lat' dir='ltr'>proponente</span> <span class='ocrx_word' id='word_1_94' title='bbox 1580 2297 1701 2405; x_wconf 90' lang='lat' dir='ltr'>quod,</span> <span class='ocrx_word' id='word_1_95' title='bbox 1722 2298 1932 2377; x_wconf 90' lang='lat' dir='ltr'>secundum</span> <span class='ocrx_word' id='word_1_96' title='bbox 1952 2328 2038 2407; x_wconf 76' lang='lat' dir='ltr'>pro</span> 
     </span>
     <span class='ocr_line' id='line_1_11' title="bbox 610 2428 2038 2536; baseline 0.004 -32"><span class='ocrx_word' id='word_1_97' title='bbox 610 2456 756 2507; x_wconf 89' lang='lat' dir='ltr'>cessum</span> <span class='ocrx_word' id='word_1_98' title='bbox 771 2456 886 2536; x_wconf 90' lang='lat' dir='ltr'>snper</span> <span class='ocrx_word' id='word_1_99' title='bbox 900 2429 975 2507; x_wconf 89' lang='lat' dir='ltr'>hoc</span> <span class='ocrx_word' id='word_1_100' title='bbox 991 2428 1166 2507; x_wconf 87' lang='lat' dir='ltr'>habitum</span> <span class='ocrx_word' id='word_1_101' title='bbox 1183 2429 1283 2507; x_wconf 91' lang='lat' dir='ltr'>inter</span> <span class='ocrx_word' id='word_1_102' title='bbox 1303 2428 1419 2507; x_wconf 86' lang='lat' dir='ltr'>dictas</span> <span class='ocrx_word' id='word_1_103' title='bbox 1433 2444 1575 2535; x_wconf 86' lang='lat' dir='ltr'>partes,</span> <span class='ocrx_word' id='word_1_104' title='bbox 1591 2428 1751 2535; x_wconf 83' lang='lat' dir='ltr'>predicti</span> <span class='ocrx_word' id='word_1_105' title='bbox 1770 2428 1903 2507; x_wconf 91' lang='lat' dir='ltr'>militis</span> <span class='ocrx_word' id='word_1_106' title='bbox 1921 2430 2038 2509; x_wconf 89' lang='lat' dir='ltr'>racio·</span> 
     </span>
     <span class='ocr_line' id='line_1_12' title="bbox 611 2558 2034 2666; baseline 0.001 -29"><span class='ocrx_word' id='word_1_107' title='bbox 611 2587 678 2637; x_wconf 90' lang='lat' dir='ltr'>nes</span> <span class='ocrx_word' id='word_1_108' title='bbox 701 2587 779 2637; x_wconf 93' lang='lat' dir='ltr'>non</span> <span class='ocrx_word' id='word_1_109' title='bbox 806 2560 997 2638; x_wconf 90' lang='lat' dir='ltr'>debebant</span> <span class='ocrx_word' id='word_1_110' title='bbox 1020 2559 1187 2649; x_wconf 81' lang='lat' dir='ltr'>admitti,</span> <span class='ocrx_word' id='word_1_111' title='bbox 1212 2558 1372 2665; x_wconf 84' lang='lat' dir='ltr'>predicti</span> <span class='ocrx_word' id='word_1_112' title='bbox 1396 2559 1589 2647; x_wconf 88' lang='lat' dir='ltr'>homines,</span> <span class='ocrx_word' id='word_1_113' title='bbox 1614 2586 1683 2663; x_wconf 87' lang='lat' dir='ltr'>per</span> <span class='ocrx_word' id='word_1_114' title='bbox 1701 2587 1813 2636; x_wconf 91' lang='lat' dir='ltr'>suum</span> <span class='ocrx_word' id='word_1_115' title='bbox 1828 2558 2034 2666; x_wconf 84' lang='lat' dir='ltr'>judicium,</span> 
     </span>
     <span class='ocr_line' id='line_1_13' title="bbox 608 2686 2038 2795; baseline 0.001 -30"><span class='ocrx_word' id='word_1_116' title='bbox 608 2690 920 2795; x_wconf 85' lang='lat' dir='ltr'>pronunciassent</span> <span class='ocrx_word' id='word_1_117' title='bbox 939 2689 1044 2795; x_wconf 91' lang='lat' dir='ltr'>quod</span> <span class='ocrx_word' id='word_1_118' title='bbox 1065 2689 1186 2767; x_wconf 88' lang='lat' dir='ltr'>dictus</span> <span class='ocrx_word' id='word_1_119' title='bbox 1206 2689 1330 2778; x_wconf 90' lang='lat' dir='ltr'>miles,</span> <span class='ocrx_word' id='word_1_120' title='bbox 1354 2687 1418 2795; x_wconf 92' lang='lat' dir='ltr'>qui</span> <span class='ocrx_word' id='word_1_121' title='bbox 1444 2686 1673 2766; x_wconf 87' lang='lat' dir='ltr'>sufficienter</span> <span class='ocrx_word' id='word_1_122' title='bbox 1695 2688 1898 2793; x_wconf 88' lang='lat' dir='ltr'>requisitus</span> <span class='ocrx_word' id='word_1_123' title='bbox 1916 2686 2038 2766; x_wconf 83' lang='lat' dir='ltr'>fuerat</span> 
     </span>
     <span class='ocr_line' id='line_1_14' title="bbox 610 2817 2037 2926; baseline 0.001 -29"><span class='ocrx_word' id='word_1_124' title='bbox 610 2818 715 2926; x_wconf 92' lang='lat' dir='ltr'>quod</span> <span class='ocrx_word' id='word_1_125' title='bbox 736 2818 877 2897; x_wconf 87' lang='lat' dir='ltr'>dictum</span> <span class='ocrx_word' id='word_1_126' title='bbox 897 2819 1097 2897; x_wconf 91' lang='lat' dir='ltr'>dominum</span> <span class='ocrx_word' id='word_1_127' title='bbox 1118 2834 1246 2897; x_wconf 84' lang='lat' dir='ltr'>contra</span> <span class='ocrx_word' id='word_1_128' title='bbox 1267 2817 1405 2895; x_wconf 90' lang='lat' dir='ltr'>dictam</span> <span class='ocrx_word' id='word_1_129' title='bbox 1427 2834 1641 2924; x_wconf 87' lang='lat' dir='ltr'>requestam</span> <span class='ocrx_word' id='word_1_130' title='bbox 1658 2817 1892 2909; x_wconf 78' lang='lat' dir='ltr'>defenderet,</span> <span class='ocrx_word' id='word_1_131' title='bbox 1909 2835 1949 2896; x_wconf 93' lang='lat' dir='ltr'>et</span> <span class='ocrx_word' id='word_1_132' title='bbox 1963 2820 2037 2899; x_wconf 89' lang='lat' dir='ltr'>hoc</span> 
     </span>
     <span class='ocr_line' id='line_1_15' title="bbox 609 2946 2035 3039; baseline 0.003 -14"><span class='ocrx_word' id='word_1_133' title='bbox 609 2946 729 3027; x_wconf 87' lang='lat' dir='ltr'>lacere</span> <span class='ocrx_word' id='word_1_134' title='bbox 743 2966 836 3027; x_wconf 90' lang='lat' dir='ltr'>tunc</span> <span class='ocrx_word' id='word_1_135' title='bbox 848 2948 1036 3039; x_wconf 87' lang='lat' dir='ltr'>noluerat,</span> <span class='ocrx_word' id='word_1_136' title='bbox 1051 2950 1164 3026; x_wconf 89' lang='lat' dir='ltr'>nimis</span> <span class='ocrx_word' id='word_1_137' title='bbox 1179 2947 1285 3027; x_wconf 89' lang='lat' dir='ltr'>tarde</span> <span class='ocrx_word' id='word_1_138' title='bbox 1303 2949 1418 3027; x_wconf 92' lang='lat' dir='ltr'>modo</span> <span class='ocrx_word' id='word_1_139' title='bbox 1431 2948 1604 3029; x_wconf 81' lang='lat' dir='ltr'>veniebat</span> <span class='ocrx_word' id='word_1_140' title='bbox 1617 2948 1665 3025; x_wconf 94' lang='lat' dir='ltr'>ad</span> <span class='ocrx_word' id='word_1_141' title='bbox 1681 2949 1826 3027; x_wconf 90' lang='lat' dir='ltr'>dictum</span> <span class='ocrx_word' id='word_1_142' title='bbox 1836 2948 2035 3029; x_wconf 91' lang='lat' dir='ltr'>dominum</span> 
     </span>
     <span class='ocr_line' id='line_1_16' title="bbox 609 3078 2037 3189; baseline 0.002 -33"><span class='ocrx_word' id='word_1_143' title='bbox 609 3078 912 3171; x_wconf 80' lang='lat' dir='ltr'>defendendum,</span> <span class='ocrx_word' id='word_1_144' title='bbox 943 3098 980 3159; x_wconf 90' lang='lat' dir='ltr'>et</span> <span class='ocrx_word' id='word_1_145' title='bbox 1004 3080 1110 3188; x_wconf 92' lang='lat' dir='ltr'>quod</span> <span class='ocrx_word' id='word_1_146' title='bbox 1134 3079 1214 3188; x_wconf 89' lang='lat' dir='ltr'>ejus</span> <span class='ocrx_word' id='word_1_147' title='bbox 1237 3080 1408 3159; x_wconf 88' lang='lat' dir='ltr'>raciones</span> <span class='ocrx_word' id='word_1_148' title='bbox 1434 3108 1528 3186; x_wconf 87' lang='lat' dir='ltr'>quas</span> <span class='ocrx_word' id='word_1_149' title='bbox 1553 3080 1634 3188; x_wconf 89' lang='lat' dir='ltr'>ipse</span> <span class='ocrx_word' id='word_1_150' title='bbox 1658 3080 1775 3160; x_wconf 89' lang='lat' dir='ltr'>modo</span> <span class='ocrx_word' id='word_1_151' title='bbox 1799 3080 2037 3189; x_wconf 82' lang='lat' dir='ltr'>proponebat</span> 
     </span>
     <span class='ocr_line' id='line_1_17' title="bbox 608 3210 2035 3320; baseline 0.001 -33"><span class='ocrx_word' id='word_1_152' title='bbox 608 3236 686 3287; x_wconf 91' lang='lat' dir='ltr'>non</span> <span class='ocrx_word' id='word_1_153' title='bbox 702 3210 889 3289; x_wconf 87' lang='lat' dir='ltr'>debebant</span> <span class='ocrx_word' id='word_1_154' title='bbox 907 3211 1073 3303; x_wconf 80' lang='lat' dir='ltr'>admitti3</span> <span class='ocrx_word' id='word_1_155' title='bbox 1095 3240 1211 3319; x_wconf 90' lang='lat' dir='ltr'>aquo</span> <span class='ocrx_word' id='word_1_156' title='bbox 1222 3212 1408 3320; x_wconf 78' lang='lat' dir='ltr'>judicato²</span> <span class='ocrx_word' id='word_1_157' title='bbox 1429 3218 1621 3318; x_wconf 80' lang='lat' dir='ltr'>tamquam</span> <span class='ocrx_word' id='word_1_158' title='bbox 1640 3210 1733 3291; x_wconf 82' lang='lat' dir='ltr'>salso</span> <span class='ocrx_word' id='word_1_159' title='bbox 1754 3229 1792 3290; x_wconf 92' lang='lat' dir='ltr'>et</span> <span class='ocrx_word' id='word_1_160' title='bbox 1808 3240 1938 3318; x_wconf 85' lang='lat' dir='ltr'>pravo,</span> <span class='ocrx_word' id='word_1_161' title='bbox 1955 3212 2035 3291; x_wconf 89' lang='lat' dir='ltr'>dic·</span> 
     </span>
     <span class='ocr_line' id='line_1_18' title="bbox 608 3340 2037 3449; baseline 0.001 -31"><span class='ocrx_word' id='word_1_162' title='bbox 608 3356 670 3418; x_wconf 90' lang='lat' dir='ltr'>tus</span> <span class='ocrx_word' id='word_1_163' title='bbox 690 3341 800 3419; x_wconf 87' lang='lat' dir='ltr'>miles</span> <span class='ocrx_word' id='word_1_164' title='bbox 819 3341 868 3419; x_wconf 92' lang='lat' dir='ltr'>ad</span> <span class='ocrx_word' id='word_1_165' title='bbox 887 3341 1032 3419; x_wconf 88' lang='lat' dir='ltr'>dictum</span> <span class='ocrx_word' id='word_1_166' title='bbox 1052 3344 1190 3448; x_wconf 85' lang='lat' dir='ltr'>Regem</span> <span class='ocrx_word' id='word_1_167' title='bbox 1212 3340 1410 3449; x_wconf 90' lang='lat' dir='ltr'>appellavit</span> <span class='ocrx_word' id='word_1_168' title='bbox 1431 3374 1440 3419; x_wconf 73' lang='grc' dir='ltr'><strong>ε</strong></span> <span class='ocrx_word' id='word_1_169' title='bbox 1466 3341 1616 3420; x_wconf 80' lang='lat' dir='ltr'>Auditis</span> <span class='ocrx_word' id='word_1_170' title='bbox 1634 3342 1751 3449; x_wconf 89' lang='lat' dir='ltr'>igitur</span> <span class='ocrx_word' id='word_1_171' title='bbox 1767 3342 1936 3448; x_wconf 84' lang='lat' dir='ltr'>partibus</span> <span class='ocrx_word' id='word_1_172' title='bbox 1953 3370 2037 3449; x_wconf 88' lang='lat' dir='ltr'>pre·</span> 
     </span>
     <span class='ocr_line' id='line_1_19' title="bbox 609 3470 2036 3580; baseline 0.001 -31"><span class='ocrx_word' id='word_1_173' title='bbox 609 3470 718 3551; x_wconf 89' lang='lat' dir='ltr'>dictis</span> <span class='ocrx_word' id='word_1_174' title='bbox 732 3474 772 3549; x_wconf 89' lang='lat' dir='ltr'>in</span> <span class='ocrx_word' id='word_1_175' title='bbox 791 3502 900 3552; x_wconf 84' lang='lat' dir='ltr'>cause</span> <span class='ocrx_word' id='word_1_176' title='bbox 920 3472 1019 3551; x_wconf 93' lang='lat' dir='ltr'>dicte</span> <span class='ocrx_word' id='word_1_177' title='bbox 1038 3472 1305 3580; x_wconf 88' lang='lat' dir='ltr'>appellacionis</span> <span class='ocrx_word' id='word_1_178' title='bbox 1323 3488 1362 3550; x_wconf 91' lang='lat' dir='ltr'>et</span> <span class='ocrx_word' id='word_1_179' title='bbox 1377 3471 1465 3551; x_wconf 87' lang='lat' dir='ltr'>visis</span> <span class='ocrx_word' id='word_1_180' title='bbox 1484 3471 1721 3580; x_wconf 87' lang='lat' dir='ltr'>processibus</span> <span class='ocrx_word' id='word_1_181' title='bbox 1737 3472 1918 3578; x_wconf 84' lang='lat' dir='ltr'>predictis</span> <span class='ocrx_word' id='word_1_182' title='bbox 1934 3474 2036 3553; x_wconf 88' lang='lat' dir='ltr'>curie</span> 
     </span>
     <span class='ocr_line' id='line_1_20' title="bbox 609 3603 2037 3713; baseline 0.002 -33"><span class='ocrx_word' id='word_1_183' title='bbox 609 3620 735 3681; x_wconf 89' lang='lat' dir='ltr'>nostre</span> <span class='ocrx_word' id='word_1_184' title='bbox 752 3604 917 3693; x_wconf 89' lang='lat' dir='ltr'>traditis,</span> <span class='ocrx_word' id='word_1_185' title='bbox 934 3633 1003 3710; x_wconf 90' lang='lat' dir='ltr'>per</span> <span class='ocrx_word' id='word_1_186' title='bbox 1020 3605 1123 3681; x_wconf 87' lang='lat' dir='ltr'>curie</span> <span class='ocrx_word' id='word_1_187' title='bbox 1139 3621 1266 3684; x_wconf 90' lang='lat' dir='ltr'>nostre</span> <span class='ocrx_word' id='word_1_188' title='bbox 1282 3603 1489 3713; x_wconf 88' lang='lat' dir='ltr'>judicium,</span> <span class='ocrx_word' id='word_1_189' title='bbox 1511 3603 1654 3682; x_wconf 83' lang='lat' dir='ltr'>dicmm</span> <span class='ocrx_word' id='word_1_190' title='bbox 1670 3603 1742 3682; x_wconf 87' lang='lat' dir='ltr'>luit</span> <span class='ocrx_word' id='word_1_191' title='bbox 1758 3604 1949 3709; x_wconf 87' lang='lat' dir='ltr'>predictos</span> <span class='ocrx_word' id='word_1_192' title='bbox 1967 3604 2037 3683; x_wconf 93' lang='lat' dir='ltr'>ho-</span> 
     </span>
     <span class='ocr_line' id='line_1_21' title="bbox 609 3731 2036 3843; baseline 0.001 -32"><span class='ocrx_word' id='word_1_193' title='bbox 609 3735 730 3811; x_wconf 91' lang='lat' dir='ltr'>mines</span> <span class='ocrx_word' id='word_1_194' title='bbox 750 3731 850 3810; x_wconf 89' lang='lat' dir='ltr'>bene</span> <span class='ocrx_word' id='word_1_195' title='bbox 872 3734 1060 3840; x_wconf 88' lang='lat' dir='ltr'>judicasse</span> <span class='ocrx_word' id='word_1_196' title='bbox 1086 3748 1125 3809; x_wconf 90' lang='lat' dir='ltr'>et</span> <span class='ocrx_word' id='word_1_197' title='bbox 1149 3733 1293 3811; x_wconf 91' lang='lat' dir='ltr'>dictum</span> <span class='ocrx_word' id='word_1_198' title='bbox 1320 3732 1483 3811; x_wconf 88' lang='lat' dir='ltr'>militem</span> <span class='ocrx_word' id='word_1_199' title='bbox 1504 3734 1602 3810; x_wconf 86' lang='lat' dir='ltr'>male</span> <span class='ocrx_word' id='word_1_200' title='bbox 1622 3731 1844 3838; x_wconf 86' lang='lat' dir='ltr'>appellasse,</span> <span class='ocrx_word' id='word_1_201' title='bbox 1871 3750 1910 3808; x_wconf 87' lang='lat' dir='ltr'>et</span> <span class='ocrx_word' id='word_1_202' title='bbox 1932 3735 2036 3843; x_wconf 90' lang='lat' dir='ltr'>quod</span> 
     </span>
     <span class='ocr_line' id='line_1_22' title="bbox 613 3861 1031 3967; baseline 0.002 -30"><span class='ocrx_word' id='word_1_203' title='bbox 613 3863 691 3967; x_wconf 90' lang='lat' dir='ltr'>ipse</span> <span class='ocrx_word' id='word_1_204' title='bbox 712 3864 786 3941; x_wconf 91' lang='lat' dir='ltr'>hoc</span> <span class='ocrx_word' id='word_1_205' title='bbox 805 3861 1031 3941; x_wconf 87' lang='lat' dir='ltr'>emendabit.</span> 
     </span>
    </p>

    <p class='ocr_par' dir='ltr' id='par_1_3' title="bbox 666 3992 1274 4071">
     <span class='ocr_line' id='line_1_23' title="bbox 666 3992 1274 4071; baseline -0.005 0"><span class='ocrx_word' id='word_1_206' title='bbox 666 3994 773 4071; x_wconf 90' lang='lat' dir='ltr'>Lune</span> <span class='ocrx_word' id='word_1_207' title='bbox 792 4008 876 4069; x_wconf 89' lang='lat' dir='ltr'>ante</span> <span class='ocrx_word' id='word_1_208' title='bbox 898 3994 1034 4071; x_wconf 82' lang='lat' dir='ltr'>Remos</span> <span class='ocrx_word' id='word_1_209' title='bbox 1049 3992 1274 4071; x_wconf 85' lang='lat' dir='ltr'>Palmarum.</span> 
     </span>
    </p>
   </div>
   <div class='ocr_carea' id='block_1_3' title="bbox 605 4254 2032 5415">
    <p class='ocr_par' dir='ltr' id='par_1_4' title="bbox 605 4254 2032 5415">
     <span class='ocr_line' id='line_1_24' title="bbox 665 4254 2032 4361; baseline 0.001 -27"><span class='ocrx_word' id='word_1_210' title='bbox 665 4256 759 4334; x_wconf 82' lang='lat' dir='ltr'>lllll.</span> <span class='ocrx_word' id='word_1_211' title='bbox 791 4255 874 4334; x_wconf 90' lang='lat' dir='ltr'>Lite</span> <span class='ocrx_word' id='word_1_212' title='bbox 902 4272 1026 4361; x_wconf 89' lang='lat' dir='ltr'>mota,</span> <span class='ocrx_word' id='word_1_213' title='bbox 1056 4256 1097 4333; x_wconf 92' lang='lat' dir='ltr'>in</span> <span class='ocrx_word' id='word_1_214' title='bbox 1126 4256 1229 4333; x_wconf 85' lang='lat' dir='ltr'>curia</span> <span class='ocrx_word' id='word_1_215' title='bbox 1251 4272 1393 4345; x_wconf 89' lang='lat' dir='ltr'>nostra,</span> <span class='ocrx_word' id='word_1_216' title='bbox 1418 4255 1517 4333; x_wconf 90' lang='lat' dir='ltr'>inter</span> <span class='ocrx_word' id='word_1_217' title='bbox 1542 4254 1716 4335; x_wconf 83' lang='lat' dir='ltr'>abbatem</span> <span class='ocrx_word' id='word_1_218' title='bbox 1743 4271 1782 4333; x_wconf 88' lang='lat' dir='ltr'>et</span> <span class='ocrx_word' id='word_1_219' title='bbox 1807 4272 2032 4335; x_wconf 88' lang='lat' dir='ltr'>conventum</span> 
     </span>
     <span class='ocr_line' id='line_1_25' title="bbox 610 4385 2032 4495; baseline 0.001 -31"><span class='ocrx_word' id='word_1_220' title='bbox 610 4386 946 4495; x_wconf 86' lang='lat' dir='ltr'>Regalis-Montis,</span> <span class='ocrx_word' id='word_1_221' title='bbox 969 4403 1135 4494; x_wconf 82' lang='lat' dir='ltr'>exparte</span> <span class='ocrx_word' id='word_1_222' title='bbox 1156 4415 1249 4474; x_wconf 87' lang='lat' dir='ltr'>una,</span> <span class='ocrx_word' id='word_1_223' title='bbox 1277 4403 1316 4464; x_wconf 88' lang='lat' dir='ltr'>et</span> <span class='ocrx_word' id='word_1_224' title='bbox 1337 4388 1549 4465; x_wconf 88' lang='lat' dir='ltr'>lohannem</span> <span class='ocrx_word' id='word_1_225' title='bbox 1573 4385 1621 4463; x_wconf 90' lang='lat' dir='ltr'>de</span> <span class='ocrx_word' id='word_1_226' title='bbox 1647 4388 1880 4477; x_wconf 87' lang='lat' dir='ltr'>Hanecourt,</span> <span class='ocrx_word' id='word_1_227' title='bbox 1902 4386 2032 4467; x_wconf 88' lang='lat' dir='ltr'>castel-</span> 
     </span>
     <span class='ocr_line' id='line_1_26' title="bbox 608 4516 2031 4626; baseline 0.003 -31"><span class='ocrx_word' id='word_1_228' title='bbox 608 4516 738 4595; x_wconf 90' lang='lat' dir='ltr'>lanum</span> <span class='ocrx_word' id='word_1_229' title='bbox 757 4518 941 4610; x_wconf 87' lang='lat' dir='ltr'>Thorote,</span> <span class='ocrx_word' id='word_1_230' title='bbox 964 4546 1008 4595; x_wconf 84' lang='lat' dir='ltr'>er</span> <span class='ocrx_word' id='word_1_231' title='bbox 1027 4517 1157 4611; x_wconf 89' lang='lat' dir='ltr'>altera,</span> <span class='ocrx_word' id='word_1_232' title='bbox 1179 4546 1293 4625; x_wconf 86' lang='lat' dir='ltr'>super</span> <span class='ocrx_word' id='word_1_233' title='bbox 1312 4545 1358 4597; x_wconf 90' lang='lat' dir='ltr'>eo</span> <span class='ocrx_word' id='word_1_234' title='bbox 1376 4517 1483 4626; x_wconf 91' lang='lat' dir='ltr'>quod</span> <span class='ocrx_word' id='word_1_235' title='bbox 1501 4516 1594 4597; x_wconf 85' lang='lat' dir='ltr'>dicti</span> <span class='ocrx_word' id='word_1_236' title='bbox 1612 4517 1778 4625; x_wconf 83' lang='lat' dir='ltr'>religiosi</span> <span class='ocrx_word' id='word_1_237' title='bbox 1797 4516 1975 4595; x_wconf 70' lang='lat' dir='ltr'>dicebant</span> <span class='ocrx_word' id='word_1_238' title='bbox 1990 4542 2031 4599; x_wconf 83' lang='lat' dir='ltr'>se</span> 
     </span>
     <span class='ocr_line' id='line_1_27' title="bbox 607 4646 2028 4757; baseline 0 -30"><span class='ocrx_word' id='word_1_239' title='bbox 607 4676 688 4727; x_wconf 89' lang='lat' dir='ltr'>esse</span> <span class='ocrx_word' id='word_1_240' title='bbox 714 4650 754 4726; x_wconf 90' lang='lat' dir='ltr'>in</span> <span class='ocrx_word' id='word_1_241' title='bbox 773 4649 905 4727; x_wconf 87' lang='lat' dir='ltr'>saisina</span> <span class='ocrx_word' id='word_1_242' title='bbox 929 4649 1108 4739; x_wconf 90' lang='lat' dir='ltr'>ducendi,</span> <span class='ocrx_word' id='word_1_243' title='bbox 1129 4678 1197 4757; x_wconf 90' lang='lat' dir='ltr'>per</span> <span class='ocrx_word' id='word_1_244' title='bbox 1215 4648 1411 4728; x_wconf 88' lang='lat' dir='ltr'>cheminos</span> <span class='ocrx_word' id='word_1_245' title='bbox 1430 4665 1469 4726; x_wconf 91' lang='lat' dir='ltr'>et</span> <span class='ocrx_word' id='word_1_246' title='bbox 1494 4648 1685 4728; x_wconf 85' lang='lat' dir='ltr'>districtus</span> <span class='ocrx_word' id='word_1_247' title='bbox 1708 4649 1799 4727; x_wconf 86' lang='lat' dir='ltr'>dicti</span> <span class='ocrx_word' id='word_1_248' title='bbox 1818 4646 2028 4740; x_wconf 76' lang='lat' dir='ltr'>castellani,</span> 
     </span>
     <span class='ocr_line' id='line_1_28' title="bbox 606 4779 2031 4889; baseline -0.002 -29"><span class='ocrx_word' id='word_1_249' title='bbox 606 4779 705 4860; x_wconf 87' lang='lat' dir='ltr'>bona</span> <span class='ocrx_word' id='word_1_250' title='bbox 730 4780 789 4857; x_wconf 89' lang='lat' dir='ltr'>sui</span> <span class='ocrx_word' id='word_1_251' title='bbox 810 4780 1028 4859; x_wconf 88' lang='lat' dir='ltr'>monasterii</span> <span class='ocrx_word' id='word_1_252' title='bbox 1049 4780 1170 4860; x_wconf 90' lang='lat' dir='ltr'>libere</span> <span class='ocrx_word' id='word_1_253' title='bbox 1191 4798 1228 4859; x_wconf 90' lang='lat' dir='ltr'>et</span> <span class='ocrx_word' id='word_1_254' title='bbox 1245 4781 1386 4889; x_wconf 79' lang='lat' dir='ltr'>absque</span> <span class='ocrx_word' id='word_1_255' title='bbox 1406 4780 1638 4888; x_wconf 88' lang='lat' dir='ltr'>prestacione</span> <span class='ocrx_word' id='word_1_256' title='bbox 1657 4779 1827 4887; x_wconf 85' lang='lat' dir='ltr'>pedagii,</span> <span class='ocrx_word' id='word_1_257' title='bbox 1855 4796 2031 4885; x_wconf 77' lang='lat' dir='ltr'>pontena-</span> 
     </span>
     <span class='ocr_line' id='line_1_29' title="bbox 605 4908 2030 5020; baseline 0 -33"><span class='ocrx_word' id='word_1_258' title='bbox 605 4910 656 5017; x_wconf 87' lang='lat' dir='ltr'>gii</span> <span class='ocrx_word' id='word_1_259' title='bbox 679 4938 746 4989; x_wconf 91' lang='lat' dir='ltr'>seu</span> <span class='ocrx_word' id='word_1_260' title='bbox 764 4910 918 4989; x_wconf 86' lang='lat' dir='ltr'>alterius</span> <span class='ocrx_word' id='word_1_261' title='bbox 937 4928 1106 4990; x_wconf 87' lang='lat' dir='ltr'>oostume</span> <span class='ocrx_word' id='word_1_262' title='bbox 1118 4951 1137 5003; x_wconf 87' lang='lat'>,·</span> <span class='ocrx_word' id='word_1_263' title='bbox 1149 4941 1266 5020; x_wconf 90' lang='lat' dir='ltr'>quare</span> <span class='ocrx_word' id='word_1_264' title='bbox 1285 4910 1464 5019; x_wconf 87' lang='lat' dir='ltr'>petebant</span> <span class='ocrx_word' id='word_1_265' title='bbox 1486 4911 1644 5019; x_wconf 88' lang='lat' dir='ltr'>pignora</span> <span class='ocrx_word' id='word_1_266' title='bbox 1668 4927 1773 5016; x_wconf 83' lang='lat' dir='ltr'>copta</span> <span class='ocrx_word' id='word_1_267' title='bbox 1798 4936 1866 5017; x_wconf 90' lang='lat' dir='ltr'>per</span> <span class='ocrx_word' id='word_1_268' title='bbox 1886 4908 2030 4989; x_wconf 80' lang='lat' dir='ltr'>dictam</span> 
     </span>
     <span class='ocr_line' id='line_1_30' title="bbox 606 5039 2030 5153; baseline -0.002 -34"><span class='ocrx_word' id='word_1_269' title='bbox 606 5040 866 5131; x_wconf 78' lang='lat' dir='ltr'>castellanum,</span> <span class='ocrx_word' id='word_1_270' title='bbox 889 5043 1134 5153; x_wconf 77' lang='lat' dir='ltr'>pro-pedagio</span> <span class='ocrx_word' id='word_1_271' title='bbox 1152 5043 1255 5151; x_wconf 92' lang='lat' dir='ltr'>quod</span> <span class='ocrx_word' id='word_1_272' title='bbox 1271 5041 1420 5121; x_wconf 86' lang='lat' dir='ltr'>volebat</span> <span class='ocrx_word' id='word_1_273' title='bbox 1439 5042 1586 5149; x_wconf 84' lang='lat' dir='ltr'>exigere</span> <span class='ocrx_word' id='word_1_274' title='bbox 1607 5042 1655 5121; x_wconf 90' lang='lat' dir='ltr'>de</span> <span class='ocrx_word' id='word_1_275' title='bbox 1673 5040 1901 5149; x_wconf 73' lang='lat' dir='ltr'>quibusdam</span> <span class='ocrx_word' id='word_1_276' title='bbox 1919 5039 2030 5121; x_wconf 88' lang='lat' dir='ltr'>bonis</span> 
     </span>
     <span class='ocr_line' id='line_1_31' title="bbox 607 5170 2029 5283; baseline 0.001 -36"><span class='ocrx_word' id='word_1_277' title='bbox 607 5199 681 5277; x_wconf 89' lang='lat' dir='ltr'>que</span> <span class='ocrx_word' id='word_1_278' title='bbox 707 5170 797 5250; x_wconf 88' lang='lat' dir='ltr'>dicti</span> <span class='ocrx_word' id='word_1_279' title='bbox 824 5174 988 5283; x_wconf 90' lang='lat' dir='ltr'>religiosi</span> <span class='ocrx_word' id='word_1_280' title='bbox 1009 5175 1096 5254; x_wconf 87' lang='lat' dir='ltr'>duci</span> <span class='ocrx_word' id='word_1_281' title='bbox 1124 5172 1307 5253; x_wconf 80' lang='lat' dir='ltr'>iaciebant</span> <span class='ocrx_word' id='word_1_282' title='bbox 1329 5175 1370 5252; x_wconf 93' lang='lat' dir='ltr'>in</span> <span class='ocrx_word' id='word_1_283' title='bbox 1390 5173 1551 5282; x_wconf 76' lang='lat' dir='ltr'>quadum</span> <span class='ocrx_word' id='word_1_284' title='bbox 1569 5173 1678 5267; x_wconf 74' lang='lat' dir='ltr'>navi,</span> <span class='ocrx_word' id='word_1_285' title='bbox 1690 5172 1811 5251; x_wconf 88' lang='lat' dir='ltr'>dictos</span> <span class='ocrx_word' id='word_1_286' title='bbox 1833 5170 2029 5279; x_wconf 73' lang='lat' dir='ltr'>religiosos</span> 
     </span>
     <span class='ocr_line' id='line_1_32' title="bbox 609 5298 2025 5415; baseline 0.001 -40"><span class='ocrx_word' id='word_1_287' title='bbox 609 5300 648 5376; x_wconf 93' lang='lat' dir='ltr'>in</span> <span class='ocrx_word' id='word_1_288' title='bbox 673 5302 805 5381; x_wconf 85' lang='lat' dir='ltr'>saisina</span> <span class='ocrx_word' id='word_1_289' title='bbox 827 5332 892 5383; x_wconf 88' lang='lat' dir='ltr'>sua</span> <span class='ocrx_word' id='word_1_290' title='bbox 912 5304 1095 5385; x_wconf 76' lang='lat' dir='ltr'>libertstis</span> <span class='ocrx_word' id='word_1_291' title='bbox 1115 5305 1284 5415; x_wconf 86' lang='lat' dir='ltr'>predicte</span> <span class='ocrx_word' id='word_1_292' title='bbox 1304 5323 1343 5385; x_wconf 90' lang='lat' dir='ltr'>et</span> <span class='ocrx_word' id='word_1_293' title='bbox 1362 5306 1410 5384; x_wconf 92' lang='lat' dir='ltr'>de</span> <span class='ocrx_word' id='word_1_294' title='bbox 1435 5333 1533 5385; x_wconf 88' lang='lat' dir='ltr'>novo</span> <span class='ocrx_word' id='word_1_295' title='bbox 1557 5304 1726 5385; x_wconf 85' lang='lat' dir='ltr'>indebite</span> <span class='ocrx_word' id='word_1_296' title='bbox 1750 5298 2025 5411; x_wconf 84' lang='lat' dir='ltr'>perturbando;</span> 
     </span>
    </p>
   </div>
   <div class='ocr_carea' id='block_1_4' title="bbox 581 5428 2028 5647">
    <p class='ocr_par' dir='ltr' id='par_1_5' title="bbox 581 5428 2028 5647">
     <span class='ocr_line' id='line_1_33' title="bbox 581 5428 2028 5543; baseline 0.011 -38"><span class='ocrx_word' id='word_1_297' title='bbox 581 5488 584 5495; x_wconf 82' lang='lat'>.</span> <span class='ocrx_word' id='word_1_298' title='bbox 611 5428 659 5507; x_wconf 91' lang='lat' dir='ltr'>de</span> <span class='ocrx_word' id='word_1_299' title='bbox 678 5432 815 5537; x_wconf 89' lang='lat' dir='ltr'>quibus</span> <span class='ocrx_word' id='word_1_300' title='bbox 834 5436 1055 5542; x_wconf 87' lang='lat' dir='ltr'>pignoribus</span> <span class='ocrx_word' id='word_1_301' title='bbox 1072 5438 1164 5518; x_wconf 86' lang='lat' dir='ltr'>lacta</span> <span class='ocrx_word' id='word_1_302' title='bbox 1185 5438 1257 5519; x_wconf 88' lang='lat' dir='ltr'>luit</span> <span class='ocrx_word' id='word_1_303' title='bbox 1278 5438 1515 5518; x_wconf 88' lang='lat' dir='ltr'>recredencia</span> <span class='ocrx_word' id='word_1_304' title='bbox 1533 5436 1625 5543; x_wconf 86' lang='lat' dir='ltr'>ipsis</span> <span class='ocrx_word' id='word_1_305' title='bbox 1642 5433 1847 5543; x_wconf 77' lang='lat' dir='ltr'>religiosis,</span> <span class='ocrx_word' id='word_1_306' title='bbox 1866 5456 1936 5537; x_wconf 67' lang='lat' dir='ltr'>ptr</span> <span class='ocrx_word' id='word_1_307' title='bbox 1950 5456 2028 5505; x_wconf 68' lang='grc' dir='ltr'>ΙΜ-</span> 
     </span>
     <span class='ocr_line' id='line_1_34' title="bbox 1847 5584 1897 5647; baseline -0.02 -2"><span class='ocrx_word' id='word_1_308' title='bbox 1847 5584 1897 5647; x_wconf 75' lang='lat'>82.</span> 
     </span>
    </p>
   </div>
   <div class='ocr_carea' id='block_1_5' title="bbox 0 0 2914 7289">
    <p class='ocr_par' dir='ltr' id='par_1_6' title="bbox 0 0 2914 7289">
     <span class='ocr_line' id='line_1_35' title="bbox 0 0 2914 7289; baseline 0 0"><span class='ocrx_word' id='word_1_309' title='bbox 0 0 2914 7289; x_wconf 95' lang='lat' dir='ltr'> </span> 
     </span>
    </p>
   </div>
  </div>
 </body>
</html>
