5817 7292
1006 1083 1275 1192 rsoutrns
1299 1101 1365 1172 or
1391 1080 1597 1174 proces.
1937 1097 2010 1169 sss

595 1242 737 1319 dictum
751 1255 1032 1346 procuratorem
1050 1269 1179 1320 coram
1193 1240 1299 1348 ipsis,
1315 1239 1413 1318 selvo
1427 1241 1514 1348 jure
1533 1237 1668 1344 prioris
1687 1253 1726 1314 et
1744 1254 1963 1326 conventus,
1980 1236 2012 1316 si
2047 1249 2178 1304 summ
2196 1247 2241 1312 tv.

593 1399 662 1478 per
675 1371 791 1448 alium
804 1372 962 1450 modum
975 1351 1159 1479 loquendi
1173 1372 1314 1477 possint
1328 1369 1387 1448 vel
1401 1370 1564 1448 debeant
1584 1370 1623 1445 in
1640 1366 1819 1475 predictis
1832 1384 1871 1445 et
1884 1385 2013 1446 contra

595 1500 806 1580 detinentes
827 1501 925 1579 dicta
941 1501 1041 1580 hone
1056 1502 1121 1609 jus
1138 1498 1295 1590 habere,
1311 1529 1331 1576 a
1346 1527 1424 1606 quo
1441 1497 1605 1606 judicio,
1626 1514 1804 1603 tanquam
1823 1525 1845 1572 a
1863 1494 1956 1573 lelso
1976 1515 2015 1573 et

594 1658 724 1736 pravo,
742 1647 958 1737 procurator
970 1631 1157 1710 dictorum
1172 1629 1432 1738 religiosorum
1448 1629 1498 1706 ad
1511 1628 1654 1704 curiam
1669 1642 1835 1704 nostram
1849 1623 2015 1730 appella-

594 1760 666 1840 vit=
687 1761 784 1841 Visis
798 1761 912 1868 igitur
926 1762 1036 1841 dictis
1048 1762 1302 1868 processibus,
1314 1789 1382 1868 per
1394 1760 1497 1836 curie
1512 1776 1640 1836 nostre
1652 1755 2014 1865 judicium,dictum

493 1889 501 1912 '
594 1889 667 1968 fuit
682 1891 870 1998 predictos
882 1892 1067 1970 decanum
1082 1908 1121 1970 et
1136 1891 1340 1999 capitulum
1353 1888 1625 1995 Sancti-Reguli
1640 1885 1739 1963 mole
1748 1886 2014 1992 pronunciasse

2111 1343 2175 1385 1³1⁰.
2332 1339 2338 1348 ’

595 2039 633 2098 et
651 2039 931 2127 procuratorem
950 2021 1085 2128 prioris
1110 2037 1148 2099 et
1166 2037 1370 2099 conventus
1391 2019 1647 2126 predictorum
1665 2016 1763 2094 hene
1785 2014 1985 2124 appellasse
2002 2050 2012 2106 ς

594 2165 632 2226 et
651 2151 724 2228 hoc
740 2151 956 2229 emendabit
972 2153 1075 2229 curio
1095 2150 1272 2230 secularis
1286 2149 1415 2228 decani
1432 2164 1471 2226 et
1484 2147 1638 2254 capituli
1651 2147 1919 2254 predictorum.

648 2279 748 2358 lovis
767 2263 853 2387 post
870 2281 1134 2360 llenriniscere.

648 2409 774 2488 Cassel
797 2409 1008 2516 reportavit.

648 2675 792 2753 XXVII.
824 2676 922 2753 Cum
939 2675 987 2752 ad
1001 2675 1236 2754 audienciam
1252 2674 1379 2755 dilecti
1409 2691 1448 2752 et
1467 2673 1592 2751 fidelis
1611 2670 1774 2778 Philippi
1797 2670 1844 2748 de
1861 2672 2016 2751 Sancto-

592 2803 753 2892 Verano,
767 2803 897 2882 militis
909 2806 1047 2894 nostri,
1065 2806 1297 2913 inquisitoris
1312 2807 1352 2882 in
1361 2804 1540 2884 Arvernie
1558 2820 1596 2880 et
1609 2819 1872 2880 montanorum
1885 2799 2017 2877 Arver-

594 2933 656 3010 nie
665 2933 838 3026 balliviis,
849 2965 892 3014 ex
899 2954 1004 3044 parte
1014 2954 1141 3016 nostra
1152 2937 1334 3046 deputati,
1346 2935 1578 3044 pervenisset
1586 2934 1787 3041 quodcum
1798 2931 1905 3021 olim,
1917 2948 2017 3008 certa

595 3063 643 3140 de
651 3091 776 3155 causa,
790 3093 831 3144 ex
843 3083 948 3174 purte
958 3068 1382 3175 nostra,proclamatum
1392 3065 1535 3155 luisset,
1549 3064 1651 3172 apud
1658 3063 1900 3171 longincum,
1912 3062 2016 3168 quod

594 3191 767 3274 homines
785 3198 833 3274 de
847 3198 1030 3306 Langiaco
1048 3227 1133 3276 cum
1151 3199 1263 3276 armis
1278 3198 1378 3305 apud
1396 3194 1815 3275 Sanctum-Porciorum
1828 3191 2015 3280 venirent,

593 3322 663 3400 sub
675 3351 772 3430 pena
786 3327 996 3404 amissionis
1006 3355 1207 3432 corporum
1226 3326 1480 3418 othonorum,
1497 3324 1545 3402 ad
1560 3341 1699 3400 certam
1713 3322 1827 3409 diem,
1837 3337 1876 3397 et
1889 3321 2018 3426 plores

592 3451 711 3556 ipsius
721 3455 795 3532 loci
811 3455 988 3534 homines
1001 3455 1151 3534 nobiles
1165 3456 1205 3532 in
1220 3459 1289 3533 hac
1306 3475 1411 3559 parte
1431 3481 1564 3560 parere
1582 3454 1768 3543 volentes,
1790 3449 1890 3556 apud
1909 3453 2018 3530 Sane

591 3585 907 3663 tumPorcianum
919 3587 1104 3673 venirent,
1113 3585 1219 3690 juxta
1233 3583 1454 3662 mandatum
1469 3584 1508 3660 in
1523 3582 1821 3688 proclamacione
1831 3581 2013 3686 predicta,

594 3741 637 3790 er
648 3731 751 3819 parte
761 3734 902 3804 nostra,
918 3715 1076 3802 lactum,
1090 3713 1314 3791 Guillelmus
1323 3710 1487 3788 Penidos
1497 3711 1545 3787 de
1561 3713 1762 3818 Langiaco,
1776 3712 1830 3790 eis
1844 3713 2014 3803 obvians,

594 3841 851 3948 dixeritquod
871 3869 1003 3921 ornnes
1027 3859 1316 3932 reverterentur,
1341 3841 1433 3918 dum
1454 3857 1583 3916 tamen
1604 3837 1676 3917 sibi
1699 3839 1861 3944 quilibet
1883 3869 2015 3918 eorum

593 3969 755 4047 traderet
767 3971 897 4077 viginti
912 3989 988 4049 tres
1008 3944 1149 4050 solidos
1170 3971 1427 4057 Turonenses‚
1444 3995 1611 4048 asserens
1618 3967 1723 4046 idem
1735 3968 1961 4048 Guillelmus
1974 3999 2015 4048 se

594 4099 642 4176 od
657 4100 745 4189 hoc,
765 4127 809 4176 ex
823 4117 927 4206 parte
942 4117 1083 4191 nostra,
1101 4101 1240 4180 hebere
1259 4099 1417 4206 speciale
1431 4099 1674 4189 mandatum,
1690 4118 1729 4178 et
1742 4100 1791 4178 oh
1810 4101 1904 4191 hoc,
1924 4101 2015 4180 dicti

595 4227 767 4306 homines
788 4231 924 4307 revomi
943 4231 1109 4330 fuerant,
1133 4247 1172 4308 et
1191 4230 1317 4308 eidem
1336 4229 1521 4308 solverant
1534 4230 1695 4338 quilibet
1713 4231 1842 4338 viginti
1860 4249 1938 4310 tres
1953 4259 2015 4309 so-

593 4358 691 4437 lidos
710 4361 974 4454 Turonenses3
996 4361 1120 4439 dictus
1140 4359 1352 4468 Philippus,
1370 4377 1499 4439 contra
1520 4361 1646 4468 ipsum
1668 4360 1915 4440 Guillelmum
1930 4391 2014 4468 pre·

593 4505 753 4580 sentem,
774 4519 898 4569 coram
913 4493 1007 4598 ipso,
1024 4491 1191 4598 predicto
1204 4491 1419 4598 proposuit,
1436 4489 1615 4569 adfinem
1627 4493 1750 4597 quod,
1767 4491 1860 4569 lacta
1871 4493 1948 4570 fide
1964 4494 2012 4570 de

593 4619 666 4699 hiis
682 4649 755 4728 que
770 4621 986 4700 sufficerent
1000 4623 1048 4701 de
1063 4623 1270 4730 premissis,
1292 4622 1394 4700 idem
1415 4621 1641 4702 Guillelmus
1658 4651 1775 4730 super
1791 4624 1865 4702 hoc
1884 4621 2012 4700 debite

591 4751 788 4858 puniretur
814 4770 852 4830 ot
872 4753 921 4830 ed
944 4755 1221 4833 restituendum
1244 4771 1392 4862 recepta
1416 4753 1470 4830 sic
1495 4783 1564 4860 per
1589 4781 1678 4831 eum
1698 4753 2010 4860 compelleretur3

592 4880 657 4959 lite
670 4881 783 4990 igitur
796 4913 910 4992 super
926 4885 1014 4976 hoc,
1033 4915 1076 4964 ex
1091 4904 1194 4993 parte
1210 4885 1327 4992 ipsius
1338 4881 1532 4964 Guillelmi
1546 4883 1713 4990 predicta
1726 4884 1910 4989 negantis,
1928 4913 2014 4962 con·

591 5029 724 5094 testata
733 5043 857 5094 corum
871 5015 972 5096 dicto
984 5016 1174 5126 Philippo,
1188 5014 1438 5123 receptisque,
1453 5041 1522 5120 per
1533 5013 1658 5120 ipsum
1667 5009 1896 5121 Philippum,
1913 5013 2014 5090 testi·

592 5142 664 5222 bus
675 5173 790 5252 super
800 5148 990 5254 predictis,
1000 5149 1135 5256 juratis
1153 5165 1190 5226 et
1202 5144 1435 5234 examinetis,
1454 5144 1542 5251 quia
1556 5143 1658 5222 dicto
1665 5143 1840 5250 Philippo
1854 5143 2012 5220 dubium

593 5301 706 5382 super
725 5278 901 5385 predictis
922 5296 1151 5368 occurrerat,
1171 5279 1275 5357 idem
1298 5275 1493 5382 Philippus
1511 5303 1728 5381 processum
1745 5289 1784 5350 et
1800 5274 2010 5379 inquestnm
2051 5281 2058 5296 '

594 5431 706 5510 super
725 5405 798 5484 hoc
815 5407 947 5486 sactnm
969 5409 1017 5488 ed
1040 5403 1206 5490 nostram
1233 5408 1373 5487 curiam
1398 5407 1600 5514 reportavit
1619 5402 1897 5515 judicandum:
1923 5399 2009 5478 Visa

677 5577 726 5622 ses
745 5579 827 5622 ocru.
849 5583 895 5624 ur.
1839 5551 1879 5634 67
