5817 7292
867 1118 936 1188 ren
1143 1205 1151 1216 ¹
1387 1138 1389 1141 ·
1436 1121 1533 1192 cns
1554 1117 1703 1194 -omu,

517 1284 523 1294 ·
640 1260 823 1400 sewu,
857 1256 1053 1347 dicebant,
1065 1286 1149 1336 non
1163 1276 1228 1336 est
1239 1276 1430 1338 mecmtor
1442 1261 1517 1338 sed
1535 1261 1729 1340 usmariua
1741 1257 1983 1350 manifestus,
1998 1262 2128 1342 volens
2146 1265 2284 1348 dictem

858 1389 1057 1494 pecuniam
1075 1407 1181 1466 estre
1201 1418 1362 1500 regnum
1380 1409 1556 1470 nostrum
1579 1409 1616 1469 et
1638 1411 1766 1472 contra
1789 1409 1955 1472 nostram
1979 1393 2284 1501 prohibicionem

855 1520 1006 1598 deferre
1025 1518 1297 1611 fraudationem,
1319 1539 1357 1600 et
1375 1523 1495 1600 eciam
1507 1523 1674 1602 transire
1693 1551 1763 1630 per
1784 1541 1939 1630 portum
1959 1553 2038 1604 non
2057 1545 2282 1608 consuetum

856 1671 897 1732 et
914 1669 1157 1761 suspectum:
1177 1654 1365 1743 Tandem,
1387 1653 1575 1762 inquesita,
1593 1683 1713 1760 super
1731 1655 1806 1734 hoc
1824 1654 1918 1734 iacta
1939 1656 1986 1736 de
2005 1659 2185 1738 mndata
2203 1661 2282 1740 dic·

857 1802 982 1862 tarum
998 1785 1174 1892 gencium
1187 1801 1418 1872 nostrarum,
1432 1784 1509 1862 visa
1524 1800 1562 1862 et
1574 1783 1780 1894 diligenter
1793 1786 2015 1877 examinate,
2032 1790 2122 1896 qtria
2132 1819 2214 1870 non
2228 1809 2284 1868 est

856 1919 1054 1996 inventum
1072 1915 1178 2023 quod
1202 1916 1326 1993 dictim
1348 1915 1580 2024 Regineldus
1596 1916 1649 1994 sit
1670 1918 1884 2007 usurarius,
1906 1918 1973 1998 sed
1994 1938 2191 2010 mercator,
2214 1951 2284 2000 nec

858 2047 982 2153 aliqua
997 2074 1107 2124 causa
1120 2061 1401 2154 propterquam
1415 2044 1515 2124 dicta
1529 2046 1692 2153 pecunia
1703 2047 1814 2125 nobis
1830 2047 1878 2126 sit
1892 2048 2104 2158 commissa,
2119 2079 2284 2157 monuo·

858 2179 997 2254 cintnm
1015 2176 1105 2268 fuit,
1127 2206 1195 2286 per
1214 2177 1317 2256 curie
1336 2193 1465 2254 nostre
1483 2176 1693 2283 judicium,
1718 2177 1857 2258 dictam
1872 2179 2071 2286 paeonum
2092 2180 2192 2260 dicto
2212 2183 2282 2258 Re·

858 2309 1011 2414 gineido
1032 2337 1053 2385 a
1072 2308 1182 2389 dictis
1200 2307 1386 2386 militibus
1405 2335 1486 2384 esse
1504 2306 1760 2388 reddendam.

915 2441 1013 2517 iovis
1032 2455 1118 2548 post
1130 2438 1579 2518 Sanctum-Clementem.
1632 2523 1633 2526 Ἴ

917 2571 1091 2650 Bocellus
1108 2570 1320 2678 reportavit.

917 2837 989 2914 VII.
1022 2837 1119 2913 Cum
1139 2835 1316 2914 dominus
1337 2835 1385 2912 de
1405 2834 1662 2913 Miro-Monte
1684 2835 1827 2914 diceret
1845 2865 1884 2913 se
1906 2865 1985 2914 esse
2006 2837 2045 2912 in
2066 2837 2199 2916 saisina
2220 2838 2283 2912 ha-

859 2966 977 3042 bendi
989 2966 1243 3043 ostensionem
1254 2993 1464 3056 armorum,
1477 2967 1683 3046 exercitum
1695 2967 1965 3046 eteavalcatam
1977 2995 2019 3044 ac
2032 2968 2150 3046 eciam
2162 2996 2283 3046 emen-

859 3099 926 3175 das
948 3097 1093 3174 levandi
1114 3097 1462 3175 inobedienciuma
1484 3099 1754 3206 burgensibus,
1776 3099 1938 3178 scabinis
1958 3115 1995 3176 et
2017 3099 2282 3178 communitate

861 3230 959 3306 dicte
975 3228 1064 3304 ville
1086 3246 1125 3305 et
1139 3229 1460 3307 commorantibus
1479 3229 1518 3306 in
1538 3231 1688 3323 eadem,
1711 3247 1750 3306 et
1765 3231 1871 3336 quod
1893 3229 1940 3309 de
1962 3230 2035 3308 boc
2056 3258 2146 3310 usus
2162 3229 2285 3310 fuerat

860 3387 928 3464 per
938 3359 1104 3464 spacium
1119 3360 1212 3435 tanti
1224 3359 1407 3466 temporis
1417 3358 1526 3466 quod
1538 3359 1676 3438 sufficit
1687 3360 1739 3437 ad
1751 3361 1887 3438 bonam
1899 3359 2074 3438 saisinam
2090 3360 2284 3465 acquiren-

859 3491 966 3576 dam,
989 3519 1104 3596 quare
1120 3492 1273 3596 petebat
1292 3490 1473 3597 quasdam
1493 3490 1641 3596 prisias‚
1663 3520 1730 3598 per
1750 3491 1875 3599 ipsum
1896 3489 2008 3568 factas
2027 3518 2143 3598 snper
2164 3488 2283 3568 dictos

861 3622 1065 3729 burgenses
1078 3639 1117 3699 et
1129 3623 1454 3709 communitatem,
1470 3621 1620 3699 racione
1637 3621 1986 3701 inobedienciasum
2001 3621 2182 3700 exercitus
2197 3649 2283 3698 nos-

859 3754 907 3830 tri
932 3756 1124 3846 Flundrie,
1157 3756 1195 3831 in
1221 3781 1335 3830 manu
1359 3751 1487 3830 ballivi
1512 3754 1628 3832 nostri
1654 3753 1960 3834 Viromandensis
1984 3769 2107 3858 captas
2130 3770 2284 3860 propter

862 3886 1042 3964 debatuin
1065 3886 1247 3964 dictarum
1272 3883 1452 3989 partium,
1482 3883 1553 3960 sibi
1573 3885 1682 3962 reddi
1705 3901 1744 3963 et
1761 3885 1932 3975 liberari,
1954 3884 2065 3963 dictis
2088 3883 2284 3992 burgensi-

861 4017 951 4109 bus,
973 4018 1133 4096 scabinis
1158 4033 1196 4093 et
1220 4015 1489 4115 communitate
1516 4015 1728 4094 dicentibus
1753 4017 1791 4092 in
1816 4016 2046 4094 contrarium
2074 4043 2112 4092 se
2139 4041 2218 4094 esse
2243 4015 2282 4088 in

861 4150 994 4227 saisina
1008 4149 1156 4226 vivendi
1171 4148 1290 4225 libere
1311 4145 1450 4252 absque
1467 4147 1699 4252 prestacione
1716 4147 1899 4225 exercitus
1915 4175 1983 4224 seu
2002 4145 2179 4224 cavalcatc
2197 4173 2283 4222 con·

860 4298 916 4358 tra
929 4283 1105 4358 dominus
1120 4280 1170 4357 de
1184 4280 1423 4358 MiroMcnte
1437 4291 1476 4355 et
1491 4296 1619 4356 contra
1635 4278 1778 4356 dictum
1794 4277 1994 4358 dominum
2008 4278 2074 4384 qui
2089 4305 2191 4354 nunc
2209 4294 2280 4364 est,

860 4429 898 4487 et
916 4411 1022 4516 quod
1035 4409 1076 4484 in
1093 4411 1163 4486 bac
1181 4410 1316 4487 saisina
1330 4407 1487 4488 fuerunt
1504 4409 1592 4515 ipsi,
1612 4426 1656 4486 ut
1671 4408 1819 4496 dicunt,
1835 4435 1856 4484 a
1872 4424 1978 4486 tanto
1992 4426 2164 4516 tempore
2179 4405 2283 4514 quod

860 4543 959 4619 bona
988 4541 1123 4618 saisina
1142 4540 1191 4615 de
1210 4542 1284 4616 hoc
1307 4559 1365 4618 est
1389 4541 1443 4618 eis
1462 4539 1663 4646 acquisita,
1687 4540 1850 4646 ideoque
1875 4539 2055 4646 petebant
2079 4538 2182 4644 quod
2208 4537 2283 4642 pri-

855 4675 913 4750 sie
933 4671 1100 4779 predicte
1119 4668 1191 4748 sibi
1216 4672 1504 4749 restituerentur
1522 4686 1561 4748 et
1580 4671 1854 4752 liberarentur:
1875 4671 1961 4750 Visa
1977 4671 2150 4776 inquesta
2170 4695 2282 4774 super

858 4804 1002 4880 hiisde
1021 4801 1196 4880 mandato
1216 4819 1343 4879 nmtro
1359 4802 1470 4892 sacta,
1490 4803 1576 4880 visis
1594 4803 1705 4882 cartis
1723 4819 1761 4880 et
1774 4801 1857 4879 aliis
1878 4800 2011 4878 litteris
2029 4827 2074 4876 ex
2088 4814 2191 4903 parte
2205 4797 2283 4874 dic-

858 4933 1265 5043 torum-burgensium,
1287 4935 1524 5012 scabinorum
1545 4951 1583 5010 et
1601 4932 1879 5014 communitatis
1897 4930 2106 5038 productis,
2129 4928 2283 5010 auditis-

859 5066 1168 5175 queuacionibus
1181 5069 1382 5176 prepositis
1395 5067 1484 5144 hinc
1498 5082 1536 5144 et
1550 5067 1658 5157 inde,
1677 5064 1765 5173 quia
1783 5063 1976 5144 inventum
1991 5078 2048 5140 est
2063 5061 2189 5142 dictos
2197 5063 2282 5142 bur-

855 5225 1006 5308 genses,
1028 5200 1199 5281 scabinos
1219 5217 1258 5276 et
1280 5199 1589 5277 communitatem
1609 5197 1836 5276 strfficienter
1848 5191 2026 5304 probasse
2044 5191 2193 5300 prisias,
2215 5221 2283 5299 per

856 5334 1001 5411 dictum
1023 5332 1241 5419 dominum,
1271 5331 1465 5408 occasione
1488 5357 1621 5438 guerre
1647 5345 1684 5406 et
1703 5325 1890 5404 exercitus
1914 5339 2144 5413 noseorum.
2171 5351 2283 5432 super

858 5465 959 5572 ipsos
977 5459 1068 5544 alias
1088 5461 1215 5549 factas,
1237 5460 1337 5537 bona
1357 5461 1475 5538 eciam
1492 5489 1624 5538 eorum
1639 5488 1713 5566 per
1723 5459 1847 5564 ipsum
1866 5473 1972 5564 capta
1985 5455 2179 5540 ccceuone
2199 5485 2283 5564 pre-
