5817 7292
871 1139 944 1209 360
1452 1134 1543 1206 LES
1572 1132 1712 1206 OLIM.

647 1288 777 1341 annm
791 1284 832 1349 tv,
926 1278 1017 1355 VIII.
1053 1278 1150 1355 Cum
1170 1276 1218 1353 ad
1237 1277 1380 1353 curiam
1395 1293 1561 1353 nostram
1575 1276 1826 1351 biterrensem
1842 1273 2073 1380 pervenisset
2088 1278 2189 1382 quod
2205 1281 2293 1387 Ray·

710 1382 771 1423 ¹³⁰²
871 1408 1038 1485 mundus
1065 1406 1244 1496 Gasaudi‚
1277 1407 1468 1486 Guiardus
1496 1407 1543 1483 de
1571 1405 1705 1499 Almis,
1731 1404 1906 1482 consules
1928 1408 2036 1485 castri
2065 1408 2114 1484 de
2139 1408 2291 1499 Rolano,

872 1569 957 1617 cum
984 1536 1156 1644 pluribus
1176 1538 1256 1615 aliis
1277 1537 1552 1615 habitatoribus
1579 1535 1668 1612 dicti
1693 1536 1800 1613 castri
1830 1536 1901 1613 sihi
1931 1539 2136 1627 associatis,
2166 1538 2295 1617 babito

871 1669 1028 1747 consilio
1049 1685 1087 1745 et
1105 1684 1264 1745 tractatu
1285 1698 1371 1745 cum
1394 1667 1615 1776 consiliariis
1634 1666 1729 1742 dicti⁴
1744 1668 1870 1756 castri,
1891 1697 1985 1744 ausu
2004 1671 2223 1757 temerario,
2245 1670 2294 1745 ad

870 1799 1071 1907 quamdam
1091 1799 1366 1905 possessionem
1385 1826 1451 1875 seu
1471 1798 1659 1874 honorem
1678 1797 1860 1873 Bernardi
1881 1798 1929 1875 de
1950 1798 2106 1888 Caslari,
2120 1801 2235 1876 'sitam
2256 1801 2295 1875 in

870 1931 1061 2009 territorio
1088 1931 1176 2009 dicti
1202 1931 1325 2021 castri,
1356 1945 1610 2016 accesserunt,
1639 1946 1677 2004 et
1700 1929 1844 2005 ibidem
1875 1930 2119 2036 quamplures
2148 1932 2297 2008 arbores

871 2060 1080 2139 fructiferas
1106 2080 1145 2139 et
1170 2090 1247 2138 non
1277 2059 1502 2152 fructiferas,
1531 2089 1624 2167 quas
1650 2059 1825 2138 dicebant
1854 2061 2074 2138 chemiuum
2099 2062 2296 2168 publicum

873 2194 1075 2301 impedire,
1096 2212 1174 2271 tam
1195 2224 1280 2271 cum
1301 2193 1511 2271 cutellessis
1529 2220 1643 2299 quam
1664 2191 1747 2269 aliis
1765 2192 1939 2298 pluribus
1954 2209 1992 2270 et
2010 2193 2163 2270 diversis
2183 2221 2297 2269 arma-

873 2325 985 2415 turis,
1002 2326 1218 2403 scinderunt
1234 2342 1272 2402 et
1286 2354 1413 2403 secum
1430 2340 1690 2431 portaverunt,
1707 2323 1747 2399 in
1762 2326 1903 2431 grande
1914 2325 2164 2432 prejudicium
2179 2325 2297 2431 etjac-

874 2475 998 2534 turam
1015 2456 1103 2533 dicti
1118 2459 1178 2545 Β.,
1194 2458 1275 2563 ipso
1294 2456 1412 2533 inscio
1429 2472 1467 2531 et
1486 2455 1702 2563 ignorante,
1715 2484 1862 2533 necnon
1881 2456 1919 2531 in
1937 2472 2194 2562 contemptum
2209 2484 2297 2533 nos-

875 2606 930 2664 tre
946 2589 1047 2696 regie
1063 2587 1273 2693 potestatis,
1292 2615 1379 2664 cum
1395 2586 1496 2662 istud
1514 2585 1563 2660 ad
1578 2584 1893 2662 officiumnostre
1909 2586 2059 2694 justicie
2074 2588 2296 2692 pertinerem

875 2747 989 2824 super
1008 2717 1148 2823 quibus
1167 2718 1270 2794 curia
1290 2734 1415 2793 nostra
1435 2715 1620 2822 predicta,
1643 2744 1710 2792 seu
1733 2717 1851 2824 judex
1871 2734 1997 2794 noster
2015 2716 2237 2794 Biterrensis
2257 2746 2300 2795 ex

876 2846 999 2925 offici0
1027 2877 1096 2925 suo
1121 2848 1340 2955 inquisivit3
1366 2848 1432 2953 qui
1453 2846 1588 2955 judex,
1609 2865 1853 2953 procuratore
1881 2866 2009 2930 nostro
2034 2868 2210 2957 presente
2234 2876 2301 2956 pro

876 2979 1003 3067 nobis,
1020 3007 1064 3055 ex
1077 3009 1153 3057 una
1166 2994 1283 3086 parte,
1302 2996 1340 3055 et
1355 2979 1474 3055 eciam
1491 2977 1832 3060 dictisconsulibus
1841 2980 2098 3084 presentibus,
2114 3010 2156 3057 ex
2172 2982 2299 3070 altera,

877 3111 962 3187 visis
982 3129 1019 3187 et
1040 3111 1241 3217 diligenter
1265 3110 1443 3217 inspectis
1463 3109 1587 3187 tocius
1607 3109 1779 3215 inqueste
1800 3138 1914 3216 super
1933 3111 2006 3188 hoc
2026 3109 2121 3188 facte
2142 3113 2300 3199 meritis,

879 3242 997 3321 dictos
1014 3241 1201 3330 consules,
1220 3259 1274 3329 et,
1294 3270 1361 3348 per
1376 3270 1440 3319 eos
1457 3241 1740 3319 universitatem
1758 3241 1848 3318 dicti
1865 3241 1955 3331 loci,
1973 3243 2013 3317 in
2028 3243 2179 3349 triginta
2196 3242 2303 3319 libris

878 3374 1165 3451 Turonensihus
1185 3372 1291 3451 fortis
1314 3391 1484 3462 monete,
1506 3374 1633 3462 nobis,
1660 3402 1731 3480 pro
1759 3374 1935 3463 emenda,
1959 3391 1996 3451 et
2020 3374 2120 3451 dicto
2145 3376 2205 3460 Β.,
2232 3402 2302 3479 pro

880 3492 1057 3611 dampnis
1080 3505 1175 3596 suis,
1202 3505 1241 3579 in
1265 3505 1421 3613 triginta
1445 3505 1577 3583 solidis
1595 3505 1890 3583 Turonensihus·
1907 3503 2183 3581 sentencialiter
2212 3533 2304 3582 con·

881 3635 1110 3743 dempnavit3
1132 3665 1237 3743 aqua
1252 3638 1441 3714 sentencia
1457 3638 1548 3713 dicti
1564 3638 1737 3715 consules
1754 3636 1801 3712 ad
1817 3636 2061 3713 senescallum
2078 3636 2303 3714 Carcassone

881 3768 1115 3874 appellarunt
1131 3802 1139 3857 ;
1158 3768 1223 3874 qui
1239 3770 1481 3859 senescallus,
1504 3770 1544 3847 in
1559 3799 1669 3847 causa
1686 3768 1783 3846 dicte
1804 3768 2069 3875 appellacionis
2083 3768 2301 3873 procedens,

880 3899 1140 4005 pronunciavit
1162 3899 1305 3975 dictum
1327 3900 1497 4007 judicem
1523 3901 1790 3991 Biterrensem‚
1817 3916 2002 4006 quantum
2026 3900 2075 3976 ad
2099 3900 2219 3977 dictos
2241 3902 2307 3977 tri-

882 4030 983 4137 ginta
998 4029 1155 4121 solidos,
1173 4030 1273 4107 bene
1284 4032 1569 4137 pronunciasse,
1589 4048 1627 4107 et
1643 4030 1763 4107 dictos
1778 4030 1952 4108 consules
1970 4030 2068 4106 male
2086 4030 2305 4137 appellasse;

883 4177 938 4249 et,
951 4162 1039 4267 quia
1052 4162 1122 4239 sibi
1134 4162 1255 4239 visum
1264 4159 1336 4241 fuit
1349 4163 1453 4270 quod
1465 4162 1728 4270 dictusjudex,
1743 4162 1782 4236 in
1795 4160 1932 4238 minori
1946 4190 2092 4237 summa
2102 4161 2228 4264 nobis,
2239 4192 2306 4269 pro

884 4294 1060 4382 emenda,
1079 4295 1417 4402 condempnaverat
1435 4294 1557 4372 dictos
1574 4293 1756 4371 consules
1768 4320 1881 4397 quam
1903 4292 2077 4383 deberet,
2094 4293 2134 4367 in
2155 4311 2308 4371 centurn
2369 4312 2372 4316 ’

884 4422 989 4503 libris
1014 4426 1298 4506 Turonensihus
1320 4426 1454 4505 dandis
1475 4442 1513 4503 et
1532 4424 1722 4503 solvendis
1741 4423 1851 4500 nobis
1867 4422 2027 4500 ‘eosdem
2046 4424 2310 4531 comdempna-

884 4555 950 4643 vit,
973 4556 1204 4634 sentenciam
1223 4557 1383 4665 predicti
1398 4556 1537 4665 judicis
1561 4556 1601 4631 in
1626 4553 1863 4662 septuaginta
1883 4555 2072 4631 dumtaxat
2091 4552 2199 4631 libris
2218 4583 2310 4662 aug-

885 4690 1113 4779 mentando,
1141 4718 1159 4765 a
1180 4716 1254 4795 qua
1273 4689 1430 4795 quidem
1455 4686 1653 4771 sentencia,
1674 4685 1765 4761 dicti
1785 4682 1960 4761 consules
1980 4684 2028 4762 ad
2054 4702 2217 4761 nostram
2241 4711 2309 4762 au-

886 4819 1071 4897 dienciam
1092 4820 1352 4927 appellarunt:
1372 4822 1414 4897 In
1436 4849 1510 4926 qua
1536 4846 1647 4896 causa
1663 4816 1947 4923 appellaciouis‚
1971 4816 2059 4893 visis
2081 4842 2149 4920 per
2167 4814 2309 4891 curiam

885 4969 1051 5029 nostram
1076 4952 1313 5057 processibus
1331 4950 1573 5059 supradictis,
1595 4949 1723 5029 habita
1749 4946 2026 5027 deliberacione
2046 4946 2151 5053 quod
2175 4974 2246 5023 nec
2265 4946 2313 5022 ad

886 5082 1006 5159 dictos
1021 5062 1195 5161 consules
1209 5111 1278 5159 nec
1289 5083 1337 5160 ad
1352 5082 1575 5160 carrerarios
1589 5108 1657 5188 per
1673 5108 1738 5158 eos
1754 5079 1910 5169 electos,
1927 5078 1999 5157 nisi
2012 5078 2061 5155 de
2077 5077 2233 5155 licencia
2247 5106 2313 5155 su-

885 5212 1060 5317 perioris,
1083 5214 1201 5293 immo
1222 5214 1345 5293 solum
1366 5214 1412 5291 ad
1433 5242 1502 5292 nos
1522 5242 1591 5291 seu
1610 5211 1658 5289 ad
1683 5228 1833 5289 nostros
1850 5208 2029 5287 officiales
2053 5210 2208 5287 nomine
2228 5236 2316 5284 nos-

884 5361 960 5434 tro,
983 5342 1115 5421 incisio
1136 5375 1204 5425 seu
1224 5344 1370 5424 amocio
1388 5374 1517 5422 rerum
1533 5346 1604 5420 iter
1618 5342 1813 5449 publicum
1836 5340 2131 5446 impediencium
2152 5338 2316 5415 dinosci-

884 5492 948 5550 tur
970 5477 1175 5582 pertinere‚
1197 5505 1273 5585 que
1296 5476 1452 5555 licencia
1475 5474 1680 5580 superioris
1704 5502 1774 5579 per
1792 5472 1914 5550 dictos
1938 5471 2113 5551 consules
2132 5468 2314 5578 legittime
