5817 7292
887 1078 961 1147 216
1468 1083 1557 1155 tus
1590 1081 1723 1156 OLIM.

667 1231 795 1283 ruriam
808 1226 851 1289 tt.
939 1220 1083 1300 XLVII.
1113 1221 1216 1301 Cum
1229 1220 1270 1296 in
1288 1219 1424 1300 nostris
1436 1223 1641 1330 Campanis
1660 1220 1855 1310 nundinis,
1870 1246 1996 1298 coram
2009 1221 2191 1300 dictarum
2209 1251 2308 1302 uun·

722 1319 783 1364 Μ’
883 1348 1057 1428 dinarrnn
1081 1350 1315 1443 custodibus,
1337 1370 1437 1430 mota
1463 1371 1561 1430 esset
1580 1347 1828 1431 controversia
1852 1350 1951 1428 inter
1968 1349 2148 1428 Jacobum
2174 1371 2213 1429 et
2230 1355 2305 1433 Ge-

883 1479 1032 1558 raldum
1052 1483 1173 1560 dictos
1195 1480 1388 1561 Chauchet
1411 1500 1448 1559 et
1466 1482 1718 1562 Guillelmum
1740 1482 1883 1571 Poucii,
1906 1482 2003 1560 cives
2022 1499 2061 1558 et
2083 1502 2306 1564 mercatores

881 1611 1226 1701 Claromontenses,
1253 1641 1295 1689 ex
1316 1632 1420 1720 parte
1441 1642 1536 1704 una,
1560 1631 1597 1690 et
1618 1611 1791 1722 bajulum
1812 1613 1915 1690 curie
1938 1613 2302 1708 Montis-Pessulani,

880 1743 1056 1821 carissimi
1084 1744 1256 1821 avunculi
1286 1761 1323 1820 et
1351 1743 1476 1821 fidelis
1504 1744 1621 1821 nostri
1650 1743 1747 1850 regis
1775 1743 2036 1853 Majoricarum
2058 1743 2235 1837 illustris,
2261 1776 2303 1824 ex

877 1872 1011 1963 altera,
1033 1877 1146 1981 super
1172 1904 1218 1954 eo
1240 1873 1345 1983 quod
1368 1874 1457 1951 dicti
1479 1891 1705 1952 mercatores
1729 1875 1909 1981 petebant
1927 1893 1967 1952 et
1984 1875 2227 1981 requirebant
2245 1907 2303 1954 re·

874 2006 1017 2111 gistrari
1035 2005 1239 2113 quamdam
1259 2005 1488 2082 sentenciam
1515 2031 1583 2082 seu
1605 2004 1814 2096 defensam,
1837 2005 1886 2082 ad
1912 2033 2044 2086 eorum
2065 2007 2298 2098 instanciam,

874 2155 1005 2214 contra
1023 2137 1304 2214 universitatem
1328 2153 1580 2213 mercatorum
1599 2153 1639 2212 et
1659 2136 1860 2214 bominum
1887 2136 1933 2213 de
1957 2139 2299 2216 MontePessulano

876 2283 913 2342 et
932 2268 1104 2346 subditos
1124 2268 1214 2345 dicti
1232 2266 1351 2374 bajuli
1371 2285 1411 2343 et
1437 2293 1570 2344 coram
1597 2267 1712 2359 bona,
1735 2267 1848 2346 latam
1871 2295 1939 2374 per
1960 2267 2133 2344 custodes
2154 2269 2299 2373 predio-

874 2416 949 2486 tos,
966 2428 1036 2504 pro
1051 2399 1215 2505 eoquod
1230 2395 1518 2505 dictus-bajulus
1533 2399 1571 2474 in
1589 2398 1815 2475 execucione
1833 2397 2094 2475 mandatorum
2111 2398 2298 2476 dictorum

873 2531 1074 2607 custodum
1100 2530 1147 2606 de
1171 2528 1458 2635 compellendo,
1481 2559 1548 2636 per
1573 2557 1730 2606 suorum
1756 2528 2018 2606 vendicionem
2043 2529 2230 2608 bonorum
2260 2548 2297 2607 et

874 2663 1089 2768 capcionem
1110 2687 1327 2766 corporum,
1344 2659 1579 2766 Philippum,
1596 2661 1777 2737 Jacobum
1800 2678 1838 2736 et
1856 2662 2008 2737 Petrum
2026 2660 2074 2735 de
2094 2660 2294 2750 cruceliis,

873 2811 911 2867 et
922 2792 1014 2868 alios
1031 2792 1077 2868 de
1093 2792 1268 2868 societate
1286 2789 1476 2867 dictorum
1494 2790 1541 2867 de
1558 2790 1763 2880 Cruzoliis,
1777 2789 1825 2868 ad
1841 2790 2082 2890 reddendum
2098 2808 2135 2868 et
2151 2790 2297 2868 solven-

874 2923 965 3001 dum
982 2923 1091 3001 dictis
1104 2922 1376 3001 mercatoribus
1392 2923 1575 3029 quasdam
1592 2923 1837 3029 pecuniarum
1850 2922 2093 3029 quantitates,
2107 2923 2297 3030 inquibus

873 3056 962 3133 dicti
979 3054 1169 3132 debitores
1185 3054 1403 3160 decerpere
1420 3053 1677 3130 nundinarum
1695 3053 1915 3131 dicebantur
1928 3053 2071 3130 eisdem
2089 3056 2298 3132 mercatori-

871 3187 943 3264 bus
966 3185 1164 3263 efficaciter
1183 3183 1356 3292 obligati,
1382 3183 1578 3293 negligens
1601 3182 1724 3261 filerat
1746 3201 1786 3260 et
1806 3184 1923 3260 eciam
1948 3184 2172 3273 defectivum
2193 3185 2295 3266 dicto

869 3317 997 3424 bajulo
1010 3317 1049 3392 in
1066 3315 1223 3392 contrari
1230 3341 1292 3391 um
1310 3333 1498 3392 asserente
1518 3345 1557 3392 se
1576 3340 1726 3423 semper
1737 3341 1818 3390 esse
1834 3331 1872 3389 et
1887 3313 1999 3390 firisse
2017 3315 2055 3388 in
2072 3316 2293 3396 execucione

870 3449 1059 3525 dictorum
1072 3447 1334 3524 mandatorum
1346 3445 1568 3554 diligentem
1580 3507 1589 3534 ,
1603 3463 1657 3536 et,
1675 3444 1806 3522 multis
1818 3443 1903 3523 aliis
1917 3441 2144 3532 racionibus,
2161 3472 2293 3550 propo

870 3596 983 3656 nente
1004 3579 1142 3658 dictam
1166 3576 1442 3655 inbibicionem
1468 3607 1534 3656 seu
1557 3576 1748 3656 defensam
1768 3603 1846 3652 non
1865 3592 1995 3652 tenere
2011 3599 2084 3650 noc
2103 3575 2291 3681 registrari

871 3713 1029 3800 dehere,
1041 3710 1213 3796 tandem,
1228 3708 1365 3786 auditis
1382 3710 1599 3788 racionibus
1614 3706 2067 3814 parciumpredictarum,
2084 3733 2152 3809 per
2169 3707 2291 3783 dictos

869 3843 1044 3921 custodes
1062 3841 1133 3918 luit
1152 3841 1442 3948 pronunciatum
1465 3841 1599 3917 mnam
1622 3837 1810 3915 interdicti
1828 3836 2057 3914 sentenciam
2074 3863 2142 3912 seu
2163 3836 2292 3914 defen·

870 4003 965 4065 sam,
982 4002 1058 4050 non
1074 3972 1314 4050 obstantibus·
1328 3971 1529 4079 propositis
1550 3999 1593 4049 ex
1612 3987 1716 4077 parte
1733 3969 1823 4046 dicti
1842 3966 1978 4076 bajuli,
1998 3993 2077 4043 esse
2092 3967 2291 4074 registrari·

868 4107 974 4193 dam,
990 4123 1027 4182 et
1041 4105 1146 4214 quod
1161 4083 1434 4212 registraretur.
1449 4103 1564 4209 Aqua
1580 4101 1784 4186 sentencia,
1798 4117 1992 4206 tamquam
2007 4094 2096 4175 falsa
2111 4113 2148 4173 et
2164 4117 2288 4203 prava,

867 4236 938 4312 luit
957 4265 1025 4342 per
1044 4253 1326 4343 procuratorem
1346 4235 1436 4312 dicti
1457 4233 1591 4342 bajuli,
1614 4232 1766 4310 nomine
1788 4259 1857 4307 suo
1879 4246 1918 4306 et
1940 4228 2181 4307 subditorum
2202 4257 2289 4306 suo·

866 4397 970 4456 rum,
992 4368 1040 4444 ad
1055 4385 1219 4444 nostram
1236 4366 1380 4443 curiam
1395 4364 1624 4471 appellatum
1638 4393 1647 4439 ι
1662 4361 1811 4440 Auditis
1825 4361 1952 4467 igitur,
1971 4360 2010 4435 in
2029 4360 2130 4436 curia
2146 4378 2286 4450 nostra,

866 4499 974 4576 dictis
993 4497 1163 4604 partibus
1179 4498 1221 4572 in
1242 4525 1350 4576 causa
1370 4495 1638 4602 appellaciouis
1660 4493 1850 4599 predicte,
1870 4491 2031 4597 visisque
2055 4489 2288 4596 processibus

866 4630 1051 4708 dictarum
1073 4629 1264 4735 parcium,
1290 4645 1328 4704 et
1349 4625 1581 4718 nacionibus,
1612 4639 1783 4730 exparte
1809 4623 1898 4700 dicti
1924 4621 2041 4729 bajuli
2065 4618 2282 4726 propositis,

865 4762 1014 4867 plenius
1028 4760 1245 4850 intellectis,
1262 4759 1443 4866 percurie
1458 4775 1583 4836 nostre
1600 4755 1805 4864 judicium,
1823 4754 1967 4831 dictum
1980 4751 2052 4829 tuit
2064 4769 2102 4828 et
2121 4777 2286 4855 pronun-

832 4971 839 4979 ,
863 4896 1002 4973 ciatum
1020 4895 1142 4972 dictos
1156 4890 1334 4970 custodes
1349 4890 1447 4967 male
1458 4889 1667 4997 judicasse,
1685 4905 1723 4964 ct
1738 4887 1883 4964 dictum
1896 4898 2178 4993 procuratorem
2196 4879 2285 4956 dicti

862 5025 998 5131 bajuli,
1015 5025 1171 5102 nemine
1190 5021 1432 5100 subditorum
1449 5047 1623 5110 suorum,
1641 5019 1739 5096 bene
1751 5014 1978 5124 appellasse,
1997 5013 2210 5118 dictamque
2231 5011 2286 5086 in-

861 5154 1012 5231 terdicti
1028 5154 1257 5235 sentenciam
1269 5151 1565 5254 seurdefenspm·
1577 5179 1656 5226 non
1675 5149 1815 5229 debere
1835 5145 1983 5224 servaci.
2032 5179 2035 5189 ·

916 5283 1058 5362 Eadem
1085 5285 1274 5362 sentencia
1298 5282 1413 5360 debet
1438 5283 1614 5390 fieripro
1640 5282 1741 5358 dicto
1766 5277 1895 5385 bajulo
1919 5292 2063 5354 contra·
2077 5272 2282 5349 liebertum

861 5416 1038 5504 bondeti,
1061 5417 1160 5494 Doat
1181 5432 1217 5491 et
1237 5417 1434 5521 Hugonem
1459 5415 1505 5490 de
1531 5415 1692 5520 Ryomo,
1720 5413 1816 5488 cives
1843 5426 1881 5484 et
1908 5421 2136 5484 mercatores
2148 5397 2284 5476 Claro·
