5817 7292
1043 1104 1312 1216 suoutrss
1337 1124 1400 1195 cr
1427 1107 1635 1200 Procas.
1976 1131 2051 1206 ros

688 1270 778 1347 LlV.
809 1268 914 1344 Prior
944 1284 981 1344 et
1006 1265 1213 1374 capitulum
1244 1262 1398 1342 ecclesie
1425 1265 1603 1344 secularis
1627 1265 2053 1348 Sanco-Peni-Puelta-
2089 1281 2219 1336 Parnm
2232 1280 2275 1342 IV.

631 1429 716 1477 rum
734 1397 976 1476 Bituricensis
996 1415 1035 1474 et
1053 1413 1201 1474 cruatus
1222 1393 1375 1472 ecclesie
1396 1395 1637 1501 parrochialis
1657 1395 2053 1478 Sancti-Gennanide-
2143 1373 2205 1416 Μ’

630 1532 766 1620 Bosco,
789 1527 917 1620 nobis,
942 1528 1227 1634 conquerendo,
1248 1543 1506 1606 monstrarunt
1520 1526 1640 1633 quod,
1659 1555 1745 1604 cum
1766 1545 1920 1634 propter
1938 1530 2053 1608 deba-

631 1677 713 1737 tum
729 1661 977 1746 intercessit
991 1687 1068 1735 una
1078 1675 1200 1764 parte,
1213 1674 1252 1734 et
1261 1657 1435 1736 abbatem
1453 1673 1492 1734 et
1501 1675 1727 1736 conventum
1742 1657 1996 1764 Nigri-Lacus,
2011 1690 2055 1738 er

632 1791 719 1880 alia,
738 1792 888 1867 racione
905 1789 1039 1866 saisina
1050 1790 1147 1896 juris
1163 1788 1394 1894 percipiendi
1410 1788 1575 1866 decimas
1591 1788 1639 1867 de
1659 1787 1856 1868 novalibus
1870 1789 1909 1866 in
1927 1819 2055 1897 parro-

632 1922 716 1998 chia
735 1919 1054 2000 Sancti-Germani
1076 1919 1258 2025 predicta,
1281 1918 1320 1994 in
1339 1919 1446 2027 cujus
1459 1920 1558 2026 juris
1577 1919 1713 1998 saisina
1728 1947 1769 1998 se
1789 1918 1944 1998 existere
1965 1921 2056 2000 dicti

632 2069 905 2158 conquerentes
920 2051 1112 2140 dicebant,
1131 2049 1291 2125 ballivus
1308 2049 1553 2127 Bituricensis
1567 2079 1686 2128 unum
1704 2051 1927 2128 servientem
1943 2053 2057 2160 depu-

628 2199 769 2259 taverat
788 2182 837 2259 ad
856 2180 1141 2258 defendendum
1162 2181 1316 2257 eosdem
1332 2179 1378 2256 ab
1400 2180 1549 2288 injuriis
1570 2199 1608 2258 et
1625 2179 1817 2260 violenciis
1832 2183 2053 2276 manifestis,

631 2314 735 2390 etad
754 2311 978 2419 capiendum
996 2339 1056 2388 res
1075 2309 1333 2390 contenciosas
1352 2311 1451 2388 inter
1467 2330 1589 2418 partes
1605 2312 1644 2388 in
1664 2341 1780 2389 manu
1799 2328 1940 2402 nostra,
1960 2331 2055 2394 tam-

629 2473 742 2550 quam
759 2444 979 2552 superioris,
994 2444 1074 2549 qui,
1091 2473 1177 2520 cum
1190 2443 1238 2520 ad
1248 2459 1347 2520 certa
1362 2442 1444 2522 loca
1458 2444 1617 2536 novalia,
1637 2474 1723 2522 cum
1737 2445 1839 2526 dicto
1854 2446 2053 2538 serviente,

630 2577 867 2666 accederent,
881 2589 921 2651 et
934 2574 1077 2652 ibidem
1093 2602 1162 2650 suo
1178 2573 1264 2679 jure
1280 2590 1318 2650 et
1331 2574 1465 2650 saisina
1480 2590 1688 2662 uterentur,
1704 2603 1837 2682 magna
1850 2576 2055 2656 multitudo

632 2708 905 2784 monachorum
923 2721 961 2782 et
979 2731 1244 2782 conversorum
1260 2703 1415 2782 abbacie
1430 2705 1663 2810 supradicte,
1680 2705 1866 2782 associatis
1882 2706 1953 2784 sibi
1974 2707 2055 2784 aliis

634 2836 880 2943 complicibus
899 2835 1044 2912 clericis
1064 2852 1103 2911 et
1128 2834 1240 2940 laycis
1267 2833 1313 2909 de
1336 2833 1477 2910 familia
1502 2833 1687 2939 ipsorum,
1716 2863 1801 2911 cum
1822 2834 1976 2912 diversis
2000 2865 2057 2914 ar-

633 2995 784 3046 morum
806 2967 1023 3074 generibus,
1047 2966 1086 3042 in
1113 2965 1213 3071 ipsos
1235 2963 1423 3042 hostiliter
1442 2964 1644 3053 irruentes,
1671 2981 1801 3042 contra
1824 2965 2055 3071 prohibicio-

633 3127 720 3176 nem
741 3099 935 3178 servientis
952 3097 1129 3205 predicti,
1146 3095 1452 3174 commissionem
1475 3124 1580 3172 suam
1603 3096 1746 3174 eisdem
1766 3098 1999 3176 ostendentis
2018 3115 2056 3175 et

498 3245 501 3251 '
632 3231 757 3334 legere
773 3231 982 3317 offerentis,
999 3245 1169 3305 curatum
1185 3227 1399 3332 predictum
1418 3227 1577 3332 graviter
1592 3226 1834 3306 verberarunt
1846 3244 1884 3306 et
1899 3257 1988 3306 eum
2009 3229 2056 3308 le·

632 3359 757 3436 taliter
770 3362 809 3436 in
825 3356 978 3436 duobus
993 3358 1086 3434 locis
1096 3356 1354 3446 vulnerarunt,
1372 3374 1545 3462 presente
1563 3375 1600 3433 et
1619 3356 1801 3435 advoante
1818 3358 1950 3436 abbate
1972 3387 2055 3464 pre-

635 3493 752 3581 dicto;
773 3519 887 3596 super
909 3490 1063 3595 quibus,
1084 3517 1152 3594 per
1170 3486 1351 3564 ballivum
1370 3504 1543 3566 nostrum
1563 3487 1855 3576 Bituricensem,
1876 3490 2055 3596 adjuncto

633 3649 759 3701 secum
780 3619 928 3700 officiali
945 3619 1189 3706 bituricensi,
1212 3619 1349 3696 vocatis
1368 3619 1559 3723 partibus,
1582 3620 1840 3697 mandavimus
1863 3621 2056 3698 veritatem

635 3755 794 3862 inquiri,
821 3772 859 3831 et
883 3756 1094 3859 inquestam
1117 3750 1321 3857 perlectam
1345 3750 1458 3829 nobis
1481 3751 1639 3841 remitti3
1660 3754 1747 3858 qui,
1769 3768 1899 3829 vocato
1929 3779 2055 3831 secum

635 3884 783 3961 officiali
803 3884 989 3991 predicto,
1013 3883 1150 3960 vocatis
1174 3881 1344 3988 partibus
1368 3898 1406 3958 et
1429 3881 1567 3958 auditis
1592 3911 1721 3959 aarum
1745 3880 1974 3972 racionibus,
1996 3910 2058 3958 su-

635 4043 702 4121 per
724 4015 915 4119 premissis
940 4013 1132 4121 inquisivit
1154 4014 1363 4105 veritatem,
1386 4028 1425 4090 et
1444 4012 1654 4118 inquestam
1681 4011 1899 4119 perlectam,
1927 4009 2056 4119 sigillis

636 4173 769 4224 eorum
790 4145 1005 4253 sigillatam,
1024 4145 1070 4222 ad
1088 4145 1230 4222 curiam
1245 4160 1412 4222 nostram
1429 4143 1594 4222 remisit:
1611 4144 1696 4237 Qua
1708 4144 1784 4223 visa
1800 4161 1837 4220 et
1858 4141 2057 4250 diligenter

634 4277 816 4382 inspecta,
837 4277 1028 4352 inventum
1047 4275 1118 4352 snit
1138 4275 1319 4381 premissa
1336 4301 1416 4350 esse
1434 4303 1535 4362 vera,
1559 4303 1705 4353 necnon
1723 4274 1842 4353 dictos
1862 4274 2056 4383 religiosos

636 4407 737 4484 nisos
759 4405 873 4483 luisse
893 4405 1035 4482 dictum
1055 4406 1277 4483 servientem
1297 4406 1345 4482 de
1367 4433 1467 4511 equo
1488 4433 1556 4482 suo
1576 4422 1813 4511 prosternere
1825 4405 1883 4482 'ad
1900 4421 2053 4495 terram,

637 4555 675 4614 et
693 4565 827 4615 manus
850 4537 888 4612 in
907 4537 1032 4642 ipsum
1053 4536 1235 4613 violenter
1252 4537 1439 4644 injecisse,
1461 4554 1498 4614 et
1523 4537 1665 4614 dictum
1686 4534 1859 4614 abbatem
1882 4536 2056 4616 advoasse

636 4667 835 4773 premissa,
859 4668 977 4756 unde,
998 4667 1267 4774 perjudicium
1287 4668 1390 4745 curie
1412 4675 1561 4758 nostre,
1579 4667 1720 4746 dictum
1740 4666 1812 4745 luit
1832 4668 1937 4775 quod
1958 4667 2057 4746 bona

636 4798 1018 4907 temporaliaabbacie
1031 4799 1244 4905 supradicte
1257 4800 1303 4878 ad
1319 4829 1473 4877 manum
1490 4817 1654 4878 nostram
1668 4800 1899 4878 tenebuntur
1917 4827 2058 4908 quous·

636 4958 710 5036 que
740 4931 849 5007 dictis
874 4930 990 5037 priori
1020 4947 1059 5006 et
1084 4930 1262 5036 capitulo,
1293 4931 1448 5009 nomine
1476 4931 1637 5008 emende
1664 4960 1732 5037 pro
1757 4931 1908 5038 injuria,
1935 4931 1982 5008 de
2006 4931 2058 5006 vi-

637 5062 730 5168 ginti
758 5061 864 5140 libris
884 5061 1188 5150 Turonensibus,
1213 5079 1252 5140 et
1273 5063 1372 5141 dicto
1391 5079 1537 5151 curato,
1559 5090 1628 5169 pro
1650 5061 1787 5170 injuria
1809 5078 1846 5139 et
1868 5061 2056 5167 dampnis,

638 5192 685 5270 de
710 5193 931 5298 octingentis
953 5191 1061 5270 libris
1088 5191 1391 5282 Turonensibus,
1414 5193 1445 5270 si
1474 5221 1535 5271 eas
1552 5193 1679 5300 jurare
1699 5191 1900 5280 voluerint,
1925 5209 1962 5270 et
1981 5221 2059 5268 ser-

637 5323 753 5402 rienti
765 5323 936 5428 predicto
952 5326 999 5401 de
1011 5324 1140 5433 viginti
1155 5322 1262 5401 libris
1279 5324 1580 5414 Turonensibus,
1604 5342 1639 5402 et
1653 5323 1762 5401 nobis
1780 5322 1827 5400 de
1845 5321 2060 5429 quingentis

640 5450 745 5530 libris
758 5454 1044 5569 Turonensibus
1063 5455 1177 5534 luerit
1191 5453 1427 5536 satisfactum.

676 5668 684 5683 ,
724 5628 777 5672 nes
797 5628 880 5672 οιιιι.
904 5632 949 5673 ιιι.
1894 5601 1935 5668 34
