5817 7292
884 1088 958 1165 sal
1459 1064 1718 1165 ursolus.

660 1244 789 1299 esrum
802 1242 846 1305 tv,
884 1230 923 1307 in
946 1228 1082 1309 saisina
1105 1228 1233 1336 gardie
1259 1228 1349 1309 dicti
1367 1230 1602 1319 monasterii,
1623 1256 1710 1307 cum
1730 1230 1811 1335 ejus
1830 1230 2073 1335 pertinenciis
2091 1231 2140 1309 de
2160 1232 2302 1323 eudo,

721 1336 783 1379 Μ’
885 1378 977 1440 etse
998 1389 1078 1440 esse
1098 1360 1138 1437 in
1157 1359 1314 1447 ssisinu.
1330 1359 1435 1467 quod
1446 1387 1517 1467 per
1532 1360 1846 1468 noegardientur‚
1866 1388 1982 1467 quare
2001 1362 2181 1467 petebant
2197 1364 2304 1441 resti·

883 1489 1074 1571 racionem
1091 1488 1161 1569 sibi
1175 1487 1258 1567 lieri
1275 1518 1343 1595 per
1353 1518 1440 1579 nos,
1455 1507 1649 1596 tamqnam
1662 1518 1731 1597 per
1744 1489 1994 1595 gardistorem
2007 1520 2143 1583 suum,
2156 1492 2204 1594 de
2217 1520 2306 1600 qua·

882 1638 970 1699 tuor
996 1620 1119 1727 equis,
1141 1616 1289 1697 duabus
1309 1618 1502 1726 quadrigis
1527 1646 1616 1697 caut
1640 1618 1831 1710 hernesio,
1860 1620 1928 1728 qui
1952 1622 2048 1728 capti
2067 1620 2234 1710 fuerant,
2260 1644 2303 1701 nt

882 1750 1088 1837 dicebatur,
1110 1749 1250 1856 injuste
1265 1777 1334 1855 per
1351 1767 1482 1856 gentes
1499 1750 1592 1827 dicti
1610 1749 1778 1840 comitis,
1797 1752 1836 1827 in
1854 1754 2008 1861 grangia
2027 1754 2075 1831 de
2094 1755 2300 1833 Menenvil-

881 1881 948 1969 le1·,
975 1882 1187 1987 pertinente
1215 1879 1262 1957 ad
1292 1879 1438 1957 dictum
1466 1880 1760 1973 monasterium
1785 1882 1887 1960 dicto
1913 1884 2051 1961 comite
2080 1883 2230 1962 dicente
2260 1914 2300 1964 se

882 2042 961 2093 esse
980 2012 1020 2089 in
1040 2012 1175 2089 saisina
1196 2010 1327 2119 gardie
1346 2010 1445 2089 (liele
1465 2010 1632 2119 grangis,
1654 2011 1804 2090 racione
1825 2013 1996 2119 ‘predicte
2019 2014 2232 2093 castellanis
2251 2016 2299 2093 dc

882 2143 992 2223 Conti
1012 2173 1053 2220 ac
1063 2141 1336 2251 jurisdictionis
1353 2143 1540 2249 ejusdem,
1558 2141 1703 2218 nullam
1720 2159 1848 2220 tamen
1862 2172 2010 2221 causam
2022 2144 2208 2251 capcionis
2219 2174 2299 2251 pre·

880 2274 1059 2351 tendens:
1077 2274 1252 2379 lnquesta
1271 2272 1385 2379 igitur
1398 2299 1514 2379 super
1528 2272 1601 2349 hoe
1619 2271 1668 2351 de
1687 2272 1865 2351 mandato
1886 2274 1988 2351 curie
2006 2290 2134 2351 nostre
2150 2273 2245 2351 lacta
2256 2292 2298 2350 et
2358 2353 2364 2359 ,

881 2404 929 2481 ad
949 2406 1090 2481 curiam
1112 2418 1313 2509 reportata,
1334 2402 1409 2479 visa
1431 2419 1470 2479 et
1493 2401 1695 2509 diligenter
1714 2403 1937 2493 examinata,
1957 2432 2026 2510 por
2047 2404 2151 2481 curie
2170 2421 2295 2481 nostre
2384 2478 2389 2490 ,

875 2535 1080 2641 judicium,
1097 2534 1241 2611 dictum
1257 2530 1330 2610 fuit
1343 2532 1447 2638 quod
1461 2532 1550 2609 dicti
1565 2532 1731 2641 religiosi
1746 2562 1914 2640 pernes,
1929 2551 2119 2642 tamquam
2134 2562 2201 2642 per
2216 2564 2296 2643 gar-

879 2665 1062 2743 diatorem
1084 2692 1214 2752 suum,
1235 2662 1482 2743 restituentur
1502 2662 1550 2741 dc
1570 2662 1693 2769 prisiis
1715 2664 1949 2772 supradictis.
2057 2670 2063 2677 ’

933 2794 1110 2875 Mercurii
1130 2812 1214 2900 post
1234 2792 1468 2872 Nativitatem
1485 2794 1655 2872 Domini.

933 2926 1040 3007 Greci
1056 2925 1266 3032 reportavit.

932 3190 991 3269 lll.
1024 3188 1161 3268 Ultima
1176 3188 1347 3295 inquesta
1364 3185 1458 3267 facta
1469 3187 1570 3266 inter
1583 3188 1783 3268 dominum
1795 3186 2147 3277 Montis-Ferrandi,
2164 3217 2209 3266 ex
2223 3214 2295 3267 una

875 3338 995 3429 parte,
1015 3336 1053 3395 et
1069 3318 1277 3425 capitulum
1297 3318 1622 3411 claromontense,
1645 3348 1689 3397 er
1708 3319 1975 3425 elternsuper
1993 3319 2126 3397 saisina
2143 3319 2294 3426 justitie

876 3450 924 3527 de
948 3448 1120 3541 Croeela,
1150 3448 1238 3555 quia
1257 3448 1539 3529 commissarius
1558 3476 1636 3527 non
1659 3450 1816 3530 servavit
1838 3448 2003 3528 lorrrraan>
2018 3450 2295 3532 commissionis

875 3580 947 3662 sibi
970 3580 1081 3672 lacte,
1105 3596 1147 3655 et
1166 3595 1320 3688 propter
1343 3578 1487 3659 multos
1508 3579 1676 3659 delectus
1697 3581 1841 3660 ibidem
1859 3598 2047 3687 repertos,
2065 3598 2122 3658 est
2138 3608 2208 3687 per
2228 3608 2293 3659 cas»

875 3710 970 3797 riam
987 3710 1165 3800 molleta,
1188 3728 1241 3801 et,
1262 3710 1293 3789 si
1317 3710 1462 3793 dictum
1481 3711 1688 3819 capitulum
1703 3711 1793 3791 velit
1812 3710 1989 3818 prosequi
2008 3738 2123 3817 super
2144 3710 2217 3789 boc
2231 3711 2294 3819 jus

875 3828 1004 3933 suum,
1020 3843 1235 3921 commissio
1255 3859 1429 3921 contenta
1443 3842 1483 3919 in
1501 3842 1600 3921 dicta
1615 3843 1790 3949 inquesta
1805 3843 1883 3923 sub
1895 3842 2031 3921 eadam
2043 3842 2164 3922 forma
2183 3869 2295 3919 reno·

873 3973 1032 4053 rabitur.

929 4104 1106 4183 Mercurii
1126 4122 1212 4213 post
1231 4104 1465 4183 Nativitatem
1484 4105 1655 4184 Domini.

927 4234 1108 4314 Bocellus
1117 4236 1331 4342 reportavit.

927 4495 971 4572 V.
1003 4495 1084 4573 Lite
1099 4512 1200 4573 mota
1215 4496 1315 4574 inter
1331 4497 1507 4576 homines
1523 4496 1774 4577 universitatis
1785 4492 1835 4575 de
1847 4497 2017 4584 Nantbo..
2029 4516 2292 4604 erunapsrte,

874 4642 910 4702 et
931 4624 1103 4703 abbatem
1124 4626 1173 4704 de
1190 4628 1337 4705 Nantho
1361 4646 1398 4707 et
1414 4630 1495 4738 ejus
1520 4627 1696 4718 curiales,
1718 4627 1921 4707 familiares
1940 4644 1980 4705 et
1996 4626 2170 4706 subditos
2187 4655 2295 4733 quos·

874 4754 960 4831 dam
975 4755 1163 4863 ejusdem,
1180 4786 1225 4835 ex
1240 4757 1372 4847 altera,
1392 4786 1506 4866 super
1527 4788 1573 4839 eo
1593 4759 1700 4867 quod
1712 4759 1781 4866 ipsi
1799 4758 1975 4837 dicebant
1992 4757 2119 4864 plures
2139 4755 2293 4864 injurias

872 4885 941 4963 sibi
967 4885 1089 4964 illatas
1107 4886 1221 4966 luisse
1246 4889 1293 4967 ab
1313 4890 1475 4981 eisdem3
1498 4891 1669 4997 inquesta
1688 4889 1782 4967 lacta
1800 4916 1914 4996 super
1940 4888 2027 4977 hoc,
2048 4886 2293 4964 demandato

870 5017 1064 5097 senescalli
1078 5019 1398 5110 Ruthenensis‚.et
1410 5020 1459 5099 ad
1473 5038 1640 5100 nostram
1654 5021 1815 5109 curiam,
1830 5022 1883 5099 dc
1893 5019 2069 5099 mandato
2079 5034 2225 5104 nostro,
2244 5015 2292 5093 ad

862 5145 1114 5253 judicandum
1134 5167 1319 5257 reportata
1336 5152 1412 5229 visa
1436 5170 1475 5231 et
1495 5152 1696 5262 diligenter
1715 5152 1899 5259 inspecta,
1917 5152 2004 5258 quia
2024 5151 2219 5225 inventum
2237 5163 2294 5229 est

868 5278 993 5383 quod,
1017 5279 1250 5388 litigantibus
1273 5310 1396 5362 coram
1418 5282 1520 5363 dieto
1546 5284 1689 5364 abbate-
1709 5284 1978 5368 curiamsuem
2001 5278 2209 5359 secularem
2236 5296 2293 5355 te-

824 5430 826 5441 '
867 5428 996 5503 nentc,
1016 5412 1207 5519 Stephano
1227 5415 1277 5493 de
1290 5414 1469 5493 Bonassis
1479 5432 1517 5494 et
1528 5417 1639 5495 Petro
1656 5414 1863 5523 [radulphe
1879 5442 1948 5522 pro
1968 5409 2293 5493 liborislohannis
