5817 7292
869 1099 943 1174 son
1446 1096 1536 1170 sss
1566 1040 1729 1170 ocus

640 1259 770 1310 Parum
783 1254 825 1312 W·
925 1245 1050 1323 XLVI.
1082 1243 1201 1329 Cum,
1218 1242 1268 1317 ad
1287 1239 1504 1318 instanciam
1520 1237 1623 1344 Nigri
1644 1238 1691 1316 de
1706 1239 1871 1329 Mauras,
1887 1237 2081 1316 servientis
2099 1241 2216 1316 nostri
2234 1271 2292 1317 ar-

705 1349 766 1390 ¹³⁰⁸'
868 1403 1039 1467 morum,
1058 1369 1459 1479 superintendentibus
1479 1367 1645 1476 negociis
1667 1368 1861 1443 annalium
1880 1368 2155 1445 beneficiorum
2174 1369 2292 1446 eccle-

779 1511 783 1518 '
866 1507 1102 1583 siasticorum
1121 1505 1161 1580 in
1181 1500 1396 1580 senescallia
1414 1497 1707 1605 Petragoriccnsi
1729 1497 1918 1604 deputatis
1938 1527 1957 1574 a
1978 1498 2182 1576 senescallo
2202 1501 2291 1579 dicti

866 1636 957 1724 loci,
982 1635 1267 1713 mandassemus
1289 1650 1333 1708 ut
1352 1632 1422 1738 ipsi
1447 1630 1699 1736 inquirerent,
1721 1629 1859 1706 vocatis
1883 1629 2070 1736 partibus,
2095 1629 2142 1706 de
2167 1630 2291 1710 valore

866 1768 1014 1874 pedagii
1039 1739 1313 1873 Solhyacensie,
1340 1761 1450 1840 etde
1475 1761 1592 1866 ipsius
1615 1760 1764 1869 pedagii
1788 1759 1995 1838 donacione
2020 1761 2191 1868 predicto
2217 1789 2292 1838 ser-

865 1897 997 1985 vienti,
1020 1915 1063 1974 ut
1084 1896 1231 1983 dicitur,
1249 1893 1344 1970 lacta
1362 1921 1431 2000 per
1448 1891 1615 1996 Ogerum
1639 1891 1685 1967 de
1704 1892 1951 1980 Doro-Forti,
1973 1892 2166 1999 quondam
2188 1893 2292 1970 deca-

866 2057 958 2104 num
980 2026 1279 2111 Solhiacensem,
1301 2020 1643 2130 quodgpediagium
1663 2020 1711 2096 ad
1731 2021 1849 2128 ipsius
1869 2021 2001 2098 decani
2021 2049 2187 2100 mensam
2209 2053 2292 2130 per-

865 2159 985 2235 tinere
1015 2156 1221 2247 dicebatur,
1244 2153 1408 2260 dictique
1434 2149 1696 2240 commissarii,
1718 2153 1855 2229 vocatis
1875 2153 2043 2260 partibus
2063 2170 2100 2230 et
2117 2172 2289 2260 presente

869 2290 958 2366 dicti
983 2286 1114 2366 decani
1134 2302 1393 2393 procuratore,
1414 2281 1683 2389 processissent
1706 2283 1755 2360 ad
1779 2283 2045 2388 inquirendum
2067 2311 2180 2390 super
2203 2312 2289 2390 pre-

868 2410 995 2511 dictis,
1023 2438 1061 2497 at
1084 2447 1198 2525 super
1220 2418 1302 2495 aliis
1326 2417 1365 2492 in
1390 2414 1483 2492 lacta
1503 2415 1573 2491 sibi
1600 2415 1865 2493 commissione
1889 2413 2090 2503 contentis,
2116 2416 2287 2506 tandem,

868 2570 966 2628 certa
982 2551 1043 2627 die
1058 2551 1106 2626 ad
1121 2548 1405 2656 procedendum
1418 2574 1531 2652 super
1546 2545 1620 2622 hiis
1633 2545 1795 2623 ulterius
1810 2575 1934 2624 coram
1950 2544 2039 2653 ipsis
2053 2545 2290 2624 auditoribus

868 2681 976 2759 dictis
988 2679 1159 2787 partibus
1173 2678 1370 2786 assignata,
1386 2705 1487 2753 unus
1502 2676 1550 2752 de
1567 2675 1677 2754 dictis
1695 2675 1958 2763 commissoriis
1974 2674 2093 2767 solus,
2110 2677 2191 2755 sine
2208 2705 2290 2756 coa·

862 2812 1011 2916 juncto,
1035 2810 1135 2887 dicta
1155 2808 1234 2896 die,
1260 2809 1300 2884 in
1320 2835 1428 2885 causa
1452 2807 1672 2915 hujusmodi
1692 2809 1918 2914 procedens,
1942 2807 2086 2884 dictum
2106 2809 2300 2890 decanum.

866 2941 992 3047 posuit
1012 2940 1051 3016 in
1072 2938 1240 3032 delectu,
1258 2956 1297 3015 et
1314 2965 1532 3044 processum
1548 2937 1763 3042 predictum
1779 2938 1827 3014 ad
1845 2955 2011 3016 nostram
2031 2939 2134 3015 misit
2152 2939 2291 3016 curiam

862 3072 1113 3178 judicandum
1129 3071 1239 3148 :Viso
1254 3069 1369 3176 igitur
1380 3095 1449 3174 per
1462 3086 1629 3146 nostram
1647 3069 1787 3145 curiam
1803 3097 1981 3176 processu
1996 3069 2180 3177 predicto,
2195 3070 2293 3148 dicta

869 3202 970 3277 curia
989 3218 1116 3278 nostra
1132 3199 1319 3278 desectum
1336 3198 1516 3275 anullavit
1534 3185 1762 3304 predictum,
1781 3217 1820 3276 et
1837 3200 2003 3306 precepit
2021 3200 2143 3305 quod,
2162 3229 2292 3276 secun·

871 3333 962 3407 dum
980 3332 1149 3437 predicte
1166 3329 1441 3409 commissionis
1458 3347 1650 3420 tenorem,
1672 3331 1810 3408 vocatis
1829 3329 2040 3422 evocandis,
2061 3330 2184 3408 dictus
2205 3359 2289 3436 pro

870 3489 994 3537 cessus
1008 3461 1225 3566 perficiatur
1237 3488 1306 3567 per
1322 3460 1467 3537 dictum
1487 3460 1751 3550 senescallum,
1769 3459 1828 3537 vel
1848 3460 1933 3537 illos
1947 3487 2043 3568 quos
2056 3460 2135 3566 ipse
2154 3461 2290 3538 adhoc

871 3588 1125 3696 deputaverit,
1148 3606 1185 3667 et
1203 3590 1274 3668 sibi
1294 3589 1478 3668 reddetur
1496 3617 1693 3697 processus
1711 3589 1911 3697 pradictus.
2021 3625 2025 3633 ·

924 3721 1124 3797 Dominica
1144 3720 1323 3827 predicta.

924 3851 1033 3928 Greci
1054 3850 1266 3956 reportavit.

926 3980 1101 4058 Traditus
1121 3980 1194 4058 fuit
1211 4009 1406 4087 processus
1425 3985 1632 4063 senescallo
1652 3985 1823 4092 predicto
1843 3986 1890 4062 ad
1909 3983 2194 4092 perficiendum.

927 4243 1067 4321 XLVII.
1098 4244 1216 4332 Cum,
1232 4272 1275 4320 ex
1295 4263 1399 4352 parte
1421 4244 1697 4324 Lemovicensis
1716 4243 1899 4352 episcopi,
1917 4244 2145 4351 jamdudum
2166 4243 2295 4325 luisset

873 4373 1107 4478 propositum
1128 4403 1253 4452 coram
1267 4376 1473 4454 senescallo
1489 4375 1711 4464 Pictavensi,
1728 4391 1857 4454 contra
1876 4392 2049 4484 gerentes
2068 4402 2107 4452 se
2127 4402 2196 4481 pro
2213 4401 2296 4452 con·

874 4502 1019 4580 salibus
1033 4503 1121 4581 ville
1136 4505 1421 4594 Nobiliaceusis‚
1438 4507 1543 4613 quod
1553 4569 1561 4598 ,
1573 4535 1659 4582 cum
1674 4523 1828 4612 propter
1841 4505 2018 4582 debatum
2036 4504 2140 4610 quod
2153 4503 2294 4610 pendet

872 4632 911 4706 in
932 4633 1034 4710 curia
1053 4652 1181 4712 nostra
1193 4637 1446 4715 interdictum
1464 4637 1699 4742 episcopum,
1715 4665 1759 4713 ex
1773 4665 1847 4713 una
1862 4653 1985 4742 parte,
2000 4653 2038 4712 et
2048 4635 2168 4711 dictos
2180 4633 2293 4709 Nobi-

872 4760 1053 4842 liacenses
1065 4795 1109 4841 ac
1119 4783 1400 4871 procuratorem
1413 4784 1601 4856 nostrum,
1617 4795 1661 4843 ex
1674 4766 1806 4860 altera,
1818 4767 1952 4844 saisina
1965 4763 2194 4874 cognicionis
2208 4791 2293 4840 cau-

873 4921 998 4971 sarum
1012 4895 1178 4974 civilium
1192 4896 1292 4974 dicte
1303 4896 1391 4974 ville
1402 4897 1524 5005 posita
1536 4898 1669 4976 fuisset
1678 4899 1726 4976 ad
1740 4925 1895 4976 manum
1910 4914 2090 4988 nostram,
2102 4913 2294 5001 tamquam

874 5027 1094 5128 superioris,
1110 5043 1148 5103 et
1162 5029 1235 5104 hoc
1252 5027 1383 5106 luisset
1396 5058 1464 5136 per
1480 5029 1623 5108 dictum
1639 5029 1887 5110 senescallum
1901 5029 2043 5106 eisdem
2060 5027 2296 5106 Nobiliacen-

875 5151 979 5230 sibus
999 5157 1269 5262 significatum,
1290 5177 1345 5247 et,
1367 5160 1414 5237 ad
1436 5161 1687 5238 exercendum
1707 5161 1747 5237 in
1773 5160 1870 5238 dicta
1891 5186 2005 5236 manu
2024 5174 2150 5236 nostra
2169 5156 2297 5262 cogni-

876 5281 1022 5358 cionem
1053 5286 1237 5363 dictarum
1265 5315 1484 5378 causarum,
1512 5289 1634 5368 dictus
1658 5290 1883 5370 senescallus
1907 5290 2121 5394 deputasset
2141 5282 2297 5364 Guillel-

875 5441 983 5490 mum
994 5413 1185 5519 Papereti,
1198 5417 1420 5494 servientem
1436 5437 1624 5510 nostrum,
1638 5437 1676 5497 et
1688 5419 1832 5498 eisdem
1843 5418 2071 5525 precepisset
2078 5415 2183 5523 quod
2194 5413 2295 5492 dicto
2401 5497 2408 5514 Ι,
