5817 7292
914 1063 925 1078 ’
1019 1081 1373 1194 anusrnssr
1398 1085 1606 1176 raucas
1953 1097 2027 1170 sss

604 1241 819 1350 dempnavit
835 1241 979 1320 dictum
993 1245 1211 1353 magistrum
1222 1245 1376 1322 Petrum
1387 1245 1434 1321 ad
1449 1239 1726 1342 restituendum
1740 1241 1815 1345 ipsi
1823 1237 2027 1318 Petronille
2066 1245 2197 1302 Panum
2208 1251 2254 1314 rt,

603 1373 861 1478 supradictum
883 1403 1074 1481 campum,
1105 1376 1143 1454 in
1168 1375 1302 1456 libello
1327 1375 1544 1481 principalis
1563 1401 1684 1451 cause
1713 1371 1966 1477 designatum,
1990 1387 2028 1446 et
2128 1339 2192 1384 mi

602 1521 747 1611 septem
780 1505 893 1584 libras
924 1523 963 1584 et
996 1508 1127 1586 decem
1160 1508 1303 1587 solidos
1331 1509 1589 1595 Turonenses,
1619 1532 1687 1610 pro
1701 1568 1706 1578 .
1720 1503 1906 1609 expensis,
1935 1529 2028 1580 eun-

604 1632 690 1711 dem
719 1637 873 1715 Petrum
899 1639 938 1715 in
966 1639 1136 1728 residuo,
1163 1639 1337 1718 videlicet
1364 1641 1402 1714 in
1426 1638 1610 1716 fructibus
1640 1632 1889 1729 absolvendm
1913 1662 1934 1710 a
1956 1661 2030 1738 qua

602 1765 759 1870 quidem
778 1771 978 1862 sentencia,
997 1799 1064 1876 per
1083 1772 1225 1849 dictum
1240 1773 1404 1861 Petrum,
1424 1771 1472 1848 ad
1491 1787 1657 1848 nostram
1672 1767 1814 1845 curiam
1829 1764 1950 1843 extitit
1967 1792 2031 1870 ap

602 1895 784 2000 pellatum
796 1933 805 1988 ς
817 1899 947 2005 judice
968 1901 1084 2008 igitur
1096 1919 1226 1980 nostro
1239 1900 1589 1983 Montis-Possulrni
1604 1901 1643 1978 in
1658 1898 1757 1976 dicta
1767 1894 2032 2004 appellacionis

603 2054 715 2105 causa
731 2029 836 2119 dato,
853 2031 1083 2136 cognitoque
1101 2032 1150 2110 de
1175 2032 1302 2110 causis·
1316 2032 1616 2137 appallacionum
1630 2028 1883 2134 predictarum
1903 2025 1950 2105 ab
1969 2053 2034 2105 eo-

604 2156 710 2248 dem,
726 2161 807 2265 ipse
818 2163 1088 2270 pronunciavit
1099 2161 1243 2241 dictum
1257 2163 1430 2268 {judicem
1442 2163 1500 2267 ¹de
1513 2162 1641 2241 Alesto
1654 2161 1753 2240 bene
1767 2158 2031 2266 pronunciasse

603 2304 638 2365 et
665 2289 804 2368 dictam
832 2291 1075 2370 Petronillam
1096 2291 1200 2372 male
1222 2292 1458 2398 appellasse,
1472 2291 1692 2396 dictumque
1712 2290 2030 2368 locumtenentaur

602 2421 795 2498 senescalli
811 2421 1038 2502 Belli-Cadri
1054 2423 1154 2502 male
1168 2424 1450 2528 pronunciasse,
1467 2421 1663 2500 atdictum
1682 2421 1837 2498 Petrum
1853 2420 1952 2498 bane
1968 2449 2031 2525 ap·

603 2548 782 2653 pellasse‚
799 2569 971 2630 neutram
989 2569 1133 2657 partem
1155 2552 1193 2630 in
1214 2552 1383 2656 expensis
1399 2551 1730 2654 condempnando;
1747 2579 1858 2656 aqua
1874 2550 2030 2656 quidem

603 2682 791 2758 sentencia
809 2681 859 2758 ad
873 2699 1039 2760 nostram
1058 2682 1200 2760 curiam
1219 2682 1447 2760 iteratoluit
1464 2680 1694 2785 appellatum
1711 2680 1886 2758 :Auditis
1903 2681 2029 2788 igitur,

605 2809 645 2885 in
669 2838 776 2888 causa
804 2812 902 2890 dicte
927 2811 1393 2917 appellacionis,pa1tibus
1412 2811 1605 2916 predictis,
1629 2827 1667 2888 et
1685 2810 1922 2916 processibus
1944 2838 2032 2888 cau·

605 2967 728 3020 aarum
747 2943 1005 3048 predictarum
1026 2942 1226 3050 diligenter
1239 2943 1439 3048 inspectis,
1459 2968 1528 3046 per
1551 2941 1653 3018 curie
1673 2958 1801 3018 nostre
1819 2940 2028 3048 judicium,

605 3069 747 3150 dictum
766 3073 839 3152 luit
859 3087 897 3150 et
915 3072 1203 3177 pronunciatum
1221 3072 1409 3178 predictos
1423 3071 1541 3151 Alcsti
1557 3088 1594 3148 et
1612 3071 1958 3151 Montis-Pessulani
1968 3075 2030 3181 ju·

604 3201 706 3280 dices
719 3203 817 3281 male
830 3205 1112 3308 pronunciasse,
1131 3220 1169 3280 et
1181 3202 1317 3280 dictam
1331 3202 1587 3291 Patronillam‚
1604 3203 1653 3280 ab
1667 3231 1800 3282 eorum
1819 3204 2028 3292 audiencia,

605 3331 702 3410 bene
718 3332 937 3440 appellasse,
956 3361 997 3410 ac
1017 3333 1335 3415 locumtenentenr
1353 3331 1445 3410 dicti
1467 3330 1659 3410 senescalli
1679 3331 1910 3422 Belli-cadri
1931 3332 2029 3412 bene

604 3465 885 3569 pronunciasse,
909 3482 946 3542 et
969 3465 1113 3542 dictum
1130 3464 1283 3544 Petrum
1304 3460 1351 3543 ab
1374 3463 1458 3570 ojus
1476 3461 1672 3540 audiencia
1690 3463 1787 3543 nrale
1806 3464 2029 3570 appellasse3

605 3612 642 3674 et
667 3596 956 3676 demandabitur
976 3597 1095 3702 ipsius
1119 3594 1411 3678 locumtenentis
1431 3595 1621 3677 sentencia
1645 3594 1874 3674 eaecucioni.

659 3726 840 3804 Mercurii
858 3742 943 3830 post
966 3727 1115 3806 octabas
1134 3723 1353 3806 Candelose.
1402 3790 1405 3800 .

662 3855 768 3932 Greci
783 3856 993 3962 reportavit.

665 4122 725 4198 Xl.
757 4120 973 4230 significato
993 4121 1104 4200 nobis
1123 4123 1227 4229 quod
1250 4123 1425 4202 homines
1444 4122 1553 4199 castri
1574 4121 1825 4200 Sancti-Pauli
1850 4120 1898 4198 de
1917 4120 2031 4200 Cada

606 4251 706 4330 loris
716 4251 857 4330 ibidem
871 4254 917 4330 de
928 4281 1024 4332 novo
1035 4253 1209 4332 consules
1222 4253 1427 4361 elegerant,
1443 4253 1720 4360 utebanturque
1732 4251 1947 4330 consulatus
1956 4251 2032 4330 offi-

609 4382 679 4474 cio,
690 4401 861 4488 pretextu
871 4384 1063 4491 cujusdam
1079 4385 1330 4462 concessionis
1338 4384 1409 4462 sibi
1423 4384 1518 4462 lacte
1528 4412 1597 4489 per
1608 4383 1783 4463 dominos
1797 4383 1888 4460 dicti
1902 4384 2029 4472 cauri,

609 4531 736 4592 nostra
748 4514 904 4592 licencia
921 4541 999 4593 non
1015 4515 1183 4606 obtenta,
1201 4515 1393 4594 libertates
1411 4515 1713 4620 lrancbesiasque
1727 4514 1962 4622 acquirentes
1976 4515 2032 4592 in·

609 4642 753 4736 debite,
777 4646 816 4722 in
830 4647 928 4754 juris
947 4645 1064 4724 nostri
1080 4645 1332 4756 prejudicium
1348 4664 1386 4723 et
1400 4673 1608 4752 grammon,
1622 4646 1789 4754 datoque
1801 4673 1872 4752 per
1888 4664 2032 4724 nostras

607 4774 748 4852 litteras
762 4776 805 4854 'in
824 4777 1228 4856 mandatissenescallo
1244 4777 1463 4856 Tholosano
1481 4777 1601 4885 quod,
1622 4778 1653 4854 si
1668 4778 1720 4854 ita
1734 4805 1816 4856 asse
1829 4777 2029 4864 inveniret,

608 4930 684 4984 non
704 4909 939 5013 permitteret
958 4908 1079 4988 dictos
1098 4909 1272 4988 homines
1290 4909 1470 5015 predictis
1488 4909 1546 4986 uti
1563 4909 1725 4998 eisdem,
1744 4937 1858 5016 super
1878 4909 1968 5000 biis,
1984 4909 2033 4985 si-

610 5036 775 5118 lencium
793 5041 1037 5148 imponendo,
1062 5041 1281 5120 nisisnostro
1300 5041 1491 5118 dumtaxat
1501 5039 1958 5148 privilegioostenderent
1977 5067 2034 5116 su

610 5194 677 5276 per
686 5171 759 5248 hoc
768 5199 807 5248 se
819 5173 986 5251 munitos
995 5206 1005 5250 ι
1014 5174 1099 5251 Visa
1109 5173 1224 5281 igitur
1236 5175 1409 5279 inquesta
1421 5199 1536 5279 super
1549 5172 1740 5278 predictis,
1750 5201 1819 5280 per
1828 5170 2035 5249 dictumse

610 5301 814 5382 nescallum
834 5302 928 5382 lacta
942 5323 979 5382 et
996 5304 1098 5382 curie
1112 5317 1240 5383 n'ostre
1261 5303 1308 5380 de
1323 5304 1500 5384 mandato
1519 5321 1648 5382 nostro
1667 5305 1838 5392 remissa,
1853 5331 1923 5410 per
1933 5301 2033 5378 dicte

612 5429 715 5507 curie
730 5450 855 5512 nostre
865 5434 1071 5540 judicium,
1091 5435 1234 5514 dictum
1255 5433 1328 5512 luit
1345 5435 1492 5514 dictum
1505 5435 1742 5514 consulatum
1761 5460 1844 5513 esse
1860 5456 2033 5509 amoven-

698 5605 751 5647 scs
774 5607 859 5648 ocra.
885 5611 930 5650 nr.
1207 5643 1215 5658 ,
1864 5584 1905 5648 65
