5817 7292
1038 1105 1299 1213 nvoutras
1325 1124 1389 1195 or
1416 1104 1618 1199 ruccas.
1969 1129 2043 1201 occ

625 1282 752 1344 nostre
767 1265 947 1355 mittatur,
964 1264 1013 1343 ad
1022 1264 1192 1343 futurum
1208 1266 1378 1373 proximo
1392 1266 1684 1373 parlamentum,
1699 1284 1739 1343 et
1751 1266 1856 1373 quod
1869 1269 2045 1345 commis-
2086 1280 2216 1333 aarum
2226 1280 2271 1343 lv,

623 1395 710 1475 sarii
724 1397 789 1503 qui
806 1395 853 1473 ad
872 1398 946 1475 boc
964 1396 1266 1503 deputabuntur,
1282 1402 1483 1505 postquam
1499 1398 1569 1505 ipsi
1588 1396 1814 1505 perfecerint
1830 1398 1968 1477 dictam
1988 1401 2047 1479 in·
2146 1370 2209 1413 Μ’

623 1544 804 1634 questam,
826 1527 928 1605 diem
949 1527 1097 1607 ballivie
1111 1528 1354 1607 Bituricensis
1383 1528 1501 1607 futuri
1524 1528 1694 1636 proximo
1713 1526 1934 1633 parlamenti
1960 1558 2046 1635 par·

621 1658 724 1737 tibus
739 1660 943 1769 assignent,
958 1660 1009 1737 ad
1026 1660 1234 1739 videndum
1245 1661 1408 1770 judicari
1427 1661 1637 1767 inquestam
1656 1658 1874 1765 predictam.

679 1790 843 1871 Sabbata
862 1792 1043 1899 predicta.

679 1923 781 2028 Roya
799 1922 1011 2029 reportavit.

678 2052 786 2129 Facta
808 2070 863 2131 est
884 2052 1096 2133 commissio
1117 2053 1226 2131 dictis
1239 2052 1475 2131 auditoribus
1490 2069 1528 2129 et
1545 2052 1700 2129 remissa
1720 2051 1903 2157 inquesta.

675 2312 766 2389 LXl.
798 2312 897 2391 Cum
911 2311 1072 2390 dilectus
1085 2329 1123 2390 et
1134 2312 1258 2391 fidelis
1275 2330 1403 2389 noster
1416 2311 1621 2402 Robertus,
1642 2340 1770 2389 comes
1787 2310 1988 2404 Bolonnie,
2006 2312 2046 2387 in

620 2444 723 2519 curia
733 2460 876 2533 nostra,
894 2459 1024 2519 contra
1035 2442 1215 2521 ballivum
1230 2442 1539 2531 Ambianensem,
1553 2469 1769 2547 proponens
1783 2444 2043 2548 cognicionem

621 2592 659 2651 et
687 2574 949 2652 execucionem
975 2572 1293 2681 cyrograpbomm
1321 2590 1358 2649 et
1381 2572 1593 2649 litterarum
1621 2571 1880 2649 scabinatuum
1909 2572 1949 2647 in
1974 2602 2044 2651 suo

622 2705 802 2783 comitatu
818 2724 857 2782 et
869 2723 999 2784 contra
1011 2734 1100 2784 suos
1119 2705 1292 2784 subditos
1305 2721 1342 2781 ct
1356 2704 1395 2779 in
1409 2704 1490 2811 ipso
1510 2703 1689 2781 comitatu
1704 2720 1980 2781 commorantes
1996 2705 2044 2780 ad

621 2836 744 2942 ipsum
763 2837 970 2943 pertinere,
992 2853 1030 2914 et
1052 2864 1091 2914 se
1113 2864 1192 2914 esse
1218 2853 1256 2913 et
1276 2834 1410 2924 fuisse,
1433 2865 1453 2913 a
1473 2852 1645 2942 tempore
1666 2834 1774 2941 cujus
1792 2832 1976 2911 memoria
1995 2834 2043 2909 de

621 2967 807 3044 contrario
833 2994 912 3045 non
936 2966 1074 3056 existit,
1101 2966 1141 3042 in
1165 2965 1265 3044 bona
1290 2966 1423 3043 saisina
1447 2964 1614 3043 habendi
1639 2981 1677 3042 et
1702 2963 1900 3040 exercendi
1923 2963 2045 3072 cogni-

620 3097 768 3174 cionem
789 3114 826 3174 et
851 3097 1117 3175 execucionem
1145 3097 1370 3203 predictam,
1393 3096 1537 3174 diceret
1555 3096 1659 3203 quod
1680 3093 1803 3172 dictus
1823 3091 1982 3170 ballivus
2006 3110 2044 3169 et

619 3227 830 3333 prepositus
844 3228 892 3305 de
903 3228 1143 3318 Mosterolio,
1161 3256 1230 3334 pro
1244 3227 1368 3318 nobis,
1381 3228 1507 3334 ipsum
1519 3224 1777 3335 impediebant
1792 3223 1918 3299 nunus
1932 3224 2044 3299 racio-

619 3358 797 3436 nabiliter
813 3358 854 3435 in
867 3358 1063 3465 predictis,
1083 3359 1290 3435 exercendo
1312 3375 1350 3434 et
1368 3357 1570 3434 retinendo
1592 3356 1781 3433 dictorum
1801 3355 2043 3461 cyrographo-

618 3519 703 3568 rum
717 3505 755 3567 et
766 3490 975 3568 litterarum
989 3488 1247 3567 scabinatuum
1260 3486 1521 3595 cognicionem
1535 3502 1573 3562 et
1584 3514 1698 3591 super
1710 3485 1765 3561 eis
1777 3483 2042 3560 execucionem

618 3620 790 3697 faciendo
811 3620 851 3696 in
872 3648 941 3697 suo
957 3620 1139 3699 comitatu
1158 3636 1197 3695 et
1214 3636 1342 3695 contra
1361 3618 1535 3694 subditos
1551 3644 1641 3695 suos
1656 3633 1695 3692 et
1709 3632 1982 3693 commorantes
2002 3618 2041 3692 in

620 3750 800 3826 comitatu
813 3749 995 3854 predicto,
1012 3776 1127 3853 quare
1141 3746 1293 3852 petebat
1305 3746 1448 3823 dictum
1462 3745 1781 3850 impedimentum
1794 3746 1970 3834 amoveri,
1986 3764 2038 3835 et,

618 3908 687 3985 per
712 3895 877 3956 nostram
902 3877 1060 3965 curiam,
1083 3876 1321 3982 pronunciari
1347 3902 1415 3952 nos
1442 3903 1520 3952 non
1541 3874 1680 3951 habere
1699 3874 1762 3980 jus
1789 3873 1978 3952 retinendi
2002 3894 2040 3953 et

620 4009 815 4095 exercendi
830 4008 1089 4117 cognicionem
1104 4022 1143 4085 et
1156 4005 1421 4084 executionem
1433 4005 1635 4111 predictas,
1648 4003 1750 4082 dicto
1764 4002 1903 4083 ballivo
1915 4034 1960 4082 ex
1971 4006 2039 4081 ad-

617 4168 724 4219 verso
742 4155 978 4247 proponente
995 4168 1063 4219 nos
1086 4166 1165 4217 esse
1188 4154 1226 4215 et
1244 4164 1311 4243 per
1335 4153 1483 4213 tantum
1501 4153 1652 4243 tempus
1671 4132 1785 4213 baisse
1802 4135 1908 4242 quod
1926 4166 2040 4243 super

617 4274 692 4351 boc
705 4274 770 4382 jus
790 4290 847 4351 cst
863 4271 974 4350 nobis
995 4268 1233 4377 acquisitum,
1257 4266 1296 4343 in
1315 4266 1416 4344 bona
1436 4266 1570 4345 saisina
1587 4266 1775 4344 retinendi
1797 4265 1980 4357 habendi,
2002 4286 2040 4345 ct

619 4402 814 4482 exercendi
830 4402 1089 4513 cognicioncm
1103 4417 1141 4478 et
1158 4398 1420 4477 execucionem
1443 4395 1760 4505 cyrograpborum
1775 4415 1813 4473 ct
1830 4396 2039 4475 litteramm

618 4535 878 4614 scabinatuum
898 4550 1027 4611 contra
1046 4531 1217 4611 subditos
1236 4531 1326 4609 dicti
1347 4530 1495 4608 comitis
1514 4546 1554 4607 et
1572 4545 1845 4608 commorantes
1863 4528 1902 4604 in
1922 4530 2039 4607 comi-

616 4683 693 4744 tatu
721 4667 908 4773 predicto,
930 4664 1249 4773 quandocumque
1275 4660 1435 4740 ballivus
1460 4660 1720 4739 Ambianensis
1746 4658 1804 4735 vel
1824 4660 2039 4765 prepositus

615 4797 852 4878 Monsterolii
872 4824 986 4903 super
997 4796 1071 4874 hoc
1084 4794 1260 4903 primitus
1272 4793 1531 4901 requiramtur,
1551 4808 1591 4869 et
1608 4790 1762 4895 insuper
1776 4788 1893 4866 dictas
1911 4791 2040 4899 cogni·

615 4928 763 5009 donem
793 4946 831 5006 et
855 4927 1117 5006 execucionem
1144 4922 1309 5003 habendi
1338 4938 1377 5001 et
1405 4922 1601 5000 exercendi
1625 4947 1703 4997 non
1732 4935 1881 4996 tantum
1909 4936 2037 4997 contra

615 5074 890 5139 commorantes
906 5057 945 5135 in
963 5056 1143 5137 comitatu
1157 5054 1356 5145 Bolonnie,
1376 5053 1445 5133 sed
1457 5080 1529 5161 per
1546 5069 1664 5132 totam
1677 5048 1869 5128 balliviam
1883 5049 2036 5129 Ambia-

616 5216 772 5266 nensem
799 5207 838 5268 et
866 5190 949 5298 ejus
977 5206 1202 5279 ressortum,
1231 5186 1404 5265 videlicet
1434 5186 1474 5263 in
1500 5181 1747 5291 preposituris
1774 5180 2032 5269 Ambianeusi,

617 5319 949 5413 Sancti-Richarii,
981 5321 1029 5399 de
1057 5322 1219 5430 Vymeu,
1242 5316 1482 5397 comitatibus
1501 5314 1769 5402 Attrebateusi,
1796 5310 1970 5388 Flandrie
1997 5328 2035 5387 et

616 5446 827 5555 Guynensis
846 5471 884 5531 et
902 5452 984 5532 aliis
1002 5452 1113 5531 terris
1130 5448 1400 5530 circumvicinis
1424 5445 1617 5525 comitatui
1636 5440 1821 5522 Bulonnie
1843 5438 2031 5546 predicto,

1854 5592 1905 5654 88.
