5817 7292
1048 1152 1320 1256 suoutrns
1346 1170 1409 1242 nr
1436 1151 1641 1241 enecas.
2010 1173 2058 1242 ss

636 1309 781 1386 ordinis
795 1335 838 1384 ex
858 1308 1012 1386 adverso
1026 1326 1281 1416 conquerente
1297 1325 1335 1386 et
1350 1309 1499 1386 dicente
1514 1309 1688 1386 abbatem
1705 1323 1744 1384 et
1754 1313 1959 1389 monachos
1970 1312 2060 1390 ctu·
2098 1317 2230 1372 rmum
2242 1317 2286 1382 W»

634 1439 841 1546 gniacensis
858 1438 1002 1518 ordinis
1022 1468 1101 1517 esse
1120 1440 1159 1516 in
1179 1439 1413 1546 possessione
1435 1439 1524 1516 dicti
1549 1438 1768 1518 monasterii
1785 1441 2004 1546 Legerensis
2021 1458 2058 1518 et
2161 1409 2224 1454 ml

636 1571 758 1675 ipsum
769 1571 1041 1648 monasterium
1056 1598 1135 1648 esse
1146 1587 1185 1647 et
1192 1570 1307 1648 firisse
1316 1569 1544 1648 monasterio
1554 1568 1816 1676 Clugniaceusi
1828 1571 2056 1676 subjectum,

636 1703 831 1808 dictosque
849 1701 1023 1779 abbatem
1040 1719 1079 1778 ct
1094 1702 1300 1779 monachos
1314 1699 1605 1807 Clugniacenses
1618 1730 1687 1807 per
1703 1703 1909 1780 monachos
1925 1703 2061 1780 Cister-

634 1832 768 1909 ciensis
803 1831 949 1909 ordinis
982 1860 1096 1937 super
1122 1831 1222 1908 dicta
1240 1831 1477 1938 possessione
1504 1830 1672 1910 indebite
1699 1832 1842 1910 turbari
1877 1862 1918 1907 ac
1943 1833 2060 1908 eciam

632 1961 843 2049 molestam
863 1989 1026 2068 cumque
1040 1989 1109 2067 per
1122 1978 1268 2038 nostras
1285 1961 1391 2040 vobis
1408 1962 1645 2040 dedissemus
1661 1960 1803 2040 litteras
1817 1963 1857 2040 in
1878 1962 2061 2038 mandatis

564 2105 570 2114 '
631 2092 736 2193 quod
756 2119 869 2196 super
892 2093 1100 2196 premissis,
1123 2091 1262 2169 vomtis
1285 2092 1395 2170 dictis
1414 2091 1602 2197 partibus,
1623 2091 1875 2170 informaretis
1892 2121 1956 2169 vos
1976 2091 2062 2168 dili·

630 2239 773 2327 genter,
794 2239 924 2300 vocato
946 2221 995 2298 ad
1015 2222 1088 2298 boc
1110 2221 1305 2299 vobiscum
1326 2250 1405 2298 uno
1424 2222 1546 2327 probo
1570 2223 1669 2313 viro,
1691 2241 1730 2300 et
1749 2222 2059 2306 informacionem

631 2377 744 2456 super
772 2353 844 2428 boc
870 2351 1003 2428 factam
1038 2350 1149 2428 nobis
1178 2351 1249 2429 sub
1276 2350 1408 2459 sigillis
1434 2351 1567 2432 vestris
1591 2353 1835 2432 remitteretis
1858 2353 2059 2430 inclusam:

630 2479 817 2569 Tandem,
832 2481 1012 2586 premissa
1027 2481 1300 2560 informacione
1315 2509 1383 2587 per
1395 2510 1461 2560 vos
1471 2480 1568 2558 facta
1582 2498 1620 2564 et
1634 2483 1737 2558 caarie
1753 2501 1880 2561 nostre
1897 2484 2008 2560 missa
2021 2498 2061 2558 et

627 2637 697 2716 per
721 2614 864 2690 curiam
890 2629 1057 2690 nostram
1085 2613 1175 2702 visa,
1200 2613 1394 2690 inventum
1423 2629 1480 2691 est
1502 2612 1677 2690 abbatem
1701 2631 1739 2690 et
1756 2614 1962 2692 monachos
1981 2614 2062 2690 Cis-

629 2741 821 2818 terciensis
841 2741 987 2819 ordinis
1006 2771 1076 2848 per
1100 2743 1347 2820 camerarium
1372 2759 1412 2820 et
1430 2743 1637 2820 monachos
1654 2742 1937 2848 Clugniaoensis
1958 2741 2060 2817 ordi-

629 2871 706 2961 nis,
736 2901 777 2947 ac
802 2899 934 2950 eorum
965 2871 1168 2977 complices
1188 2873 1305 2948 eciam
1334 2873 1448 2948 laicos
1472 2881 1540 2976 pet
1564 2869 1786 2948 violenciam
1806 2900 1998 2948 armorum
2020 2873 2059 2948 in

628 3004 862 3108 passessione
878 3004 967 3082 dicti
984 3002 1202 3080 monasterii
1218 3001 1563 3082 Sancti-Salvatoris
1576 3027 1659 3079 esse
1675 3019 1714 3079 et
1725 3000 1840 3080 lirisse
1857 3003 2058 3108 impeditos

627 3159 695 3211 seu
715 3133 885 3212 turbatos
903 3163 945 3210 ac
968 3134 1138 3212 indebite
1159 3133 1396 3221 molestatos3
1415 3161 1548 3239 quare,
1570 3134 1794 3212 mandamus
1812 3133 1918 3212 vobis
1938 3133 2060 3238 quati-

628 3293 715 3352 nus,
740 3265 886 3342 dictum
914 3265 1231 3372 impedimentum
1260 3280 1492 3352 amoventes,
1520 3263 1631 3342 dictis
1649 3263 1776 3342 abbati
1802 3281 1840 3340 et
1864 3266 2058 3342 monachis

626 3396 882 3474 Cisterciensis
906 3395 1051 3474 ordinis
1074 3423 1188 3501 super
1209 3394 1308 3472 dicta
1331 3393 1568 3501 possessione
1588 3393 1718 3474 inferri
1736 3394 1958 3472 violenciam
1980 3423 2058 3472 uon

625 3528 866 3631 permittatis,
891 3554 961 3604 nec
985 3555 1051 3604 eus
1076 3554 1189 3633 super
1208 3554 1253 3604 ea
1276 3525 1445 3603 indebite
1471 3525 1681 3615 molestari,
1708 3525 1777 3603 sed
1802 3551 1869 3602 eos
1892 3525 1931 3600 in
1959 3525 2058 3602 dicta

623 3659 860 3762 possessione
873 3659 1035 3736 teneatis
1055 3675 1093 3734 et
1111 3656 1351 3746 deffendant,
1376 3657 1498 3735 donec
1517 3658 1617 3735 inter
1634 3656 1754 3734 dictas
1771 3672 1896 3762 partes
1915 3654 2058 3734 discus-

623 3813 709 3864 sum
727 3789 842 3866 fuerit
861 3817 929 3896 per
948 3817 1036 3866 cum
1055 3788 1101 3865 ad
1118 3815 1235 3894 quem
1253 3804 1395 3894 spectat
1411 3788 1557 3894 dejure
1574 3789 1820 3894 possessionis
1837 3803 1876 3862 et
1891 3787 2057 3890 proprie-

624 3918 710 3992 tatis
740 3920 957 3996 montsterii
986 3918 1204 4025 supradicti.
1236 3918 1371 3996 Actum
1398 3917 1577 4006 Peridus,
1605 3917 1669 3994 die
1695 3916 1785 3996 lune
1810 3931 1895 4021 post
1916 3915 2054 3994 festum

625 4045 912 4126 Beati-Barnabe
932 4049 1110 4156 apostoli,
1132 4076 1231 4126 anno
1250 4049 1405 4128 Domini
1426 4073 1517 4126 uccc
1532 4047 1667 4152 primo.

681 4177 855 4284 Magister
873 4181 914 4256 R.
937 4179 1146 4258 Rousseleti
1166 4178 1378 4286 reportavit.

680 4439 722 4513 Π.
753 4441 864 4546 Hugo
884 4439 932 4516 de
953 4439 1082 4518 Gierra
1104 4459 1142 4516 ct
1159 4441 1394 4527 Thierricus,
1412 4439 1496 4548 ejus
1512 4437 1634 4530 fitius,
1655 4465 1769 4543 super
1786 4452 1909 4513 morte
1928 4436 2054 4515 uxoris

625 4567 715 4646 dicti
726 4569 784 4658 T.‚
796 4595 865 4674 per
876 4569 1089 4676 inquestam
1106 4569 1195 4647 inde
1213 4569 1347 4689 factam
1363 4597 1407 4648 ex
1422 4569 1549 4648 officio
1559 4567 1715 4676 judicis,
1732 4565 1926 4644 absolutus
1939 4565 2054 4643 fuerit

622 4716 808 4804 quantum
823 4700 875 4778 ad
886 4701 1041 4808 Regem.
1061 4701 1302 4780 Sentenoiam
1320 4729 1396 4780 non
1420 4700 1564 4793 habeo,
1585 4699 1765 4806 quianon
1781 4695 1851 4774 leci
1867 4725 1969 4786 eam;
1985 4696 2051 4774 sed

623 4829 838 4937 inquestam
857 4829 990 4908 habeo.

679 5095 738 5172 Ill.
770 5095 885 5188 Cum,
901 5097 950 5172 de
961 5095 1140 5174 mandato
1147 5094 1346 5175 senescalli
1356 5097 1476 5176 nostri
1486 5097 1757 5184 llutbenensis‚
1774 5093 2050 5202 inquestsl'acta

624 5221 756 5304 luisset
775 5243 906 5304 centra
933 5227 1098 5334 priorem
1127 5244 1167 5306 et
1190 5229 1402 5308 monaches
1421 5229 1638 5308 monsterii
1663 5225 1752 5308 ville
1771 5227 1820 5306 de
1843 5222 2047 5308 Amibano,

623 5381 735 5458 super
758 5357 931 5463 pluribus
948 5359 1099 5468 injuriis
1118 5375 1158 5436 et
1176 5359 1369 5438 dolendis
1391 5387 1489 5468 quos
1514 5360 1600 5467 ipsi,
1622 5387 1709 5438 cum
1735 5383 1867 5436 eorum
1893 5350 2050 5454 compli

625 5481 731 5562 cibus
750 5489 867 5566 eciam
888 5489 1007 5578 laicis,
1030 5487 1224 5568 Fratribus
1243 5490 1545 5572 Predicatoribus
1569 5489 1668 5570 dicte
1690 5486 1780 5566 ville
1799 5487 1848 5564 de
1861 5479 2048 5560 butiliano
