5817 7292
955 1107 964 1134 ·
1044 1081 1312 1194 nuoutrns
1337 1102 1402 1187 rr
1426 1083 1634 1178 esoces.
1976 1105 2052 1181 ccc

630 1269 740 1335 nens,
760 1270 828 1349 per
847 1239 1012 1346 spatulas
1029 1243 1195 1321 eundern
1212 1243 1439 1322 servientem
1456 1243 1613 1350 accepit,
1635 1258 1675 1319 et
1692 1240 2053 1348 ipsum-cnccucicns
2091 1251 2222 1308 Putem
2235 1254 2277 1316 lv.

631 1373 725 1450 dixit
733 1372 768 1450 ei
780 1403 790 1448 ε
803 1407 817 1440 ι
832 1371 1214 1454 CosodcrlCoscdcrl
1228 1375 1294 1482 qui
1305 1375 1577 1481 teperccllum
1584 1370 1845 1478 suspenderet,
1852 1372 1971 1453 nichil
1984 1402 2053 1480 pro
2154 1345 2216 1388 Μ’

629 1520 667 1582 te
682 1501 740 1580 rel
754 1499 932 1580 mandato
945 1521 1014 1580 tuo
1030 1503 1283 1596 laceremus3·
1305 1506 1415 1593 item,
1432 1505 1536 1612 quod
1552 1531 1684 1582 navem
1695 1501 1812 1580 blado
1829 1501 1920 1580 dicti
1938 1521 2054 1582 recto·

630 1634 682 1710 ris
691 1649 900 1722 oneratam,
909 1635 1162 1743 propsdngio,
1173 1665 1282 1744 aquo
1295 1636 1419 1714 dictus
1427 1653 1562 1724 ructor,
1569 1635 1673 1744 juata
1688 1633 1882 1712 libertates
1898 1632 2053 1713 ecclesie

630 1764 679 1842 de
688 1764 860 1844 Cornaco
872 1781 913 1841 et
922 1767 1219 1871 composicicnss
1233 1767 1381 1847 dudum
1397 1766 1542 1845 habitas
1553 1766 1653 1844 inter
1663 1765 1948 1873 predecessores
1963 1763 2052 1844 dicti

631 1894 764 1972 rnilitis
772 1911 812 1972 ct
819 1895 1104 2001 predecessores
1116 1897 1208 1974 dicti
1218 1898 1390 1987 rectoris,
1404 1915 1443 1977 et
1453 1897 1594 2003 abipso
1610 1896 1729 1974 milite
1740 1897 1900 2003 juratas,
1918 1897 2055 1974 immu-

630 2024 690 2102 nis
702 2043 796 2116 crat,
810 2041 1017 2132 contraque
1029 2025 1303 2104 inhibicicnem
1313 2027 1510 2106 servientis
1523 2028 1641 2106 nostri
1655 2025 1951 2132 gardiatcrisque
1963 2026 2052 2104 dicti

628 2155 801 2244 rectoris,
819 2156 992 2232 mestari
1009 2157 1194 2263 precepit,
1215 2155 1325 2246 item,
1346 2157 1451 2264 quod
1467 2157 1576 2234 idern·
1584 2156 1694 2232 miles
1711 2155 1905 2234 detinebat
1920 2185 2053 2262 quam·

628 2285 715 2365 dam
735 2285 894 2362 domum
913 2313 984 2391 pro
1002 2315 1079 2394 qua
1098 2286 1387 2394 quatuordecim
1409 2287 1553 2365 denarii
1573 2314 1708 2364 census
1728 2287 1844 2364 annui
1865 2285 2053 2366 debentur

628 2415 786 2494 ecclesie
805 2416 854 2492 dc
873 2413 1063 2510 Cornacc,
1084 2445 1182 2524 quos
1200 2446 1222 2494 n
1242 2416 1374 2496 decem
1395 2419 1503 2496 annis
1524 2417 1615 2494 citra
1637 2417 1782 2496 dictum
1803 2416 1964 2496 militem
1978 2417 2053 2496 scl-

627 2545 721 2624 visso
740 2573 829 2624 non
843 2564 1008 2636 constat-3
1031 2551 1125 2626 item
1143 2547 1251 2654 quod
1271 2548 1473 2626 Bernerius
1493 2563 1532 2624 et
1553 2549 1686 2628 Petrus
1709 2546 1830 2639 Sicca,
1850 2547 2053 2628 familiares

629 2674 802 2754 Mctlrsdi
820 2676 868 2754 de
888 2676 1157 2770 Castro-Novo,
1177 2676 1247 2754 lilii
1269 2677 1359 2754 dicti
1379 2677 1527 2770 militis,
1550 2675 1651 2754 dicto
1671 2676 1856 2762 Matlredc
1876 2695 2050 2781 presente

627 2821 667 2882 et
680 2833 757 2884 non
774 2808 1072 2898 contradicente,
1092 2807 1222 2886 hostia·
1232 2807 1372 2884 domus
1383 2806 1474 2886 dicti
1489 2806 1644 2884 rectoris
1657 2805 1844 2882 violenter
1855 2805 2050 2912 [regerunt

627 2951 667 3014 ct
683 2936 928 3028 introierunt,
947 2951 1076 3015 contra
1091 2937 1323 3018 voluntatem
1342 2936 1433 3014 dicti
1445 2936 1602 3014 rectoris
1618 2952 1656 3014 et
1674 2934 1757 3043 ejus
1773 2935 1930 3029 familie,
1948 2937 2049 3016 mul·

626 3083 756 3172 casque
774 3067 989 3154 violencics,
1014 3065 1241 3156 invasiones,
1263 3066 1421 3174 injurias
1442 3083 1481 3145 et
1504 3093 1676 3144 excessus
1694 3065 1908 3144 intulerunt
1923 3067 2049 3144 eidem

624 3196 760 3274 rectori
780 3215 818 3277 et
839 3199 936 3288 suis,
954 3211 1083 3272 nostra
1106 3197 1226 3288 curia,
1250 3195 1529 3274 deliberacione
1547 3223 1667 3302 super
1688 3197 1760 3276 hoc
1780 3196 1924 3288 habita,
1946 3197 2049 3276 crdi-

626 3325 739 3417 navit,
759 3355 803 3402 cr
820 3355 949 3418 causa,
967 3324 1073 3430 quod
1089 3326 1260 3432 predicto
1279 3341 1425 3402 rectore
1446 3324 1505 3402 vel
1526 3325 1607 3431 ejus
1626 3343 1866 3432 procuratore
1887 3327 2050 3406 nullate-

625 3455 1010 3554 nusdcnnnciacicnis
1020 3483 1168 3536 cauam
1180 3454 1402 3562 hujusmodi
1415 3469 1686 3561 prosequente,
1701 3481 1771 3532 nec
1781 3455 1861 3562 ejus
1876 3455 2047 3534 obstante

623 3584 794 3664 absencia
807 3614 922 3693 super
935 3585 1143 3693 premissis,
1160 3613 1230 3692 per
1244 3602 1393 3663 certmn
1407 3585 1743 3667 commissariuma
1761 3585 1929 3692 predicta
1945 3586 2049 3670 curia

625 3733 751 3794 nostra
766 3716 914 3808 detrun,
933 3719 1068 3796 veritas
1087 3715 1290 3825 diligenter
1309 3716 1578 3822 inquireretur,
1601 3732 1639 3792 et
1657 3715 1829 3820 inquesta
1846 3715 1937 3794 inde
1954 3715 2049 3796 lacta

622 3846 791 3951 predicte
815 3863 945 3925 nostre
969 3849 1075 3926 cns-ic
1093 3845 1305 3954 judicanda:
1319 3847 1599 3926 remitteretur:
1625 3847 1734 3924 Facta
1759 3845 1884 3952 igitur,
1910 3847 2048 3924 vocaus

622 3976 725 4054 dicto
746 3977 867 4054 milite
886 3995 925 4056 et
943 3977 1027 4056 aliis
1044 3977 1292 4085 supradictis,
1313 4006 1359 4054 cr
1376 3975 1502 4054 cfficic
1524 3976 1630 4054 curie
1650 3989 1793 4066 contre,
1816 3991 1854 4052 et
1874 3975 1921 4053 de
1941 4002 2048 4055 man-

624 4107 972 4214 datcnostrnsnper
981 4108 1174 4216 promissis
1185 4108 1359 4216 inquesta
1370 4123 1543 4184 &nostre
1554 4105 1657 4184 curie
1668 4104 2044 4211 reportata,etdictc,

622 4263 692 4343 per
704 4253 888 4314 arrectum
904 4241 1009 4316 curie
1017 4256 1162 4332 nostre,
1179 4238 1391 4316 ermridori
1405 4254 1448 4315 et
1450 4235 1613 4346 judicari
1630 4235 1787 4325 debere,
1798 4234 1884 4316 risis
1899 4263 2047 4342 proces-

620 4365 726 4445 sibus
745 4393 815 4472 per
826 4367 966 4444 dictam
985 4367 1197 4475 inquestcrn
1216 4367 1487 4475 habitissuper
1506 4365 1704 4472 premissis.
1713 4383 1757 4444 ct
1771 4366 1943 4472 partibus
1961 4366 2046 4448 dili„

620 4515 752 4607 genter
767 4478 906 4576 auditis
924 4516 964 4576 et
980 4499 1134 4579 verium
1152 4517 1471 4606 compcmmper
1490 4498 1699 4606 premissis,
1719 4496 1864 4576 dictum
1883 4497 2042 4578 militent

621 4646 661 4706 et
683 4625 931 4722 liutfredum,
952 4627 1196 4738 ejus'lilium,
1218 4630 1258 4708 in
1275 4629 1510 4708 millelibris
1529 4628 1836 4717 Turonensibus,
1858 4645 1897 4708 et
1916 4627 2046 4708 Gerel-

620 4761 731 4850 drun,
750 4759 922 4868 bajulum
942 4761 1075 4838 militis
1093 4761 1283 4870 ejusdem,
1297 4762 1340 4838 in
1358 4778 1512 4840 centum
1526 4760 1635 4838 libris
1653 4759 1955 4850 Turonensibus,
1974 4787 2045 4838 nc-

620 4889 680 4969 bis
700 4891 934 4999 applicandis
954 4892 1235 4972 sentencialiter
1254 4893 1589 5000 rmdsmpnannu.
1603 4891 1750 4975 Dictcs.
1762 4919 1850 4968 vcro
1871 4889 2045 4970 Gauceli-

619 5050 729 5115 num,
753 5023 960 5102 Geraldurn
987 5025 1175 5118 Fur-nerii,
1195 5025 1419 5131 Bernerinm
1439 5042 1479 5102 et
1502 5027 1712 5131 Rogerum,
1734 5021 1987 5130 chschetum
2007 5038 2046 5099 et

620 5153 774 5230 Petrum
790 5155 839 5232 de
855 5153 974 5247 Sicca,
993 5181 1159 5263 quornm
1174 5153 1224 5232 sd
1237 5154 1541 5234 satisfaciendum
1557 5154 1605 5232 de
1621 5153 1813 5260 premissis
1829 5153 1910 5233 suis
1924 5179 2046 5230 exces-

619 5283 727 5362 sibus
756 5310 833 5360 ncn
862 5285 1056 5365 sufficiunt
1081 5285 1291 5380 necinus,
1321 5288 1643 5393 ccadcrnpnarnus
1667 5286 1805 5364 canceri
1829 5285 2045 5389 mancipan-

622 5411 693 5489 dcs
705 5430 744 5492 et
760 5443 830 5520 per
841 5443 907 5494 ser
919 5443 1069 5497 menses
1084 5416 1286 5499 continuos
1301 5415 1538 5524 detinendos.
1554 5417 1649 5497 ltem
1666 5415 1812 5494 dictum
1829 5412 1990 5494 militem
2006 5425 2045 5488 et
