5817 7292
917 1072 990 1149 534
1495 1070 1584 1143 LES
1613 1069 1754 1143 OLIM.

686 1231 813 1283 Parum
833 1228 876 1289 lv.
914 1214 1034 1300 cium,
1056 1212 1103 1288 ad
1117 1210 1336 1289 instanciam
1352 1209 1444 1287 dicti
1462 1209 1630 1317 episcopi
1644 1190 1709 1286 ibi
1719 1206 1939 1316 appositam,
1960 1225 2004 1286 et
2016 1208 2335 1317 impedimentum

753 1320 814 1363 ¹³¹⁰'
914 1370 1027 1450 super
1037 1342 1127 1433 boc,
1144 1370 1213 1449 per
1230 1342 1373 1419 dictum
1388 1342 1625 1448 episcopum,
1638 1339 1697 1415 'eis
1708 1338 1943 1445 oppositum,
1959 1342 2142 1434 amoveri}
2158 1371 2336 1452 procura*

913 1493 994 1551 tore
1007 1474 1098 1551 dicti
1114 1474 1276 1581 episcopi
1293 1472 1333 1549 in
1347 1470 1736 1550 contrarium‘dicente
1747 1474 1791 1547 ‘c‘t
1806 1469 1915 1576 plura
1927 1471 2048 1549 adsui
2059 1474 2337 1555 deffensionem

911 1620 1169 1711 proponente:
1187 1604 1335 1682 Auditis
1353 1603 1533 1681 omnibus
1548 1628 1622 1707 que
1638 1598 1738 1677 dicte
1750 1619 1875 1707 peltes
1887 1627 2100 1709 proponere
2120 1607 2335 1700 voluerum,

913 1754 951 1811 et
965 1736 1140 1841 inquisita
1155 1734 1308 1811 veritate
1324 1734 1371 1811 de
1387 1733 1565 1839 predictis
1578 1759 1647 1836 per
1663 1732 1955 1822 commissarios,
1971 1762 2085 1842 snper
2097 1737 2189 1827 boc,
2209 1767 2231 1815 a
2250 1767 2336 1817 nos·

911 1884 966 1944 tra
986 1867 1105 1955 ouria,
1124 1867 1342 1973 deputatos,
1368 1865 1618 1971 inquestaque
1634 1864 1804 1971 predicta
1825 1863 1875 1940 a'd
1895 1865 2147 1972 judicandam
2173 1870 2215 1945 in
2235 1872 2336 1949 coria

913 2015 1038 2074 nostra
1054 2012 1254 2103 reportata,
1275 1997 1349 2072 visa
1370 2011 1408 2072 et
1428 1994 1630 2099 diligenter
1644 1994 1866 2083 examinata,
1887 2024 1958 2102 per
1974 1996 2078 2073 curie
2095 2016 2222 2077 nostre
2236 2002 2336 2108 judi·
2354 2004 2357 2008 ’

913 2128 1029 2217 cium,
1053 2127 1197 2204 dictum
1217 2126 1288 2202 fuit
1302 2125 1420 2202 dictos
1440 2123 1614 2202 abbatem
1634 2141 1672 2201 et
1691 2139 1919 2203 conventum
1931 2125 2047 2205 fnisse
2061 2128 2231 2206 indebite
2247 2158 2333 2235 per-

912 2258 1097 2347 turbatos,
1115 2286 1184 2364 per
1198 2256 1341 2333 dictum
1358 2256 1592 2361 episcopum,
1612 2255 1652 2329 in
1667 2254 1802 2331 saisina
1816 2256 2000 2361 predicta,
2015 2273 2057 2334 et
2066 2258 2173 2363 quod
2187 2257 2330 2336 dictum

913 2388 1228 2495 impedimentum
1249 2386 1338 2461 inde
1359 2383 1604 2473 amovebitur,
1625 2412 1668 2461 ac
1685 2412 1820 2462 manus
1839 2404 1965 2463 nostra
1981 2416 2093 2493 super
2111 2387 2330 2495 hujusmodi

914 2521 1049 2597 debato
1074 2518 1239 2623 apposita
1264 2516 1352 2591 inde
1376 2514 1610 2593 amovebitur
1632 2514 1681 2591 ad
1704 2515 1906 2595 utilitatem
1928 2516 2115 2595 dictorum
2138 2519 2332 2628 religioso·

914 2674 1014 2737 rum,
1034 2647 1132 2735 salva
1151 2647 1349 2754 questione
1367 2645 1617 2752 proprietatis.

968 2780 1067 2857 lovis
1082 2794 1172 2884 post
1184 2777 1295 2855 Oculi
1312 2776 1404 2853 mei.

970 2908 1075 2988 (aeci
1094 2906 1305 3015 reportavit.

970 3173 1128 3251 XXXIII.
1158 3171 1256 3249 Cum
1268 3168 1417 3276 questio
1434 3184 1663 3257 moveretur,
1682 3194 1807 3245 coram
1820 3168 1959 3247 ballivo
1973 3171 2137 3276 episcopi
2152 3173 2336 3249 Parisien·

915 3303 979 3390 sis‚
1009 3303 1108 3378 inter
1134 3300 1350 3407 magistrum
1374 3298 1584 3381 Iohannem
1608 3297 1820 3391 Quaisnclli
1843 3316 1884 3376 et
1910 3299 2139 3377 Ricbmdum
2162 3301 2331 3409 baignel,

915 3449 1059 3511 tutores
1088 3460 1154 3508 seu
1174 3447 1368 3507 ¹curatores
1389 3429 1572 3508 Iohannis
1595 3445 1636 3506 ct
1656 3430 1882 3517 Iohannem,
1908 3430 2098 3507 minorum
2121 3424 2331 3509 liberorum

827 3600 831 3617 ·
915 3562 1105 3671 quondam
1125 3562 1305 3639 Iohannis
1317 3560 1478 3639 Rosselli
1493 3565 1531 3638 e't
1547 3560 1726 3652 Matildis,
1749 3561 1830 3668 ejus
1846 3561 1984 3649 naonis,
2001 3588 2047 3637 ea
2058 3588 2136 3637 una
2149 3578 2270 3666 parte,
2285 3580 2332 3640 et

914 3680 1126 3771 Rolandum
1143 3693 1313 3799 Pongerii
1333 3710 1372 3769 et
1386 3692 1467 3799 ejus
1487 3720 1663 3781 uxorem,
1683 3720 1730 3769 ex
1749 3690 1875 3777 altera,
1889 3718 2009 3797 snper
2025 3708 2189 3769 remota
2205 3694 2332 3800 cnjus·

913 3824 999 3901 dam
1020 3823 1169 3911 domus,
1188 3823 1259 3900 site
1275 3822 1454 3912 Patisius,
1475 3823 1515 3899 in
1536 3823 1732 3912 Samaria,
1753 3822 1944 3930 contigua,
1962 3849 2005 3899 ca
2023 3849 2101 3900 una
2119 3839 2243 3929 parte,
2265 3822 2335 3900 do·

913 3957 992 4033 mni
1008 3955 1157 4033 Martini
1166 3953 1385 4059 liepoitevin
1400 3970 1453 4043 at,
1471 3981 1516 4031 ex
1528 3954 1657 4042 altera,
1671 3952 1806 4031 domni
1820 3953 2017 4031 Laurencii
2030 3952 2080 4030 de
2093 3953 2331 4061 blatrlaunop,

914 4084 1023 4162 dictis
1041 4084 1229 4162 tutoribus
1243 4102 1288 4161 et
1306 4084 1552 4176 curatoribus,
1573 4084 1742 4190 predicto
1761 4084 1918 4161 nomine
1936 4086 2078 4163 tutorio
2097 4112 2165 4162 sen
2185 4101 2334 4163 curmo-

914 4213 987 4301 rio,
1010 4213 1182 4320 pluribus
1200 4213 1413 4292 nacionibus
1433 4215 1646 4292 dicentibus
1662 4230 1869 4291 amrinum
1884 4215 1991 4293 'dicte
2009 4216 2147 4293 &mus
2164 4214 2334 4320 adipson

914 4343 1117 4450 pertinere,
1142 4324 1250 4422 dictis
1270 4344 1439 4423 notando
1460 4361 1498 4423 a
1518 4346 1599 4453 ejus
1621 4372 1737 4423 uxore
1755 4347 2002 4435 consanum,
2024 4346 2156 4424 main
2173 4344 2257 4423 uta
2272 4374 2332 4422 a.

916 4473 1101 4565 cionibus‚
1129 4474 1402 4563 asserentibus,
1424 4475 1616 4580 predictus
1638 4474 1814 4564 ballivus,
1835 4474 1914 4554 viso
1932 4502 2109 4582 prooesm
2128 4476 2331 4581 superbae

915 4603 1026 4694 facto,
1050 4606 1168 4683 dictos
1186 4604 1400 4683 Rolandum
1419 4621 1457 4683 et
1474 4607 1558 4713 ojus
1577 4633 1734 4684 uxorem
1747 4604 1805 4682 ab,
1814 4605 2056 4711 impeticione
2069 4606 2238 4713 predicta
2253 4604 2332 4681 tic-

915 4751 1040 4812 torum
1053 4752 1225 4814 tutorum
1239 4764 1307 4812 seu
1321 4754 1537 4814 curatorum
1553 4734 1829 4813 sentencialiter
1840 4734 2012 4825 absolvit3
2028 4764 2138 4842 aquo
2146 4734 2326 4843 judicato,

915 4882 1090 4972 tunquam
1110 4865 1200 4945 salso
1221 4883 1259 4943 ct
1273 4892 1401 4971 pravo,
1422 4866 1512 4943 dicti
1532 4884 1679 4945 tutores
1696 4894 1765 4943 seu
1781 4881 1987 4954 curatores,
1996 4868 2157 4945 nonnae
2173 4892 2248 4971 quo
2267 4894 2332 4941 su-

915 5023 996 5101 pm,
1014 4996 1060 5075 ad
1076 5014 1242 5075 nostram
1256 4996 1396 5073 orariam
1412 4996 1713 5104 appellaveruntc
1726 4994 1881 5073 anaim
1893 4995 2009 5103 igitur
2022 4996 2133 5075 dictis
2144 4995 2329 5103 partibus,

916 5124 954 5201 in
968 5155 1074 5205 causa
1087 5124 1350 5235 appellacionis
1360 5126 1580 5231 predicteet
1589 5129 1669 5207 vino
1677 5147 1854 5235 processa
1863 5126 2131 5234 predicto,per
2141 5127 2334 5205 ctarienos·

914 5258 1167 5363 trejudicitrm
1176 5319 1184 5346 ,
1194 5255 1337 5333 dictum
1349 5255 1421 5335 fuit
1430 5259 1643 5364 predictum
1657 5257 1837 5339 bailivum
1847 5255 1947 5335 bene
1952 5257 2157 5365 judicasse,
2166 5257 2333 5335 otdictoa

915 5404 1059 5467 tutores
1071 5414 1140 5467 seu
1157 5402 1346 5467 curatores
1359 5386 1459 5467 male
1470 5385 1952 5496 appellasse,=etquodipsi
1969 5387 2044 5469 boc
2060 5386 2331 5467 emendabunt.
2421 5473 2426 5477 ,
