5817 7292
872 1089 944 1163 tte
1464 1085 1554 1158 tus
1580 1084 1724 1157 OLIM.

643 1241 770 1295 Pomm
785 1241 827 1302 Ν.
868 1231 965 1320 dicta
979 1231 1190 1309 remanebit
1201 1232 1239 1306 in
1249 1229 1353 1340 curia
1363 1243 1506 1317 nostra,
1524 1224 1735 1308 secundum
1749 1225 1976 1304 contentaiu
1988 1226 2091 1310 dicto
2101 1259 2292 1338 processu,

702 1332 764 1373 'm'
866 1364 1003 1441 vocatis
1022 1362 1207 1468 partibus,
1230 1358 1450 1438 decidenda.
1999 1376 2001 1378 ’

923 1493 1021 1572 lovis
1041 1511 1125 1600 post
1144 1491 1256 1570 Oculi
1276 1491 1363 1568 mei.

925 1621 1131 1730 [uesanos]
1146 1622 1386 1702 Cassellensis
1402 1620 1615 1726 reportavit.

925 1890 1016 1965 LlX.
1048 1888 1162 1976 Cum,
1193 1915 1306 1993 super
1332 1883 1584 1963 controversia
1614 1899 1718 1960 mota
1744 1884 1843 1962 inter
1870 1901 2131 1994 preceptorem
2160 1889 2296 1966 domus

869 2018 994 2098 Sancti
1011 2017 1111 2096 Petri
1127 2017 1174 2094 de
1189 2016 1299 2110 Mari,
1318 2045 1361 2093 er
1376 2044 1452 2092 una
1470 2032 1591 2122 parte,
1609 2031 1647 2091 et
1666 2014 1839 2092 consules
1854 2043 1923 2093 seu
1937 2034 2109 2123 regentes
2126 2019 2296 2097 consula·

868 2167 951 2227 tum
966 2149 1121 2232 civitatis
1135 2147 1324 2236 Narbone,
1343 2176 1387 2224 ex
1399 2147 1535 2237 altera,
1548 2173 1661 2252 super
1676 2173 1722 2224 eo
1736 2147 1840 2251 quod
1856 2146 1979 2224 dictus
1992 2167 2189 2255 preceptor
2198 2150 2295 2227 dice-

868 2279 932 2357 bat
948 2279 1135 2359 territoria
1150 2307 1218 2358 seu
1234 2279 1446 2357 terminalia
1467 2277 1565 2355 dicta
1580 2277 1635 2356 les
1650 2275 1743 2356 Cres
1760 2294 1799 2355 et
1819 2277 1875 2356 les
1894 2277 2053 2369 Gachas,
2074 2294 2112 2356 et
2128 2281 2291 2387 quedam

869 2410 939 2487 alia
959 2441 1033 2518 que
1054 2410 1283 2520 exprimebat
1299 2439 1377 2488 esse
1392 2409 1544 2516 propria
1558 2408 1657 2486 dicte
1674 2408 1827 2499 domus,
1845 2425 1884 2486 ot
1898 2408 2020 2515 ipsum
2034 2427 2291 2518 preceptorem

870 2558 908 2624 et
922 2541 1004 2649 ejus
1020 2541 1317 2648 predecessores,
1338 2540 1493 2618 nomine
1513 2539 1612 2617 dicte
1634 2540 1789 2630 domus,
1806 2567 1887 2618 esse
1904 2556 1940 2628 et
1955 2539 2022 2616 diu
2037 2538 2152 2619 fuisse
2169 2541 2208 2616 in
2223 2542 2294 2618 sai-

868 2673 948 2748 sina
977 2673 1217 2760 eorumdem,
1240 2670 1348 2749 dictis
1370 2669 1590 2749 consulibus
1615 2699 1682 2748 seu
1704 2670 1924 2779 regentibus
1943 2671 2172 2748 contrarium
2195 2700 2293 2749 asse-

868 2803 1053 2894 rentibus,
1082 2820 1119 2880 et
1139 2801 1350 2879 dicentibus
1374 2829 1414 2878 se
1439 2817 1478 2878 et
1492 2818 1744 2879 antecessores
1763 2829 1852 2880 suos
1873 2818 1910 2880 et
1932 2801 2211 2880 universitatem
2231 2830 2295 2880 eo-

868 2961 953 3010 rum
970 2962 1048 3012 esse
1062 2934 1102 3010 in
1115 2933 1249 3012 saisina
1261 2932 1536 3039 predictorum,
1553 2931 1651 3010 dicte
1663 2949 1788 3038 partes
1800 2932 1943 3040 pluries
1955 2932 2295 3039 compromisissent

869 3063 906 3138 in
926 3063 1055 3170 plures
1074 3092 1267 3171 personas,
1289 3091 1413 3141 coram
1434 3091 1596 3169 quarum
1616 3062 1806 3168 aliquibus
1823 3093 1864 3140 ac
1884 3063 2074 3170 deputatis
2093 3062 2141 3140 ab
2158 3064 2212 3140 eis
2226 3062 2295 3142 tuit

869 3221 936 3299 per
957 3193 1073 3271 dictas
1092 3211 1217 3301 partes
1238 3221 1455 3300 processum
1479 3194 1681 3272 intantum
1702 3195 1806 3300 quod
1830 3193 1901 3270 luit
1915 3210 2012 3271 certa
2032 3193 2115 3271 dies
2134 3195 2181 3270 ad
2202 3193 2295 3270 defi-

868 3325 1051 3402 niendum
1073 3327 1290 3432 negocium,
1313 3327 1361 3402 de
1382 3353 1570 3403 consensu
1589 3325 1777 3431 parcium,
1799 3325 1997 3433 assignata3
2020 3307 2184 3430 cumque⁶
2201 3323 2293 3401 dicti

764 3491 772 3510 ·
870 3457 997 3534 arbitri
1014 3454 1157 3532 dictum
1172 3457 1372 3563 negocium
1389 3483 1465 3533 non
1479 3473 1633 3563 possent
1643 3455 1700 3534 vel
1710 3454 1857 3533 nollent
1868 3482 1934 3560 per
1946 3482 2053 3532 suam
2065 3454 2293 3532 sentenciam

867 3587 1087 3674 terminare,
1110 3586 1345 3694 predictique
1371 3587 1547 3664 consules
1569 3614 1636 3664 seu
1659 3602 1831 3694 regentes
1847 3584 2061 3692 peciissent,
2082 3586 2292 3680 secundum

869 3717 1079 3822 predictum
1093 3744 1327 3822 processum,
1342 3745 1408 3824 per
1418 3735 1591 3796 nostrum
1599 3715 1771 3824 judicem
1782 3716 2032 3794 Biterrensem
2041 3714 2290 3805 ordinarium,

868 3847 1120 3954 predictarum
1150 3848 1318 3953 parcium
1352 3847 1499 3926 dictum
1522 3847 1722 3955 negocium
1753 3845 1925 3935 diffiniri,
1957 3863 2070 3953 prout
2098 3864 2177 3924 erat
2204 3875 2295 3925 con-

867 3993 1020 4056 ventum
1042 3978 1140 4055 inter
1159 3995 1283 4085 partes
1302 3978 1508 4086 predictas,
1530 3977 1756 4058 senescallus
1777 3979 2000 4056 Carcassone
2020 3974 2162 4055 dictum
2181 4005 2295 4086 nego-

867 4109 983 4200 cium,
1005 4108 1043 4183 in
1064 4125 1160 4188 statu
1182 4110 1220 4185 in
1240 4137 1317 4217 quo
1337 4128 1430 4201 erat,
1453 4110 1560 4188 adse
1582 4109 1782 4201 revocavit,
1803 4110 1940 4186 virtute
1961 4125 2173 4222 nostrarum
2194 4107 2293 4185 litte·

866 4267 1008 4332 rarum,
1029 4257 1073 4316 ut
1092 4239 1257 4329 dicebat,
1278 4269 1399 4348 perse
1416 4240 1683 4319 decidendum.
1700 4241 1826 4349 Super
1840 4270 1915 4348 qua
1932 4240 2187 4329 revocacione,
2206 4267 2293 4319 cum

868 4368 1013 4460 luisset,
1029 4400 1097 4478 per
1118 4372 1234 4451 dictas
1254 4390 1393 4480 partes,
1411 4401 1536 4451 coram
1557 4372 1658 4449 dicto
1680 4371 1884 4450 senescallo
1904 4401 1947 4450 ac
1967 4399 2092 4450 coram
2113 4372 2292 4478 deputato

777 4493 786 4511 '
867 4500 913 4579 ab
923 4501 1021 4610 ipso,
1035 4503 1268 4594 altercatum,
1282 4504 1385 4582 idem
1397 4503 1639 4594 senescallus,
1652 4531 1766 4610 super
1777 4501 2015 4582 deffinicione
2028 4503 2118 4579 dicti
2129 4503 2290 4612 negocii,

866 4634 1042 4740 magistro
1062 4637 1171 4712 Petro
1190 4634 1348 4725 Roiche,
1366 4635 1489 4744 judici
1509 4634 1741 4724 Minerbesii,
1765 4634 1952 4712 commisit
1974 4635 2074 4711 vices
2100 4661 2204 4721 suas;
2223 4633 2289 4738 qui

866 4764 1040 4871 magister
1051 4766 1198 4856 Petrus,
1213 4794 1289 4844 non
1302 4764 1539 4845 obstantibus
1553 4767 1791 4844 recusacione
1812 4782 1940 4845 contra
1958 4765 2083 4872 ipsum
2102 4762 2289 4872 proposita

867 4908 904 4966 et
924 4893 1242 4999 appellacionibus
1266 4896 1494 5003 interpositis
1515 4925 1584 5003 per
1608 4896 1781 4974 consules
1804 4923 1871 4980 seu
1891 4913 2063 5004 regentes
2085 4894 2287 5002 predictos,

865 5049 1010 5100 necnon
1028 5024 1215 5128 pendente
1236 5025 1398 5134 quadam
1419 5027 1489 5104 alia
1511 5027 1694 5106 dilacione
1715 5027 1875 5136 longiori
1891 5027 1938 5103 ad
1953 5026 2184 5106 audiendum
2199 5022 2291 5106 diffi-

865 5152 1051 5230 nicionem
1078 5154 1167 5230 dicti
1194 5157 1338 5265 negocii
1364 5187 1489 5236 coram
1510 5159 1716 5237 senescallo
1739 5157 1926 5265 predicto,
1954 5159 2055 5236 dicto
2079 5155 2289 5263 preceptori

865 5283 1038 5361 saisinam
1063 5285 1234 5362 locorum
1261 5288 1534 5394 predictorum,
1563 5309 1600 5368 et
1624 5290 1880 5398 quorumdam
1905 5289 2066 5367 aliorum
2086 5288 2288 5396 petitorum

866 5431 903 5490 et
915 5417 1187 5522 pertinencium
1202 5419 1445 5510 eorumdem,
1464 5420 1706 5528 adjudicavit,
1725 5420 1934 5498 inhibendo
1949 5420 2058 5499 dictis
2073 5417 2289 5497 consulibus
