5817 7292
1062 1117 1325 1226 suousrss
1351 1131 1415 1206 nr
1441 1111 1643 1206 Procas.
1996 1139 2062 1207 221

707 1252 1689 1384 Llll.'Factishupersenonisduabusetecuonibuc
1707 1273 1879 1351 videlicet
1896 1275 1942 1351 de
1958 1275 2070 1352 raro
2111 1283 2239 1336 rum
2254 1284 2296 1344 u,

650 1409 839 1517 Pelliparii
860 1428 898 1486 et
919 1408 1093 1515 Philippo
1111 1406 1269 1494 Truele,
1292 1404 1435 1482 civibus
1455 1402 1756 1492 Senonensibus,
1781 1421 1943 1510 utroque
1968 1405 2069 1511 ipso·
2173 1376 2234 1417 ΗΜ

650 1571 735 1618 rum
747 1541 786 1618 in
802 1540 983 1647 majorem
997 1540 1097 1616 dicte
1116 1539 1202 1616 ville
1222 1539 1261 1613 in
1282 1536 1468 1614 discordia
1489 1535 1625 1622 electo,
1643 1551 1696 1624 et,
1721 1561 1835 1641 super
1849 1534 2069 1640 hujusmodi

652 1673 804 1759 debato,
819 1670 990 1777 partibus
1004 1670 1044 1746 in
1063 1669 1166 1748 curia
1182 1685 1308 1747 nostra
1323 1666 1552 1754 constitutis,
1569 1664 1731 1771 quilibet
1746 1691 1876 1742 eornm
1892 1693 1976 1742 suas
1990 1695 2073 1771 pro·

649 1804 779 1908 posuit
792 1800 959 1879 raciones
974 1800 1021 1876 ad
1038 1799 1150 1877 illum
1170 1798 1284 1876 finem
1306 1798 1412 1905 quod
1428 1796 1561 1874 electio
1576 1797 1624 1872 de
1645 1825 1683 1872 se
1699 1794 1791 1872 facta
1806 1795 1945 1872 valeret
1960 1814 1997 1874 et
2016 1815 2071 1873 te-

649 1961 739 2010 nere
758 1931 936 2031 deberet;
957 1957 1024 2035 pro
1041 1947 1145 2037 parte
1166 1957 1254 2005 vero
1269 1946 1396 2006 nostra
1416 1927 1489 2004 luit
1506 1927 1742 2034 propositum
1760 1955 1829 2005 nos
1845 1955 1924 2004 csse
1943 1928 1981 2003 in
2003 1930 2073 2004 sai-

650 2065 729 2140 sina
745 2062 868 2169 quod,
885 2062 1066 2168 quociens
1086 2077 1141 2137 est
1161 2060 1213 2137 ibi
1235 2059 1423 2136 discordia
1442 2059 1482 2134 in
1505 2058 1688 2135 electione
1706 2059 1874 2166 majoris,
1897 2087 1980 2154 nos,
2003 2090 2070 2165 pro

648 2210 728 2270 toto
743 2193 811 2268 illo
831 2219 947 2283 anno,
968 2191 1146 2297 ponimus
1167 2207 1205 2269 et
1222 2207 1399 2267 tenemus
1416 2187 1562 2266 ibidem
1578 2188 1777 2295 majorem
1801 2217 1914 2296 super
1932 2189 2072 2296 quibus

650 2322 738 2397 binc
757 2321 846 2398 inde
862 2321 1079 2427 propositis,
1096 2320 1236 2426 inquiri
1258 2317 1416 2396 fecimus
1434 2320 1628 2396 veritatem
1645 2350 1653 2395 ε
1670 2319 1756 2397 Visa
1771 2320 1885 2427 igitur
1900 2321 2071 2428 inquesta

648 2481 763 2558 super
775 2449 908 2529 hiis‘de
921 2451 1100 2528 mandato
1109 2467 1241 2528 nostro
1251 2449 1362 2537 lacta,
1378 2451 1571 2527 inventum
1586 2450 1659 2527 luit
1671 2450 1894 2528 electionem
1908 2452 1954 2528 de
1970 2451 2070 2528 dicto

648 2584 758 2661 Petro
779 2581 1028 2660 sufficientem
1049 2598 1087 2658 et
1105 2581 1329 2658 electionem
1350 2581 1398 2656 de
1419 2580 1520 2657 dicto
1541 2580 1715 2686 Philippo
1736 2583 1862 2659 minus
1880 2582 2070 2659 sufficien-

647 2728 744 2799 tem,
761 2713 805 2787 in
816 2713 1002 2798 discordia
1018 2729 1144 2788 tamen
1160 2710 1273 2787 factas
1287 2708 1423 2795 luisse,
1439 2737 1585 2814 nosque
1600 2737 1680 2786 esse
1696 2710 1736 2785 in
1757 2711 1907 2798 saisina,
1926 2714 1964 2787 in
1985 2742 2070 2789 casu

647 2841 735 2918 talis
753 2841 957 2929 discordie,
972 2840 1158 2946 ponendi,
1173 2866 1240 2944 pro
1257 2853 1337 2914 toto
1354 2838 1420 2914 illo
1431 2864 1548 2925 anno,
1566 2839 1605 2912 in
1617 2835 1701 2915 villa
1714 2839 1939 2930 Senonensi,
1959 2841 2071 2947 majo

648 2999 747 3061 rem,
766 2972 974 3057 etidcirco,
993 2999 1061 3076 per
1076 2969 1179 3046 curie
1192 2984 1320 3045 nostre
1327 2967 1531 3074 judicium,
1552 2966 1696 3044 dictmn
1711 2969 1783 3045 luit
1798 2987 1836 3046 et
1849 2974 2071 3076 pronuncia-

648 3119 730 3179 tum
754 3128 826 3180 uos
847 3102 885 3178 in
905 3099 1073 3207 predicta
1091 3099 1225 3178 saisina
1246 3125 1441 3178 remanere
1466 3097 1623 3186 debere,
1637 3098 1735 3176 salva
1755 3127 1869 3207 super
1883 3102 1954 3179 boc
1975 3105 2069 3208 parti

647 3232 799 3310 adverse
813 3231 1010 3338 questione
1026 3229 1283 3337 proprietatis,
1305 3246 1343 3306 et
1356 3229 1444 3334 quia
1461 3230 1652 3306 inventum
1669 3248 1727 3307 est
1742 3229 1780 3307 in
1795 3231 1966 3338 inquesta
1985 3263 2069 3339 pre-

647 3365 745 3440 dicta
764 3362 870 3470 quod
886 3362 925 3436 in
942 3359 1040 3438 sacto
1061 3359 1160 3437 dicte
1180 3358 1395 3447 electionis,
1419 3377 1547 3436 contra
1566 3389 1717 3440 manum
1739 3380 1902 3440 nostram
1926 3380 1964 3440 et
1980 3391 2070 3472 gen-

646 3495 747 3571 cium
767 3511 978 3570 nostramm
1004 3491 1323 3597 prohibicionem,
1348 3489 1443 3567 lacte
1469 3489 1623 3569 luerunt
1642 3492 1806 3600 quedam
1827 3493 2008 3582 violencie
2032 3509 2069 3570 et

646 3625 880 3730 portaciones
909 3651 1120 3710 armorum,
1143 3623 1314 3728 inquesta
1338 3622 1508 3728 predicta
1530 3623 1577 3700 ad
1606 3622 1785 3702 ballivum
1812 3626 2067 3704 Senonensem

647 3755 871 3841 remittetur,
896 3771 935 3830 et
953 3753 1025 3832 sibi
1052 3752 1295 3830 mandabitur
1315 3770 1359 3829 ut
1381 3753 1462 3860 ipse
1488 3753 1581 3830 lacta
1601 3755 1839 3860 hujusmodi,
1863 3773 1938 3832 tam
1959 3755 2068 3832 nobis

646 3911 760 3988 quam
780 3883 957 3988 injuriam
969 3885 1103 3989 passis,
1119 3899 1375 3990 competenter
1389 3882 1499 3959 laciat
1516 3884 1719 3960 emendari.

703 4011 866 4090 Sabbato
886 4031 972 4119 post
984 4013 1213 4120 quindenam
1225 4013 1444 4120 Epiphanie.

702 4141 857 4218 Marcilli
878 4145 1090 4249 reportavit.

695 4247 868 4349 ¹llemissa
887 4271 959 4348 luit
978 4273 1026 4350 ad
1046 4273 1190 4350 dictum
1211 4274 1389 4351 ballivum
1409 4275 1582 4379 inquesta
1601 4275 1779 4379 predicta.

700 4537 792 4614 LlV.
824 4535 939 4621 Cum,
954 4533 993 4610 in
1006 4561 1114 4611 causa
1126 4537 1366 4641 proprietatis
1383 4536 1579 4643 cujusdam
1592 4538 1817 4624 domus.site
1831 4539 2009 4628 Parisios,
2028 4543 2065 4616 in

643 4666 724 4743 vico
743 4665 807 4770 qui
825 4664 965 4742 dicitur
979 4663 1082 4741 vicus
1096 4663 1255 4744 Comitis
1268 4665 1556 4756 Attrebatensis,
1575 4693 1700 4746 coram
1714 4668 1910 4748 Parisiensi
1930 4699 2066 4778 prepo-

642 4797 716 4874 sito
735 4812 838 4873 mota
855 4795 955 4872 inter
975 4797 1127 4874 Petrum
1145 4797 1193 4873 de
1209 4796 1355 4904 Gyemo
1371 4799 1591 4890 ctMariam,
1613 4800 1694 4907 ejus
1710 4829 1883 4889 uxorem,
1898 4820 2063 4910 agentes,

644 4955 688 5003 ex
707 4956 783 5004 una
801 4944 927 5033 parte,
950 4944 989 5004 et
1008 4928 1228 5036 magistrum
1246 4927 1455 5008 lohannem
1479 4931 1526 5007 de
1542 4931 1765 5042 Melednno,
1780 4930 2064 5024 defendentem,

642 5085 687 5132 ex
706 5056 840 5144 altera,
865 5056 955 5134 dicti
981 5059 1160 5165 conjuges
1183 5059 1392 5167 ajudicato
1416 5061 1507 5139 dicti
1528 5063 1710 5169 prepositi
1731 5080 1858 5142 contra
1881 5092 1922 5142 se
1946 5063 2062 5152 lacto,

642 5205 820 5294 tanquam
831 5217 852 5264 a
863 5188 957 5267 falsu
967 5207 1005 5266 et
1016 5217 1128 5295 pravo
1144 5190 1190 5266 ad
1204 5208 1371 5269 nostram
1387 5193 1530 5269 curiam
1543 5193 1789 5301 appellassent
1801 5227 1810 5272 ε
1822 5196 2008 5284 Tandem,
2026 5197 2063 5270 in

640 5347 750 5397 causa
773 5318 871 5396 dicte
896 5318 1159 5426 appellacionis
1187 5322 1325 5400 auditis
1346 5323 1520 5428 partibus
1543 5341 1581 5400 et
1599 5326 1686 5442 visis
1707 5355 1883 5433 processu
1909 5342 1946 5401 et
1960 5322 2064 5430 judi·

644 5465 724 5523 cato
733 5448 1116 5556 predictis,percurie
1127 5468 1255 5528 nostre
1262 5451 1469 5558 judicium,
1483 5451 1572 5532 dicti
1582 5483 1778 5560 processus
1791 5471 1828 5532 et
1834 5454 2061 5562 judicatum,
