5817 7292
869 1140 938 1218 1210
1438 1144 1530 1215 LES
1559 1141 1703 1216 ont-M.

639 1298 768 1352 aarum
780 1296 823 1360 1v,
919 1286 979 1363 Ill.
1010 1286 1097 1363 Visa
1112 1283 1301 1391 inquesta,
1321 1283 1368 1361 de
1382 1284 1561 1362 mandato
1577 1283 1724 1363 domini
1741 1282 1852 1392 Regis
1869 1282 1963 1363 facta
1975 1284 2077 1363 inter
2090 1302 2221 1393 gentes
2234 1286 2293 1394 ip-

699 1390 761 1433 rm.
864 1418 942 1496 sius
963 1416 1110 1495 domini
1131 1416 1260 1523 Regis,
1284 1443 1328 1491 er
1348 1444 1423 1491 una
1439 1432 1562 1521 parte,
1582 1432 1620 1493 et
1636 1415 1833 1523 religiosos
1848 1414 1947 1494 viros
1959 1414 2135 1493 abbatem
2148 1433 2187 1493 et
2200 1444 2292 1495 eon-

861 1566 1015 1628 ventum
1034 1545 1393 1635 Sancte-Genovele,
1412 1564 1450 1625 et
1467 1574 1599 1624 eorum
1615 1548 1782 1652 priorem
1803 1547 1851 1625 de
1865 1546 2080 1654 Espinolio,
2100 1576 2145 1625 ex
2157 1546 2289 1640 altera,

861 1710 975 1789 super
994 1709 1038 1759 eo
1059 1678 1182 1786 quod,
1200 1676 1326 1755 statim
1341 1694 1428 1784 post
1447 1677 1596 1755 obitum
1613 1677 1885 1756 recordationis
1905 1678 2034 1756 inclite
2049 1679 2180 1787 regine
2195 1680 2293 1759 Mar·

858 1814 976 1920 garite
997 1840 1131 1887 manus
1147 1809 1293 1887 domini
1309 1809 1419 1916 Regis
1437 1808 1605 1916 apposita
1617 1807 1740 1886 fuerat
1758 1808 1798 1885 in
1815 1808 1890 1887 alte
1899 1808 2052 1916 justicia
2069 1810 2116 1887 de
2132 1809 2292 1917 Espino-

859 1943 929 2033 lio,
958 1943 1105 2049 dequo
1132 1941 1220 2017 dicti
1245 1940 1412 2048 religiosi
1438 1940 1788 2046 conquerebantum
1814 1958 1851 2019 et
1875 1968 1990 2047 super
2015 1968 2061 2019 eo
2086 1940 2190 2048 quod
2218 1941 2288 2049 ipsi

858 2074 1023 2183 religiosi
1053 2072 1249 2181 quoddam
1278 2072 1469 2177 expletum
1494 2070 1568 2148 alte
1592 2072 1743 2180 justicie
1768 2090 1900 2179 postea
1923 2070 2097 2150 fecerunt
2122 2071 2286 2161 ibidem,

859 2206 906 2283 de
926 2234 1003 2314 quo
1025 2204 1328 2313 conquerebatur
1346 2203 1493 2281 domini
1509 2203 1619 2310 Regis
1634 2219 1855 2310 procurator
1867 2234 1876 2281 ε
1888 2203 1960 2280 Per
1972 2203 2163 2310 judicium
2184 2204 2286 2281 curie

858 2355 1003 2427 nostre,
1027 2338 1171 2415 dietum
1193 2336 1265 2413 fuit
1285 2335 1392 2443 quod
1417 2364 1548 2412 manus
1569 2334 1716 2411 domini
1736 2334 1848 2443 Regis
1870 2337 1917 2412 de
1940 2335 2040 2412 dicta
2056 2334 2226 2443 justicia,
2249 2350 2288 2411 et

858 2468 1174 2575 impedimentum
1190 2495 1259 2575 per
1273 2466 1389 2585 ipsius
1406 2466 1551 2543 domini
1571 2466 1682 2573 Regis
1696 2483 1828 2575 gentes
1844 2495 1958 2574 super
1976 2467 2051 2545 hoc
2071 2466 2181 2542 dictis
2200 2464 2289 2542 reli·
2404 2556 2407 2559 .

857 2599 970 2707 giosis
991 2598 1203 2705 appositum
1219 2596 1508 2685 amovebuntur,
1540 2613 1578 2674 et
1596 2597 1644 2674 ab
1665 2599 1827 2675 emenda
1850 2627 1933 2706 que.
1953 2615 2107 2704 propter
2127 2598 2201 2675 hoe
2221 2624 2287 2703 pe-

857 2730 1007 2808 tebatur
1026 2730 1072 2807 ab
1094 2728 1147 2807 eis
1169 2728 1423 2807 remanebunt
1441 2728 1646 2807 immunes.

912 2864 1020 2939 Lune
1041 2877 1129 2968 post
1146 2862 1328 2940 Sanctum
1348 2861 1555 2941 Martinum
1575 2861 1803 2970 hyemalem.

912 3128 973 3206 lv.
1004 3128 1046 3203 ln
1067 3127 1203 3205 eodem
1218 3126 1339 3215 bello,
1357 3127 1547 3205 defunctis
1561 3129 1755 3221 Johanne,
1774 3128 1932 3206 domino
1947 3128 1994 3206 de
2010 3126 2285 3235 Boychavoine,

857 3273 894 3334 et
902 3257 1054 3365 Egidio,
1068 3256 1149 3363 ejus
1161 3257 1431 3364 primogenito,
1450 3257 1653 3345 militibus,
1669 3286 1782 3364 super
1795 3259 2038 3364 adipiscenda
2050 3259 2286 3365 possessione

855 3388 1076 3466 hereditatis
1091 3404 1129 3464 et
1140 3404 1240 3463 terre
1256 3386 1302 3464 de
1318 3388 1576 3495 Boychavoine
1589 3404 1671 3465 orta
1686 3388 1776 3476 fuit,
1794 3388 1834 3464 in
1845 3389 1949 3465 curia
1960 3387 2122 3497 Nigelle,
2138 3389 2288 3468 discen·

855 3520 911 3597 sio
927 3520 1026 3596 inter
1044 3520 1217 3607 Petrum,
1239 3518 1329 3595 dieti
1351 3519 1499 3595 domini
1514 3517 1655 3609 filium,
1678 3546 1722 3595 ex
1741 3547 1817 3596 una
1829 3536 1951 3626 parte,
1969 3536 2008 3596 et
2023 3518 2217 3597 dominam
2236 3520 2284 3597 de

855 3653 1113 3742 Ronaucourt,
1140 3649 1231 3727 dieti
1259 3650 1383 3757 Egidii
1403 3650 1592 3739 relictam,
1620 3650 1771 3728 racione
1791 3650 1958 3728 dotalicii
1980 3650 2039 3729 sui
2066 3667 2104 3728 et
2127 3651 2283 3729 nomine

853 3781 958 3860 bailli
984 3782 1194 3861 liberorum
1223 3810 1380 3859 suorum
1408 3811 1453 3859 ex
1480 3783 1582 3861 dieto
1601 3782 1737 3891 Egidio
1762 3799 2052 3889 susceptorum,
2080 3809 2124 3861 ex
2148 3779 2281 3870 altera3

855 3930 1013 4020 utraque
1024 3930 1128 4020 parte
1143 3913 1318 4021 pluribus
1332 3913 1546 3991 nacionibus
1565 3933 1799 4021 proponente
1814 3943 1870 4004 se,
1887 3932 2068 4021 tanquam
2080 3913 2285 4020 proximio-
2350 3964 2353 3969 ·

853 4074 951 4134 rem,
979 4044 1119 4123 debere
1144 4045 1293 4122 admitti
1318 4044 1364 4121 ad
1385 4043 1607 4151 homagium
1628 4062 1667 4122 et
1685 4045 1860 4123 saisinam
1881 4046 2073 4123 bonorum
2093 4043 2285 4150 predicto·

853 4208 951 4255 mm.
977 4180 1018 4255 In
1045 4208 1119 4286 qua
1143 4206 1267 4269 causa,
1293 4176 1473 4255 concluso
1493 4178 1704 4283 apartibus
1736 4176 1955 4267 antedictis,
1984 4175 2160 4255 homines
2185 4176 2283 4254 dicte

853 4310 955 4385 curie
963 4310 1229 4415 judicaverunt
1244 4310 1387 4388 dictum
1403 4311 1573 4399 Petrum,
1589 4325 1769 4416 tanquam
1783 4310 2072 4417 proximiorem,
2089 4309 2138 4387 ad
2152 4309 2283 4389 homa-

853 4438 959 4546 gium
985 4454 1023 4514 et
1046 4440 1219 4517 saisinam
1242 4441 1340 4517 dicte
1364 4458 1465 4517 terre
1486 4441 1534 4518 ‹le
1554 4442 1805 4532 Boiohavoine
1827 4441 1968 4520 debere
1994 4441 2159 4528 admitti,
2185 4440 2283 4518 salva

853 4568 1052 4675 questione
1067 4569 1305 4676 proprietatis
1319 4571 1415 4675 parti
1436 4571 1607 4663 adversm
1625 4601 1646 4650 a
1662 4601 1739 4680 quo
1751 4573 1940 4680 judicato,
1957 4590 2136 4678 tanquam
2154 4600 2175 4647 a
2189 4570 2282 4651 falso

854 4715 891 4774 et
903 4728 1033 4804 pravo,
1051 4700 1150 4775 dicta
1165 4698 1309 4789 relicta,
1330 4700 1579 4806 nomineque
1596 4731 1725 4810 supra,
1742 4704 1789 4780 ad
1805 4721 1974 4782 nostram
1990 4701 2134 4779 curiam
2155 4698 2283 4806 appel·

852 4827 961 4906 lavit:
977 4829 1202 4907 Constitutis
1221 4829 1347 4939 igitur,
1366 4829 1405 4905 in
1425 4858 1535 4907 cansa
1556 4833 1654 4911 dicte
1672 4833 1961 4940 appellacionis,
1977 4832 2018 4907 in
2041 4828 2282 4907 nostracnria

853 4960 961 5036 dictis
973 4960 1159 5067 partibus,
1178 4978 1216 5038 et
1232 4961 1372 5039 exibito
1387 4960 1457 5067 ipsi
1473 4961 1576 5039 curie
1594 4960 1722 5043 nostre
1743 4962 1851 5041 totali
1864 4988 2043 5069 processu
2059 4961 2157 5038 dicte
2177 4960 2280 5037 curie

851 5088 1010 5198 Nigelle,
1029 5120 1144 5198 super
1162 5120 1241 5199 quo
1261 5091 1462 5170 fundatum
1481 5091 1555 5170 luit
1567 5094 1779 5202 judicatum
1802 5093 2033 5198 predictum,
2055 5107 2171 5198 prout
2189 5117 2281 5168 con·

851 5219 946 5299 fesse
966 5221 1122 5333 luerunt
1141 5222 1181 5300 in
1200 5239 1327 5300 nostra
1351 5223 1454 5301 curia
1473 5224 1572 5303 dicte
1591 5242 1734 5333 partes,
1752 5224 1965 5330 auditisque
1985 5220 2204 5300 nacionibus
2221 5222 2279 5328 ip-

851 5380 977 5429 sarum
992 5352 1161 5460 parcium
1174 5353 1263 5430 bino
1282 5370 1320 5431 et
1334 5353 1443 5445 inde,
1465 5371 1504 5433 et
1523 5354 1608 5432 visis
1627 5354 1829 5463 diligenter
1848 5382 2023 5461 processu
2045 5351 2217 5460 predicto
2237 5382 2280 5432 ac

850 5482 985 5563 litteris
1003 5484 1172 5592 parcium
1186 5482 1461 5591 predictarum,
1477 5514 1546 5592 per
1560 5487 1663 5563 curie
1677 5501 1805 5566 nostre
1814 5484 2024 5593 judicium,
2043 5484 2187 5563 dictum
2205 5482 2279 5563 fuit
