5817 7292
986 1091 992 1102 ·
1028 1068 1291 1175 uuoutrus
1317 1087 1378 1160 ur
1404 1067 1605 1162 ruocus.
1954 1093 2027 1162 nar

667 1224 789 1304 Monoi
809 1225 1020 1330 reportavit.

666 1487 760 1564 XXI.
798 1487 964 1578 Quidam
994 1489 1167 1569 modicus
1199 1518 1393 1594 processus
1424 1491 1473 1570 ad
1506 1490 1723 1570 instanciam
1754 1491 2027 1571 monachorum

612 1615 945 1723 Sancti-Dyonisii‚
969 1645 1085 1724 super
1109 1645 1272 1724 garonna
1296 1621 1475 1700 territorii
1501 1621 1548 1698 de
1572 1621 2026 1710 Prnto-Sancti-Gervrsii‚

612 1773 679 1850 per
693 1745 936 1828 Castelletum
951 1746 1088 1841 factus,
1102 1746 1175 1826 fuit
1188 1777 1256 1854 per
1268 1750 1410 1830 curiam
1423 1749 1626 1840 anulletur,
1639 1767 1751 1857 prout
1762 1752 1975 1829 continetur
1989 1752 2028 1828 in

612 1875 739 1956 rotulo
760 1877 873 1983 hujus
893 1876 1128 1983 parlamenti.

662 2141 776 2218 XXII.
807 2143 909 2220 luter
921 2140 1041 2220 Adam
1060 2142 1265 2247 Euporum,
1282 2143 1400 2220 civem
1416 2144 1677 2230 Parisionsem,
1697 2171 1740 2220 ex
1759 2171 1834 2218 una
1854 2157 1976 2247 perte,
1995 2157 2034 2217 et

613 2267 816 2348 Ysabollim
839 2270 877 2348 la
895 2271 1107 2378 Houdnyno
1127 2288 1165 2350 ot
1187 2271 1389 2361 Graiorum,
1418 2272 1500 2380 ejus
1518 2271 1663 2360 filium,
1687 2300 1731 2348 ex
1754 2273 1885 2365 altera,
1906 2298 2033 2350 corun

613 2398 808 2480 Parisinusi
824 2377 1033 2508 preposito,
1052 2419 1154 2480 mota
1168 2403 1367 2508 questione
1385 2431 1500 2510 super
1516 2404 1736 2481 executione
1753 2431 1865 2508 quam
1883 2400 2034 2507 petebat

613 2524 696 2604 fieri
711 2528 835 2611 dinus
855 2530 976 2610 Adam
993 2531 1189 2638 cujusdam
1205 2531 1447 2639 gagiamenti‚
1470 2559 1656 2610 summam
1677 2532 1868 2639 octoginta
1887 2547 1925 2606 et
1940 2529 2035 2606 duo

616 2656 738 2738 decim
758 2659 940 2740 iibrnrum
961 2662 1227 2741 Parisionsium
1243 2662 1486 2750 continentis,
1507 2681 1546 2740 et
1560 2689 1673 2768 super
1687 2662 1883 2769 cujusdam
1898 2659 2035 2736 erroris

615 2788 871 2878 revocacione,
893 2819 960 2896 per
980 2791 1124 2870 dictum
1142 2792 1263 2870 Adam
1283 2792 1533 2868 incontinenti
1553 2791 1704 2879 factam,
1724 2791 1847 2868 dictus
1866 2788 2037 2896 preposi*

615 2933 692 3005 tus,
705 2919 849 3008 auditis¹
854 2920 1036 3024 partibus,
1042 2920 1226 3027 judicavit
1235 2921 1378 3000 dictum
1390 2920 1510 2998 Adam
1520 2921 1734 3026 predictum
1746 2947 1914 2998 errorem
1927 2945 2035 3024 posto

616 3046 866 3125 incontinenti
881 3078 1086 3140 revocasse,
1098 3080 1140 3128 ac
1152 3052 1363 3157 predictum
1379 3051 1658 3158 gagiamentum
1671 3050 1811 3126 debere
1821 3047 2035 3126 execucioni

616 3177 803 3265 mandari;
825 3207 845 3254 a
866 3207 942 3283 quo
958 3178 1145 3284 judicato,
1166 3196 1359 3281 tamquam
1383 3177 1475 3255 falso
1495 3194 1534 3253 et
1555 3206 1684 3281 pravo,
1709 3207 1793 3281 pars
1815 3178 1967 3257 adversa
1988 3177 2036 3254 ad

616 3331 685 3382 nos
709 3305 935 3411 appellavit:
957 3304 1106 3381 Auditis
1125 3304 1240 3412 igitur
1265 3303 1375 3380 dictis
1395 3305 1564 3409 partibus
1583 3307 1623 3381 in
1645 3334 1753 3382 causa
1772 3304 2038 3410 appellacionis

617 3434 798 3539 predicte,
821 3451 860 3512 et
878 3435 963 3512 visis
972 3434 1143 3540 judicato
1160 3450 1199 3510 et
1213 3459 1392 3539 processu
1408 3433 1602 3538 predictis,
1624 3463 1691 3540 por
1711 3434 1813 3512 curie
1831 3452 1957 3511 nostre
1973 3435 2037 3541 ju-

617 3563 777 3653 dicium,
797 3565 942 3644 dictum
959 3563 1032 3645 fuit
1049 3581 1090 3642 et
1108 3562 1396 3669 pronunciatum
1416 3563 1561 3644 dictum
1579 3564 1811 3670 prepositum
1831 3564 1928 3642 bene
1938 3564 2038 3671 judi-

618 3723 733 3786 casse,
753 3712 790 3773 et
809 3695 930 3774 dictos
946 3693 1177 3800 appellantes
1195 3694 1293 3772 male
1311 3693 1533 3800 appellasse,
1551 3709 1589 3772 et
1605 3694 1710 3798 quod
1729 3694 1799 3799 ipsi
1818 3693 1891 3769 hnc
1906 3721 2038 3770 emen-

619 3824 776 3902 debunt.

676 3951 840 4031 Sabbetn
860 3969 945 4032 ante
961 3952 1196 4032 Nativitatem
1216 3952 1386 4030 Domini.

675 4082 799 4160 Monoi
820 4083 1032 4188 reportavit.

677 4343 800 4422 xtttlt.
831 4344 929 4422 Cum
946 4360 1050 4422 mota
1064 4344 1197 4422 fuisset
1212 4343 1252 4420 in
1268 4344 1371 4422 curia
1387 4359 1514 4452 nostra
1527 4343 1675 4450 questio
1689 4342 1790 4420 inter
1801 4342 1985 4450 majorem
2001 4360 2040 4422 et

621 4503 729 4580 peres
747 4475 965 4553 communie
980 4473 1213 4554 Belvacensis
1230 4491 1271 4552 et
1289 4473 1513 4552 Michaelem
1532 4473 1682 4562 Bomio,
1697 4473 1865 4580 juratum
1885 4501 2036 4567 eorum,

622 4635 666 4682 er
684 4634 759 4682 una
778 4623 902 4712 purte,
921 4623 962 4684 et
979 4605 1206 4685 Garnerium
1226 4605 1274 4684 de
1292 4603 1489 4694 Credolio‚
1507 4605 1740 4712 prepositum
1759 4601 2039 4694 Belvacensem,

623 4765 666 4814 er
676 4736 807 4829 ultera,
819 4763 932 4843 super
940 4765 987 4814 en
1000 4737 1104 4844 quod
1115 4736 1276 4843 predicti
1286 4736 1417 4845 major,
1429 4754 1585 4842 paresat
1597 4734 1771 4826 Mittunt,
1782 4753 2041 4842 proponentes

622 4868 727 4973 qnod
738 4867 861 4945 dictus
870 4867 1075 4948 Gamerius
1084 4867 1299 4972 predictum
1307 4866 1550 4957 Michaelem,
1562 4883 1663 4944 extra
1676 4881 1793 4944 metas
1801 4866 2042 4972 prepositure

623 4998 939 5087 coemittentem,
954 5027 1042 5077 cum
1054 4997 1138 5076 aliis
1152 4997 1201 5076 de
1213 4997 1427 5076 communia
1439 4996 1668 5088 Betriacensi,
1679 5023 1748 5102 pro
1761 5012 1901 5074 mostra
1914 5013 2041 5076 nostro

623 5124 811 5216 iacienda,
827 5128 908 5206 sine
924 5157 1031 5207 musa
1043 5127 1279 5218 racionabitt
1296 5128 1552 5208 verberaverat
1565 5155 1685 5236 usquc
1700 5127 1748 5206 ad
1759 5127 2042 5235 sangtdnisefu-

624 5256 788 5350 sionem,
807 5277 845 5344 et
860 5260 1042 5367 quasdam
1060 5259 1151 5338 alias
1169 5258 1325 5368 injuriae
1344 5259 1470 5337 eidem
1491 5258 1686 5348 intulerat,
1705 5258 1842 5335 dictum
1861 5275 2042 5336 montrum

625 5385 885 5491 impediendo,
907 5389 1088 5496 petebant
1106 5389 1224 5469 dictat
1244 5389 1401 5498 injurius
1421 5387 1533 5468 nobis
1552 5406 1591 5467 et
1609 5388 1680 5466 sibi
1701 5387 1914 5474 meudun,
1939 5385 2040 5462 dicto

2065 1244 2195 1303 Parumne
2207 1249 2250 1313 tv,

2128 1344 2190 1384 taor.
