5817 7292
1056 1097 1321 1206 snoutrns
1345 1117 1410 1190 rr
1436 1097 1640 1192 ruocns.
1983 1119 2053 1188 227

645 1257 815 1364 parcium
830 1255 1042 1334 racionibus
1054 1255 1198 1334 hincet
1215 1255 1321 1347 inde,
1339 1284 1407 1362 per
1423 1257 1526 1334 emis
1545 1271 1673 1336 nostre
1687 1254 1893 1362 judicium,
1914 1255 2056 1336 dictum
2093 1274 2223 1333 Pernen
2235 1280 2279 1344 tv,

642 1385 716 1464 fuit
734 1404 773 1464 et
790 1389 1081 1492 pronunciatum
1106 1386 1249 1464 dictum
1272 1386 1505 1493 prepositum
1534 1385 1632 1462 male
1649 1384 1836 1492 judicasse
1856 1405 1894 1464 et
1914 1387 2056 1466 dictum
2156 1369 2209 1414 ¹³⁰⁷

643 1514 892 1594 Guillelmum
906 1516 1004 1594 bene
1022 1514 1242 1623 appellasse,
1257 1534 1296 1594 et
1306 1515 1412 1623 quod
1432 1516 1521 1594 dicti
1544 1515 1737 1594 camerarii
1747 1514 1959 1622 judicatum
1976 1545 2058 1622 pre-

645 1647 786 1724 dictum
806 1647 1045 1724 mandabitur
1065 1645 1290 1725 execucioni.

700 1779 744 1854 ln
762 1775 857 1854 festo
877 1776 975 1853 beati
997 1775 1159 1852 Andree.

701 1908 752 1985 M.
771 1907 803 1984 l.
825 1906 1039 1984 Anthonins
1057 1905 1272 2010 reportavit.

701 2167 760 2243 Vl.
791 2165 903 2254 Cum,
919 2182 1021 2244 mota
1035 2165 1284 2244 controversia
1297 2165 1395 2244 inter
1410 2164 1586 2246 abbatem
1602 2184 1640 2244 et
1654 2183 1878 2246 conventum
1893 2166 2060 2273 Majoris·

645 2297 861 2377 Monasterii
878 2297 1112 2375 Turonensis
1127 2311 1166 2374 et
1181 2322 1314 2374 eorum
1329 2297 1494 2402 priorem
1511 2297 1558 2376 de
1573 2299 1772 2406 Dynanno,
1790 2297 2001 2377 dicencium
2017 2325 2058 2378 se

645 2452 725 2506 ease
743 2443 783 2504 et
801 2455 870 2504 nos
890 2427 1007 2506 eciam
1023 2427 1063 2504 in
1084 2426 1219 2506 saisina
1235 2427 1349 2534 garde
1370 2427 1461 2506 dicti
1481 2427 1618 2536 prioris
1635 2443 1674 2506 et
1692 2428 1774 2534 ej'us
1791 2428 1991 2534 prioratus,
2016 2455 2060 2506 ex

644 2573 749 2660 parte
765 2584 858 2645 una,
878 2573 916 2635 et
933 2557 1136 2636 llenricnm
1155 2557 1203 2635 de
1220 2556 1434 2664 Avalgorio‚
1455 2556 1714 2645 domicellum,
1735 2585 1779 2636 ex
1796 2557 1928 2647 altera,
1949 2585 2060 2664 super

645 2713 693 2762 eo
709 2687 813 2792 quod
830 2688 952 2764 dictus
971 2686 1192 2766 domicellus
1209 2685 1395 2764 violenter
1405 2704 1446 2764 et
1459 2687 1597 2794 injuste
1613 2705 1652 2765 et
1665 2688 1704 2764 in
1718 2685 1969 2792 prejudicium
1988 2688 2061 2766 dia-

644 2831 773 2892 tornm
796 2811 1057 2923 religiosorum
1082 2833 1122 2894 et
1144 2815 1244 2894 dicte
1265 2816 1380 2922 garde
1403 2833 1547 2904 nostre,
1577 2833 1621 2894 ut
1644 2816 1848 2908 dicebatur,
1874 2835 2061 2896 amoverat

644 2945 827 3050 quasdam
838 2971 967 3023 cruces
981 2945 1181 3024 existentes
1194 2969 1308 3050 super
1320 2953 1439 3022 certas
1452 2944 1588 3024 domm
1601 2973 1687 3024 suas
1697 2945 1800 3051 apud
1813 2945 2056 3050 Dynnnnum,

643 3103 739 3180 quas
753 3075 874 3152 dictus
884 3075 987 3181 prior
1000 3075 1162 3164 ibidem,
1178 3074 1278 3152 dicte
1288 3075 1495 3174 amorionis
1506 3085 1695 3182 ternpore,
1709 3075 1847 3182 positas
1857 3076 2010 3156 tenebat
2022 3093 2060 3155 et

643 3222 817 3283 tenuerat
833 3233 901 3311 per
922 3205 1017 3284 duos
1031 3211 1155 3284 'annos
1173 3223 1260 3284 ante
1279 3223 1317 3283 at
1335 3206 1453 3295 ultra,
1470 3233 1619 3286 necnon
1637 3233 1751 3312 super
1762 3204 1913 3311 justicia
1929 3205 2002 3284 alta
2022 3223 2060 3284 et

643 3337 751 3415 hassa
764 3337 803 3412 in
818 3336 927 3413 dictis
939 3335 1117 3414 domibus
1130 3353 1170 3414 et
1180 3337 1221 3411 in
1232 3335 1435 3414 totoleodo
1447 3335 1795 3426 Sancti-Vincencii,
1810 3351 1848 3416 et
1858 3363 1972 3444 super
1981 3338 2061 3442 qui-

643 3464 801 3543 busdam
814 3464 962 3572 injuriis
971 3464 1071 3542 dicto
1084 3465 1199 3572 priori
1213 3483 1253 3543 et
1262 3466 1341 3543 suis
1351 3465 1529 3575 gentibus
1539 3493 1608 3571 per
1620 3483 1750 3572 gentes
1765 3464 1855 3544 dicti
1869 3465 2059 3544 domicelli

644 3613 688 3675 ut
703 3596 907 3685 dicebatur,
924 3595 1051 3687 illatis,
1067 3597 1159 3673 certi
1173 3595 1594 3688 commissarii,·virtute*
1601 3595 1809 3674 litterarum
1828 3611 2058 3688 nostrarum,

644 3727 819 3805 aballivo
837 3728 1051 3806 Turonensi
1073 3757 1187 3835 super
1210 3730 1284 3808 hoc
1307 3729 1492 3833 deputati,
1515 3729 1554 3805 in
1579 3729 1769 3834 premissis
1793 3727 2058 3834 procedentes,

645 3881 714 3961 per
732 3885 798 3934 eos
816 3859 965 3965 cognito
979 3886 1051 3936 nos
1072 3875 1111 3934 et
1129 3858 1249 3937 dictos
1268 3855 1463 3964 religiosos
1482 3885 1562 3935 esse
1581 3857 1619 3934 in
1639 3858 1771 3934 saisina
1789 3855 1901 3961 garde
1918 3856 2060 3960 priora-

643 4002 706 4062 tus
726 3984 911 4090 predicti,
939 3987 1158 4093 dictumque
1176 3986 1343 4093 priorem
1373 3985 1492 4063 dictas
1515 4011 1643 4063 cruces
1665 3987 1706 4060 in
1732 3982 1840 4060 dictis
1861 3981 2056 4077 domibus,

644 4115 742 4192 sicut
760 4116 983 4220 premissum
1006 4133 1083 4205 est,
1108 4117 1246 4222 positas
1264 4134 1394 4194 tencre
1412 4105 1657 4207 assensisse,
1684 4130 1723 4192 et
1749 4139 1810 4190 aas
1828 4141 1897 4220 per
1915 4113 2058 4192 dictum

646 4245 890 4322 domicellum
909 4232 1092 4325 uiolenter
1108 4264 1150 4324 et
1168 4246 1306 4353 injuste
1331 4263 1474 4322 amotas
1495 4243 1631 4333 luisse,
1654 4243 1865 4350 dictamque
1888 4243 2001 4322 altam
2021 4260 2060 4324 et

644 4374 789 4452 bassam
795 4373 983 4481 justiciam
995 4375 1165 4457 locorum
1178 4377 1434 4483 predictorum
1447 4401 1528 4452 esse
1540 4373 1815 4453 contenciosam
1826 4374 1926 4451 inter
1936 4391 2059 4482 partes

645 4502 848 4610 predictas,
867 4504 983 4581 dictas
1001 4533 1129 4582 cruces
1147 4531 1263 4612 super
1272 4505 1390 4582 dictas
1407 4503 1541 4582 domos
1557 4503 1688 4609 reponi
1706 4502 1890 4593 lecerunt,
1909 4502 2059 4582 dictam-

645 4661 719 4742 que
734 4634 925 4742 justiciam
946 4635 995 4712 ad
1013 4615 1167 4712 manum
1186 4653 1368 4724 nostram,
1390 4652 1569 4743 tanquam
1587 4634 1809 4742 superioris,
1823 4651 1978 4741 propter
1994 4634 2062 4713 de-

643 4763 774 4843 batum
784 4765 968 4872 parcium,
981 4780 1205 4873 posuerunt,
1219 4766 1322 4844 diem
1332 4793 1457 4845 coram
1468 4765 1596 4858 nobis,
1607 4765 1782 4854 Parisios,
1796 4765 1843 4844 ad
1854 4763 2058 4871 parlamen-

644 4911 743 4983 tum,
766 4897 875 4974 dictis
890 4898 1060 5003 partibus
1078 4925 1191 5004 super
1207 4898 1281 4976 hoc
1296 4897 1541 5006 assignantes:
1562 4896 1671 4974 Dicto
1689 4895 1802 5004 igitur
1819 4922 1996 5002 processu
2010 4893 2058 4974 ad

644 5042 809 5104 nommm
822 5028 963 5104 curiam
982 5045 1191 5135 reportato,
1207 5027 1286 5107 viso
1304 5044 1342 5106 et
1354 5028 1555 5138 diligenter
1572 5027 1798 5116 examinato,
1816 5027 1918 5106 curia
1932 5043 2059 5106 nostra

644 5156 685 5232 id
700 5158 808 5264 quod
825 5186 895 5266 per
914 5159 1034 5237 dictos
1053 5160 1327 5238 commissarios
1346 5187 1461 5267 super
1479 5159 1553 5238 hiis
1570 5158 1709 5237 lactum
1725 5156 1844 5236 extitit
1861 5183 1929 5262 per
1947 5183 2058 5234 suum

639 5284 830 5390 judicium
850 5287 1084 5394 approbavit,
1104 5305 1144 5366 et
1158 5289 1327 5397 precepit
1337 5288 1442 5396 quod
1455 5315 1570 5394 super
1585 5286 1733 5396 injuriis
1746 5284 1938 5393 predictis,
1953 5309 2060 5361 voca-

645 5413 693 5488 tis
716 5416 782 5519 qui
807 5416 948 5496 luerint
975 5417 1170 5508 evocandi,
1193 5418 1326 5498 veritas
1347 5418 1558 5527 inquiratur
1582 5436 1622 5497 et
1640 5415 1823 5496 referatur
1843 5443 1913 5520 per
1938 5425 2058 5489 certos

1884 5585 1933 5650 29·
