5817 7292
1031 1102 1297 1211 snouarns
1323 1121 1385 1193 nr
1412 1103 1617 1195 esoces.
1961 1121 2035 1196 ons

618 1262 710 1341 dicti
729 1259 957 1343 Guillelmus
976 1279 1014 1337 et
1031 1260 1174 1340 Aelidis
1184 1262 1378 1371 conjuges,
1392 1278 1532 1339 stantes
1551 1262 1591 1338 in
1609 1261 1722 1369 plena
1740 1262 1913 1357 sanitate,
1932 1262 2037 1343 bono
2075 1270 2260 1337 rsrtnnrv,

618 1420 730 1471 sensu
741 1410 776 1471 et
794 1393 895 1472 bona
913 1391 1108 1482 memoria,
1124 1394 1249 1499 primo
1266 1394 1402 1500 provisi
1416 1422 1530 1500 super
1548 1393 1637 1482 boc,
1658 1391 1866 1498 predictam
1881 1394 2038 1473 domum

619 1552 707 1601 oum
717 1523 957 1631 pertinenciis
969 1524 1062 1613 suis,
1079 1550 1123 1601 ex
1136 1551 1206 1603 suo
1215 1524 1371 1631 proprio
1381 1540 1591 1631 conquestu
1601 1522 1784 1612 habitam,
1798 1523 2035 1617 donaverant,

620 1654 828 1733 donacione
845 1654 937 1732 lacta
957 1654 1056 1733 inter
1072 1654 1192 1747 vivos,
1207 1656 1378 1762 predicto
1389 1657 1519 1745 Petro,
1540 1654 1621 1732 lilio
1639 1681 1725 1747 suo,
1742 1654 1783 1729 in
1802 1654 2039 1761 maritagium

619 1802 658 1861 et
676 1784 856 1864 auxilium
872 1785 931 1863 sui
950 1784 1133 1895 maritagii
1149 1802 1242 1862 tnnc
1253 1784 1431 1876 laciendi3
1448 1785 1554 1893 quod
1569 1783 1866 1872 matrimonium,
1885 1802 2040 1890 propter

619 1914 827 2022 predictam
838 1915 1101 2006 donacionem,
1113 1914 1511 2021 lueratsubsequtum,
1523 1932 1616 1992 etex
1626 1911 2038 1993 tunctranstulerantin

2138 1362 2202 1407 tan.

618 2046 719 2151 ipsos
730 2049 883 2127 Petrum
897 2064 936 2124 et
947 2047 1158 2125 lohannam
1170 2046 1295 2124 omnia
1308 2044 1395 2152 jura
1406 2061 1447 2122 et
1458 2044 1627 2123 acciones
1638 2042 1759 2121 reales
1773 2060 1812 2120 et
1824 2045 2039 2149 personales

614 2173 687 2249 sibi
708 2192 963 2281 competentes
987 2177 1027 2251 in
1044 2176 1237 2282 predistis,
1255 2195 1371 2281 prout
1393 2176 1433 2251 in
1456 2175 1717 2253 instrumentis
1731 2202 1844 2284 super
1859 2176 1933 2255 hoc
1951 2206 2039 2257 con-

616 2302 723 2381 lectis
742 2304 892 2411 plenius
916 2304 1150 2396 continetur;
1173 2305 1376 2413 pluresque
1401 2306 1491 2383 elias
1515 2306 1684 2384 raciones
1702 2305 1939 2413 proponebat
1954 2337 2039 2414 pars

616 2434 802 2539 predicta,
824 2462 941 2542 quare
962 2435 1112 2513 dicebat
1131 2424 1322 2543 proposita
1345 2463 1389 2512 ex
1413 2435 1568 2513 adverso
1588 2435 1671 2513 fieri
1690 2462 1769 2511 non
1790 2436 1950 2528 debere3
1971 2441 2037 2545 qui

615 2565 844 2671 prepositus,
861 2544 1001 2644 auditis
1012 2566 1227 2643 racionibus
1245 2564 1292 2643 ab
1306 2582 1467 2672 utraque
1481 2582 1586 2672 parte
1600 2566 1819 2672 propositis,
1842 2594 2037 2672 persuum

611 2694 815 2801 judicium,
831 2695 989 2775 absolvit
1003 2698 1191 2803 predictos
1202 2697 1413 2775 lobannem
1428 2696 1609 2774 Cbacerat
1618 2713 1657 2774 et
1669 2696 1891 2786 lohannam,
1907 2726 2037 2804 garan-

615 2825 817 2937 tisatricem
836 2828 970 2935 ipsius,
994 2827 1041 2905 ab
1056 2827 1297 2934 impeticione
1312 2827 1481 2933 predicta
1500 2826 1688 2905 dictorum
1712 2844 1898 2917 actorum,
1912 2830 2037 2906 nomi·

616 2957 729 3035 nibus
745 2958 885 3065 quibus
903 2986 1035 3064 supra3
1059 2986 1173 3065 aquo
1184 2956 1367 3067 judicato,
1386 2974 1579 3066 tamqnam
1599 2956 1692 3035 falso
1708 2974 1747 3036 et
1764 2985 1895 3064 pravo,
1914 2958 2037 3039 dictus

615 3088 763 3182 Petrus,
781 3090 1001 3168 nominibus
1016 3088 1156 3196 quibus
1168 3116 1296 3197 supra,
1318 3088 1365 3166 ad
1387 3104 1554 3167 nostram
1568 3088 1710 3166 curiam
1729 3085 1941 3194 appellavit:
1961 3090 2037 3169 Au-

616 3215 704 3294 aaa
719 3194 953 3325 agitatrices
968 3218 1138 3326 partibus
1153 3219 1193 3295 in
1214 3247 1323 3296 causa
1335 3216 1783 3327 apperncionoprearae
1802 3234 1842 3295 et
1858 3219 1937 3299 viso
1951 3248 2038 3326 prs

614 3372 719 3425 cessu
742 3347 931 3454 predicto,
955 3376 1024 3455 per
1043 3348 1233 3456 judicium
1258 3350 1362 3425 curie
1389 3366 1534 3438 nostre,
1560 3349 1705 3427 dictum
1729 3347 1803 3430 luit
1822 3349 2035 3459 predictum

613 3478 847 3585 prepositum
865 3480 966 3557 bene
981 3480 1170 3588 judicasse
1195 3496 1234 3555 et
1257 3478 1402 3556 dictum
1426 3480 1579 3556 Petrum
1606 3477 1654 3557 de
1679 3482 1887 3572 Pontiam,
1914 3481 2036 3561 nomi-

614 3609 727 3687 nibus
738 3610 877 3715 quibus
891 3638 1002 3715 supra
1015 3666 1029 3699 ,.
1039 3609 1137 3686 male
1148 3609 1368 3715 appellasse,
1386 3629 1424 3687 et
1437 3611 1543 3714 quod
1561 3609 1641 3713 ipse
1655 3610 1728 3689 boc
1747 3612 1978 3690 emendabit.

672 3738 834 3815 Sabbato
851 3752 936 3843 post
955 3736 1144 3813 estivalem
1163 3736 1300 3813 festum
1320 3738 1420 3813 beati
1441 3736 1604 3813 Martini.

672 3866 723 3943 M.
740 3867 953 3972 Stephanus
968 3865 1016 3945 de
1032 3864 1213 3944 Housseia
1228 3865 1442 3974 reportavit.

670 4131 761 4211 LVI.
783 4132 886 4210 Mota
902 4129 980 4221 lite,
998 4160 1121 4210 coram
1134 4130 1325 4237 preposito
1341 4130 1551 4220 Parisiensi,
1568 4131 1669 4207 inter
1683 4130 1835 4210 Petrum
1851 4132 1900 4211 de
1913 4135 2034 4213 Ponti·

509 4258 516 4269 ¹
614 4292 692 4341 sara
703 4262 1003 4352 etLaurenoiam‚
1021 4264 1101 4371 ejus
1115 4288 1283 4351 uxorem,
1299 4290 1367 4369 pro
1378 4290 1417 4339 se
1432 4279 1471 4340 et
1481 4263 1625 4340 dictum
1640 4264 1805 4354 Petrum,
1823 4283 2033 4345 curatorem

614 4395 744 4472 datum
760 4394 888 4472 liberis
907 4394 1072 4501 magistri
1088 4392 1282 4473 Guillelmi
1302 4392 1439 4471 Juliani
1459 4392 1672 4472 minoribns
1683 4396 1809 4486 annis,
1825 4411 1979 4485 actores,
1993 4397 2033 4474 in

613 4541 795 4631 quantum
809 4522 929 4633 tangit
946 4523 1157 4631 quemlibet
1172 4552 1322 4613 eorum,
1342 4552 1387 4601 ex
1403 4553 1478 4602 una
1497 4541 1615 4631 parte,
1631 4542 1671 4602 et
1682 4525 1895 4633 Bathynum
1906 4526 2032 4605 Canti-

613 4654 721 4745 nelli,
739 4655 918 4743 militem,
940 4674 978 4732 et
992 4656 1203 4733 lohannam
1220 4655 1357 4733 dictam
1378 4654 1414 4731 la
1432 4655 1699 4746 Chasubliere,
1716 4656 2031 4763 garantisatricem

611 4786 729 4892 ipsius
746 4784 894 4874 militis,
908 4786 1142 4876 defensores,
1158 4814 1202 4863 ex
1220 4786 1350 4876 altera,
1366 4814 1480 4893 super
1497 4786 1662 4894 eoquod
1682 4787 1771 4866 dicti
1790 4804 1949 4879 actores,
1965 4818 2033 4867 no-

611 4918 712 4994 mine
720 4942 798 5024 qno
811 4945 938 5025 supra,
950 4915 1224 5025 proponebant,
1239 4944 1364 4995 coram
1374 4916 1545 5023 predicto
1554 4918 1757 5025 preposito,
1770 4936 1900 4997 contra
1911 4916 2033 4999 dictos

612 5046 845 5137 defensores,
865 5049 971 5155 quod
994 5046 1192 5126 defirnctus
1210 5046 1440 5127 Guillelmus
1461 5048 1664 5125 Normanni
1685 5048 1826 5158 junior,
1855 5066 1893 5127 et
1910 5048 2032 5130 Geno-

610 5175 700 5265 vela,
723 5179 914 5280 quondam
931 5206 1025 5259 uxor
1044 5178 1135 5256 dicti
1153 5178 1318 5287 magistri
1340 5176 1537 5257 Guillelmi
1556 5176 1712 5270 luliani,
1732 5178 1883 5258 lucrant
1899 5179 2031 5259 iratres

612 5320 650 5381 et
678 5332 824 5387 sorores
852 5340 894 5389 ac
917 5310 1033 5390 liberi
1052 5308 1246 5391 Guillelmi
1266 5309 1472 5388 Normanni
1491 5308 1667 5402 senioris,
1688 5310 1871 5415 procreati
1892 5337 1937 5387 ex
1952 5311 2030 5387 Ho-

615 5434 760 5527 deardi,
789 5440 907 5545 prima
929 5472 1044 5522 uxore
1067 5440 1157 5520 dicti
1178 5440 1390 5531 Guillelmi,
1419 5458 1458 5519 et
1481 5468 1526 5519 ex
1547 5438 1723 5519 defamata
1744 5438 1882 5528 Aelidi,
1908 5456 2030 5519 matra
