5817 7292
1064 1029 1334 1138 anusrns
1359 1047 1421 1121 nr
1449 1029 1655 1123 rnocns.
2056 1056 2075 1124 7

650 1220 720 1302 pos
744 1191 859 1274 fisse
879 1190 918 1270 in
937 1189 1182 1298 possessione.
1199 1188 1257 1267 vel
1279 1189 1385 1297 qnasi
1405 1189 1496 1271 talis·
1503 1189 1602 1297 juris
1621 1189 1727 1296 quod
1742 1189 2077 1276 nulluscasticiere
2115 1207 2302 1273 Pmnssrv,

650 1341 777 1434 potest
799 1323 840 1402 in
860 1322 1005 1406 civitate
1025 1321 1287 1410 Ambiancusi,
1314 1322 1354 1398 in
1381 1337 1498 1411 terra,
1520 1349 1591 1400 nec
1621 1320 1761 1401 solium
1780 1350 1939 1428 ponere,
1961 1326 2033 1408 nisi
2057 1359 2078 1406 a
2177 1301 2241 1348 Μ’

650 1456 829 1568 gentibus
847 1455 1044 1536 nostriset
1065 1453 1112 1534 ab
1136 1454 1219 1562 ipso
1238 1453 1415 1560 episcopo
1434 1451 1495 1534 vel
1515 1452 1597 1561 ejus
1616 1451 1812 1544 mandato,
1838 1454 1944 1562 prius
1963 1460 2078 1563 petita

651 1587 867 1668 licenciast
887 1565 1058 1678 dbtenta,
1080 1613 1155 1692 qua
1172 1584 1347 1676 obtenta,
1366 1613 1514 1696 ponens
1533 1583 1669 1666 solium
1690 1585 1801 1667 nobis
1820 1583 2023 1667 duodecim
2042 1608 2080 1668 et

653 1718 832 1827 episcopo
848 1717 1052 1798 duodecim
1074 1716 1250 1798 denarios
1269 1716 1449 1809 debebat,
1469 1716 1624 1825 quodsi
1644 1715 1785 1806 forsan,
1808 1715 1949 1824 absque
1964 1718 2081 1825 ipsius

652 1849 818 1957 episcopi
829 1847 999 1938 licencia,
1014 1846 1106 1928 alias
1116 1848 1299 1930 casticiari
1312 1847 1478 1938 fecisset,
1493 1847 1692 1955 episcopus
1707 1846 1855 1929 dicebat
1865 1847 1938 1926 sibi
1948 1848 2080 1928 deberi

652 2009 716 2060 sex
732 1981 847 2060 libras
857 2007 934 2089 pru
952 1979 1131 2070 emenda;
1150 1996 1187 2058 et
1205 2007 1292 2058 cum
1308 1979 1431 2060 dictus
1448 1978 1609 2060 ballivus
1625 1978 1768 2060 dictum
1784 1980 2019 2086 episcopum,
2037 2000 2081 2060 nt

650 2112 904 2221 proponebat,
926 2111 1130 2219 impediret
1153 2127 1191 2190 et
1209 2111 1448 2217 perturbaret
1466 2113 1505 2188 in
1525 2111 1762 2217 possessione
1782 2109 1880 2218 juris
1902 2113 2078 2219 predicti,
2177 2154 2184 2174 ·

650 2245 809 2352 petebat·
830 2244 1028 2352 episcopus
1051 2261 1098 2322 ut
1121 2243 1244 2322 dictus
1270 2241 1430 2322 ballivus
1456 2261 1616 2321 cessaret
1642 2272 1663 2319 a
1683 2242 1972 2350 perturbacione
1995 2275 2083 2354 pre·

652 2375 772 2466 dicta,
795 2391 834 2453 ct
856 2374 1298 2482 quodpronunciaretur
1323 2373 1445 2480 ipsum
1474 2373 1695 2480 episcopum
1720 2401 1801 2452 esse
1825 2392 1863 2452 et
1887 2403 2081 2456 remanere

652 2505 791 2584 debere
815 2507 856 2583 in
882 2506 1118 2612 possessione
1137 2505 1236 2613 juris
1261 2505 1439 2612 predicti3
1461 2533 1506 2581 ex
1530 2505 1687 2582 adverso
1711 2520 1856 2593 numm,
1881 2534 1951 2613 pro
1971 2507 2082 2584 uobis

652 2636 935 2745 proponebatur
953 2635 1059 2745 qnod
1075 2665 1146 2714 nos
1165 2663 1298 2714 snmus
1317 2637 1359 2712 in
1377 2636 1480 2712 bona
1497 2634 1649 2722 saisina,
1669 2663 1744 2739 qua
1759 2633 1859 2712 bene
1880 2653 1917 2711 et
1934 2635 2001 2714 diu
2020 2665 2083 2714 su-

652 2793 739 2845 mus
758 2765 817 2844 nsi
836 2793 993 2873 pernes
1012 2793 1079 2842 seu
1100 2779 1233 2871 gentes
1257 2779 1402 2840 nostras
1423 2761 1565 2850 solum,
1587 2762 1728 2867 absque
1748 2764 1945 2842 vocacione
1964 2766 2083 2872 ipsius

655 2895 821 3004 episcopi
845 2894 904 2972 vel
933 2892 1016 3001 ejus
1041 2892 1239 3002 gencium,
1267 2890 1382 2970 dandi
1405 2889 1605 2968 licenciam
1629 2908 1666 2968 et
1690 2893 1950 2971 auctoritatem
1974 2899 2083 2976 casti·

654 3026 795 3120 ciandi,
820 3023 1133 3133 percipiendique
1154 3021 1252 3100 duos
1274 3020 1415 3100 solidos
1439 3053 1460 3100 a
1480 3022 1639 3131 singolis
1657 3024 1723 3130 qui
1743 3053 1858 3131 super
1875 3027 1949 3104 hoc
1967 3026 2084 3107 licen-

653 3159 749 3236 ciam
767 3155 1006 3246 cbtincbant,
1031 3180 1196 3262 qnorum
1218 3153 1384 3231 duorum
1406 3153 1619 3233 solidorum
1643 3153 1847 3233 duodecim
1868 3158 2013 3237 denarii
2034 3163 2082 3240 ad

651 3287 779 3394 ipsum
801 3285 1021 3393 episcopum
1043 3283 1300 3391 pertinebaut3
1324 3285 1607 3392 proponebatur
1627 3284 1782 3393 insuper
1800 3289 1905 3395 quod
1926 3290 2082 3369 indicta

599 3523 604 3533 1
652 3418 813 3498 emenda
823 3445 888 3496 sex
896 3416 1097 3508 librarum,
1112 3414 1431 3524 quandocumque
1445 3416 1645 3501 commissa
1660 3434 1755 3509 erat,
1768 3416 1871 3497 idem
1887 3421 2083 3529 episcopus

651 3547 918 3632 tantummodo
938 3549 1070 3632 decem
1086 3547 1232 3627 solidos
1247 3575 1316 3656 per
1330 3576 1488 3627 manum
1503 3566 1670 3628 nostram
1685 3549 1865 3641 habebat,
1882 3569 2081 3659 postquam

654 3682 772 3760 eciam
786 3679 911 3762 luerat
928 3676 1026 3758 dicta
1050 3679 1211 3764 emenda
1225 3708 1294 3785 per
1308 3656 1492 3785 majorem
1508 3678 1798 3759 ambianensem
1816 3678 1998 3760 declarata
2015 3710 2081 3762 seu
2190 3718 2193 3723 ’

649 3811 833 3918 judicataa
852 3826 1007 3919 propter
1026 3837 1102 3916 quc
1120 3827 1159 3886 et
1179 3808 1249 3886 alia
1271 3809 1381 3916 plura
1396 3810 1606 3917 proposita,
1630 3809 1781 3888 dmebat
1801 3811 1904 3893 idem
1926 3813 2084 3892 ballivus

654 3941 761 4048 quod
780 3939 901 4020 dicun
920 3941 1131 4048 episeopus,
1157 3957 1286 4018 contra
1307 3940 1516 4028 racionem,
1538 3940 1728 4021 nitebatur
1749 3941 1790 4018 in
1807 3970 1874 4018 sua
1894 3944 2083 4049 peticione

654 4069 845 4178 predicta:
861 4069 1051 4158 Tandem,
1073 4069 1183 4148 dictis
1200 4071 1370 4177 partibus
1387 4069 1618 4150 sufficienter
1631 4069 1785 4158 auditis,
1800 4069 1876 4146 visa
1893 4071 2015 4149 eciam.
2026 4074 2085 4150 in-

656 4215 788 4310 questa
810 4227 924 4306 super
945 4199 1124 4306 predictis
1147 4199 1259 4289 facta,
1284 4199 1542 4305 omnibusque,
1562 4200 1632 4276 rite
1657 4198 1764 4287 actis,
1792 4199 2081 4305 pronunciatum

654 4330 741 4421 linit,
768 4355 837 4437 per
855 4328 1045 4437 judicium
1065 4329 1168 4410 curia
1189 4347 1332 4419 nostre,
1355 4329 1568 4435 predictum
1590 4329 1810 4438 episcopum
1828 4330 2083 4412 intencionem

655 4491 764 4544 suam
787 4458 1017 4542 sufficienter
1041 4458 1236 4567 probasse,
1262 4460 1488 4568 dictumque
1513 4460 1695 4541 ballivum
1721 4491 1742 4540 a
1771 4460 1868 4542 dicta
1890 4465 2085 4570 perturba-

656 4595 767 4674 cione
780 4619 924 4676 cassare
938 4591 1096 4680 debere,
1114 4607 1155 4669 et
1170 4595 1350 4672 eumdem
1366 4591 1587 4700 episcopum
1602 4594 1642 4672 in
1658 4594 1756 4673 dicta
1776 4595 2009 4701 possessione
2025 4625 2084 4674 re.-

655 4752 821 4804 manare.
842 4723 1035 4819 Quantum
1057 4739 1185 4810 autem
1212 4724 1260 4801 ad
1284 4724 1421 4805 dietam
1446 4725 1647 4804 emendam
1667 4754 1730 4804 ser
1750 4725 1949 4816 librarum,
1967 4729 2084 4808 nichil

655 4854 727 4936 suit
744 4856 1036 4964 pronunciatum
1056 4883 1124 4964 per
1145 4855 1288 4934 curiam
1305 4857 1543 4939 antedictam.

711 5117 756 5196 X.
787 5113 885 5196 Cum
900 5117 1001 5196 inter
1015 5118 1198 5200 ballivum
1212 5121 1525 5215 Ambianensem,
1541 5150 1610 5230 pro
1621 5123 1739 5232 Rege,
1758 5151 1802 5200 ex
1818 5151 1892 5202 una
1906 5139 2026 5232 parte,
2046 5141 2084 5200 et

657 5246 879 5354 episcopum
898 5247 1209 5344 Ambianansem,
1232 5281 1277 5332 ex
1302 5254 1432 5345 altera,
1457 5283 1572 5361 super
1589 5254 1823 5335 forisfactura
1846 5271 1884 5332 et
1905 5253 2083 5334 confisca-

657 5376 762 5461 tione
781 5385 978 5492 cujusdam
998 5388 1111 5496 prati,
1133 5389 1194 5466 siti
1213 5417 1330 5496 prope
1354 5388 1599 5478 Ambinnum,
1615 5417 1744 5467 versus
1766 5386 1979 5464 manerium
1995 5411 2083 5461 con-
