5817 7292
926 1108 999 1179 612
1273 1077 1277 1083 ’
1370 1077 1375 1085 ’
1514 1102 1604 1176 nus
1634 1099 1775 1174 curu.

701 1254 886 1319 commit,
925 1245 1042 1325 cencii
1067 1244 1257 1333 Tenereti‚
1284 1240 1477 1351 quondam
1505 1241 1632 1320 ballivi
1661 1238 1976 1326 Constanciensis‚
2007 1266 2076 1344 per
2105 1237 2344 1347 inquisitores

761 1346 825 1391 Μ’
925 1392 1052 1455 contra
1071 1372 1247 1475 officiales
1262 1384 1410 1451 nostros
1432 1372 1531 1449 dicte
1547 1370 1697 1450 ballivie
1717 1398 1738 1446 a
1758 1369 1869 1447 nobis
1887 1368 2113 1477 generaliter
2129 1369 2339 1475 deputatos,

925 1533 994 1614 pro
1014 1504 1110 1583 sacto
1133 1504 1223 1583 dicti
1243 1502 1358 1610 patris
1378 1502 1453 1591 sui,
1476 1501 1797 1607 condempnatum
1816 1499 1931 1577 fuisse
1952 1499 2002 1576 ad
2019 1499 2261 1578 reddendum
2278 1499 2347 1578 Pe·

925 1655 985 1715 tro
1012 1635 1179 1727 narnias,
1206 1632 1454 1711 habitatorem
1482 1630 1690 1709 insularum
1711 1630 1759 1707 de
1780 1630 2011 1737 Guemesey‚
2032 1630 2214 1708 ducentas
2232 1631 2345 1709 libras

926 1768 1180 1856 Turonenscs‚
1202 1792 1221 1840 a
1240 1792 1312 1870 qua
1334 1761 1678 1867 condempnacione
1698 1760 1820 1836 dictus
1842 1761 2032 1837 lohannes
2050 1788 2127 1839 nou
2147 1761 2345 1868 appellavit

926 1925 995 1975 nec
1019 1895 1238 2002 supplicavit
1264 1892 1358 1971 infra
1382 1910 1533 1999 tempus
1559 1892 1751 1981 debitum,
1780 1908 1824 1968 ut
1849 1891 2039 1983 dicebant,
2073 1908 2113 1969 et
2141 1910 2272 2000 postea
2302 1892 2342 1970 in

929 2027 1078 2107 defectu
1108 2025 1310 2105 solucionis
1344 2024 1442 2101 dicte
1467 2024 1628 2129 pecunie
1657 2050 1726 2130 per
1753 2023 1916 2099 multum
1940 2024 2124 2130 temporis
2146 2024 2336 2115 remansit;

927 2173 1214 2265 propterquam
1240 2154 1447 2243 deiectum,
1474 2153 1597 2231 dictus
1622 2154 1755 2230 Petrus
1777 2152 1927 2241 Darcis‚
1949 2151 2128 2231 accedens
2145 2152 2341 2261 adgentes

928 2288 1024 2397 regis
1038 2284 1188 2394 Angfie,
1209 2302 1381 2362 tenentes
1396 2284 1526 2361 locum
1541 2283 1630 2360 dicti
1649 2282 1747 2390 regis
1765 2282 1806 2359 in
1825 2281 1960 2360 insulis
1978 2282 2191 2371 antedictis,
2207 2309 2343 2388 procu-

927 2419 1020 2497 ravit
1043 2418 1083 2494 in
1101 2432 1248 2493 tantum
1271 2415 1376 2522 quod
1395 2414 1493 2491 dicte
1521 2431 1651 2521 gentes
1675 2414 1723 2489 de
1746 2412 1857 2491 bonis
1881 2414 2069 2493 dictorum
2092 2430 2341 2492 mercatorum

927 2547 1015 2627 ville
1035 2545 1192 2626 Cadomi
1212 2544 1363 2652 triginta
1385 2544 1457 2621 tria
1476 2544 1578 2620 dolia
1596 2544 1670 2619 vini
1690 2560 1936 2633 arrestarunt,
1959 2544 2152 2622 occasione
2177 2561 2215 2622 et
2233 2570 2341 2621 causa

929 2675 1282 2783 condempnacionis
1300 2674 1485 2782 predicte3
1511 2702 1627 2781 quare
1650 2675 1831 2780 petebant
1854 2674 1998 2752 dictum
2025 2674 2237 2752 Johannem
2258 2703 2345 2754 con·

930 2806 1125 2914 dampnari
1140 2822 1179 2882 et
1192 2803 1367 2910 compelli
1383 2803 1431 2880 ad
1449 2803 1730 2909 procurandum
1747 2820 1786 2880 et
1804 2801 2016 2881 faciendum
2034 2804 2254 2881 dearrestari
2263 2832 2347 2910 pre·

930 2938 1027 3016 dicta
1046 2936 1198 3045 triginta
1215 2934 1287 3011 tria
1311 2934 1412 3011 dolia
1430 2934 1523 3022 vini,
1548 2951 1585 3011 et
1604 2933 1653 3011 ad
1676 2934 1916 3011 reddendum
1941 2933 2051 3011 dictis
2076 2934 2346 3012 mercatoribus

930 3069 1055 3147 omnia
1075 3068 1237 3172 dampna
1254 3082 1293 3144 et
1310 3080 1436 3142 custus
1456 3092 1552 3170 quos
1570 3062 1830 3141 sustinuerunt
1844 3079 1883 3142 et
1903 3064 2135 3154 babuerunt,
2155 3064 2346 3142 occasione

930 3226 998 3277 seu
1018 3225 1127 3276 causa
1141 3196 1270 3274 arresti
1290 3194 1467 3302 predicti;
1489 3194 1591 3272 dicto
1618 3221 1706 3272 vero
1720 3194 1889 3272 Johanne
1908 3194 1949 3271 in
1969 3194 2193 3272 contrarium
2217 3193 2343 3272 adsui

930 3327 1187 3425 defensionem
1199 3341 1432 3432 proponente
1447 3323 1576 3431 plures
1589 3325 1773 3417 raciones,
1789 3341 1866 3401 tam
1879 3326 1927 3403 de
1938 3326 2024 3433 jure
2035 3352 2148 3430 quam
2163 3324 2211 3401 de
2225 3322 2338 3412 sacto,

930 3486 1046 3565 quare
1064 3455 1217 3563 petebat
1235 3482 1274 3532 se
1294 3454 1433 3533 absolvi
1452 3455 1500 3532 ab
1519 3454 1758 3562 impeticione
1777 3454 1941 3563 predicta
1957 3454 2141 3531 dictorum
2159 3473 2342 3533 mercato-

930 3616 1017 3665 rum
1032 3616 1040 3661 :
1057 3588 1230 3693 Inquesta
1245 3584 1360 3691 igitur
1374 3584 1590 3691 superbos,
1605 3584 1653 3663 de
1668 3585 1844 3663 mandato
1860 3602 1997 3674 nostro,
2009 3582 2117 3673 facta,
2133 3584 2210 3661 risa
2225 3601 2263 3661 et
2282 3584 2341 3661 di-

929 3717 1090 3827 ligenter
1109 3716 1331 3807 examinata,
1352 3716 1441 3823 quia
1459 3731 1618 3805 constat,
1639 3742 1709 3822 per
1730 3716 1866 3793 dictam
1890 3716 2115 3823 inquestam,
2135 3714 2240 3821 quod
2258 3743 2345 3820 pre·

931 3849 1067 3927 dictem
1087 3846 1485 3954 condempnacionem,
1505 3873 1573 3951 per
1591 3845 1832 3953 inquisitores
1850 3863 1998 3924 nostros
2015 3843 2204 3951 predictos
2217 3862 2343 3923 contra

931 3980 1075 4058 dictum
1094 3977 1304 4056 Johannem
1323 3975 1480 4065 factam,
1499 3993 1672 4083 tempore
1690 3976 1789 4055 dicte
1808 3976 2082 4068 arrestacionis,
2098 3976 2344 4083 suspendera-

932 4137 1028 4194 mus‚
1047 4124 1086 4185 et
1104 4136 1148 4185 ex
1167 4136 1286 4196 causa,
1304 4107 1437 4197 donec,
1452 4106 1589 4185 auditis
1604 4106 1773 4213 partibus
1785 4107 1824 4183 in
1840 4108 1939 4184 curia
1952 4124 2090 4197 nostra,
2105 4124 2234 4184 utrum
2243 4108 2343 4215 juste

931 4239 989 4317 vel
1018 4240 1157 4348 injuste
1184 4237 1480 4346 condempnatus
1506 4236 1638 4316 fuisset
1660 4237 1809 4345 plenius
1829 4256 1927 4317 esset
1945 4238 2171 4326 discussum,
2197 4238 2343 4345 etquis

931 4394 1007 4446 non
1032 4386 1184 4475 apparet
1214 4367 1320 4476 quod
1350 4367 1441 4446 dicti
1463 4384 1688 4447 mercatores
1718 4396 1806 4445 cum
1831 4368 1931 4445 dicto
1960 4369 2129 4447 Johanne
2153 4367 2193 4443 in
2217 4354 2345 4474 aliquo
2443 4462 2451 4474 ὑ

931 4498 1128 4605 participes
1143 4497 1201 4575 vel
1221 4514 1412 4575 consortes
1426 4486 1599 4589 existant,
1615 4497 1736 4575 dictus
1749 4498 1938 4576 lohannes
1952 4496 1999 4574 ab
2014 4496 2255 4603 impeticione
2267 4526 2347 4604 pre

932 4626 1029 4705 dicta
1037 4628 1225 4707 ilistorum
1241 4645 1490 4707 mercatorum
1502 4626 1584 4732 suit,
1598 4658 1666 4735 per
1678 4628 1779 4705 curie
1789 4644 1915 4705 nostre
1924 4627 2127 4735 judicium,
2140 4625 2344 4722 absolutus,
2378 4634 2385 4665 ¹

932 4755 1040 4835 dictis
1051 4774 1177 4835 tamen
1192 4759 1463 4837 mercatoribus
1479 4759 1624 4836 actione
1637 4775 1675 4836 et
1691 4757 1777 4865 jure
1793 4758 1870 4836 suis
1889 4758 2082 4837 reservatis
2097 4775 2223 4835 contra
2234 4786 2347 4864 quos·

931 4915 1092 4993 cumque
1112 4888 1205 4967 alios
1232 4890 1271 4965 in
1291 4890 1491 4995 premissis.

986 5018 1163 5096 Mercurii
1181 5035 1267 5125 post
1284 5020 1520 5097 Trinitatem.
1800 5106 1805 5115 ,

987 5148 1039 5226 Μ.
1061 5149 1105 5224 H.
1129 5146 1176 5225 de
1197 5148 1467 5228 Sancto-Paulo
1485 5152 1697 5258 reportavit.

987 5408 1074 5488 CIII.
1105 5407 1202 5488 Cum
1220 5408 1330 5488 nobis
1344 5408 1593 5519 significatum
1608 5412 1852 5520 fuissetquod
1864 5413 1964 5491 inter
1978 5414 2128 5490 Fratres
2140 5411 2363 5491 Predicato-
