5817 7292
896 1042 971 1115 aas
1194 1006 1199 1017 ’
1391 980 1395 989 ’
1481 1038 1736 1113 uasorum

673 1192 800 1247 ΡΙΠΗΙΨΕ
814 1192 856 1255 tv,
894 1183 967 1261 fuit
979 1180 1084 1289 quod
1096 1181 1176 1288 ipsa
1185 1180 1293 1259 Auda
1306 1181 1354 1259 de
1371 1180 1472 1260 dicto
1487 1181 1572 1260 loco
1588 1181 1636 1258 de
1649 1182 1774 1288 Tyren
1787 1196 1826 1255 et
1839 1179 2083 1283 pertinenciis
2097 1181 2178 1290 cjus
2192 1200 2230 1261 et
2241 1212 2324 1262 om·

732 1283 795 1325 ¹³¹¹·
895 1312 1007 1392 nisus
1022 1312 1246 1392 animalibus
1258 1330 1296 1391 a
1310 1313 1422 1392 sous
1435 1313 1625 1420 predicta,
1646 1313 1676 1387 si
1692 1318 1834 1400 extant,
1853 1309 2021 1417 alioquin
2040 1312 2088 1389 ae
2107 1313 2321 1422 quingenta

894 1444 1001 1524 libris
1012 1444 1316 1534 Turonensibus,
1329 1472 1397 1549 pro
1412 1472 1543 1521 eorum
1559 1443 1699 1530 valore,
1716 1442 1747 1519 si
1764 1442 1907 1545 dictum
1921 1440 2087 1520 valorem
2102 1444 2202 1521 dicta
2215 1442 2323 1523 Auda

896 1606 941 1653 ex
953 1575 1204 1663 habundanti,
1221 1576 1261 1651 in
1278 1576 1379 1653 curia
1395 1594 1539 1665 nostra,
1553 1576 1755 1683 juraverit,
1773 1573 1996 1651 restituetur
2011 1586 2051 1651 ct
2066 1575 2115 1653 ad
2129 1575 2206 1654 hoc
2219 1604 2322 1654 com·

895 1708 1059 1814 pelletur
1076 1708 1179 1786 idem
1194 1705 1397 1795 Arnaldus,
1418 1724 1455 1783 et
1470 1708 1588 1783 eciam
1604 1705 1651 1783 ad
1669 1704 1907 1783 reddendum
1922 1705 2048 1782 cidem
2063 1706 2174 1784 Ande
2193 1725 2318 1797 cartas,

895 1840 1048 1932 litteras,
1062 1837 1316 1945 obligaciones
1326 1853 1364 1914 et
1376 1838 1627 1915 instrumenta
1642 1837 1761 1914 suain
1774 1837 1969 1914 domosua
1982 1838 2322 1942 predictaeaisten·

898 1972 967 2059 cia,
981 1989 1153 2077 tempore
1168 1970 1366 2077 ejeccionis
1378 1970 1563 2075 predicte,
1580 1987 1618 2046 et
1630 1970 1756 2046 omnia
1765 1970 1925 2074 dampna
1935 1995 2010 2074 que
2023 1969 2102 2074 ipsa
2111 1988 2151 2047 et
2163 1973 2244 2079 ejus
2254 1971 2321 2048 bo-

896 2101 1017 2178 mines
1031 2102 1292 2179 sustinuerunt
1304 2100 1402 2178 ultra
1415 2101 1499 2189 hoc,
1511 2102 1661 2178 racione
1673 2100 1944 2208 predictorum,
1963 2098 2168 2206 lactaprius
2182 2100 2258 2177 fide
2268 2102 2317 2179 dc

897 2232 1040 2311 eisdem
1061 2233 1248 2339 dampnis,
1273 2234 1568 2339 caucionemque
1594 2232 1799 2338 predictam
1825 2258 1894 2336 per
1913 2231 2034 2308 dictos
2058 2232 2228 2310 homines
2250 2231 2316 2308 del

896 2367 1071 2471 Boscpro
1085 2392 1217 2441 eorum
1234 2363 1512 2441 deliberacione
1529 2365 1652 2443 datam
1664 2363 1764 2440 dicto
1776 2362 1905 2469 bajulo
1916 2362 1964 2440 de
1976 2348 2231 2469 Blanqualort,
2247 2352 2319 2441 cu?

897 2497 950 2572 ria
965 2472 1090 2575 nostra
1104 2495 1272 2573 totaliter
1287 2494 1484 2583 enullavit,
1504 2494 1650 2601 fuitque
1666 2494 1789 2572 dictus
1801 2494 2002 2588 Arualdus,
2023 2522 2091 2599 per
2102 2494 2203 2570 idem
2212 2495 2314 2570 curie

897 2644 1023 2703 nostre
1031 2626 1236 2735 judicium,
1254 2627 1555 2732 condempnatus
1573 2628 1613 2701 in
1627 2627 1787 2702 emenda
1804 2625 1910 2702 mille
1923 2625 2106 2703 librarum
2121 2628 2317 2704 Turonen-
2397 2671 2404 2693 ι

896 2757 994 2833 sium
1017 2758 1128 2835 uobis
1153 2756 1418 2862 solvendarum
1440 2784 1510 2863 pro
1532 2755 1642 2833 dictis
1662 2756 1874 2833 excessibus
1898 2773 1936 2833 ct
1959 2771 2204 2863 contemptu3
2224 2757 2321 2833 dicta

895 2915 983 2964 vero
995 2887 1508 2976 Auda,devaloreb0norum
1518 2886 1776 2992 predictorum
1788 2887 1970 2992 requisita
1978 2886 2120 2993 jurare,
2132 2916 2318 2994 persuum

896 3018 1053 3097 asseruit
1067 3020 1326 3128 jurameutum
1347 3017 1451 3125 quod
1471 3017 1570 3094 dicta
1583 3017 1685 3095 bona
1704 3016 1775 3094 sibi
1792 3016 1925 3107 ablata,
1942 3034 2114 3123 tempore
2128 3018 2322 3126 ejectionis

896 3150 1075 3255 predicte,
1088 3152 1127 3227 in
1141 3150 1257 3228 domo
1269 3178 1335 3227 sua
1344 3150 1511 3255 predicta
1520 3148 1571 3226 de
1582 3150 1758 3255 Tyranno
1770 3148 1979 3238 existenda,
1989 3148 2165 3228 videlicet
2168 3149 2316 3255 jocalia,

895 3279 1022 3370 blada,
1041 3282 1145 3371 vina,
1161 3280 1333 3369 culcitre,
1348 3279 1582 3385 coopertoria
1598 3296 1636 3355 et
1651 3278 1723 3356 alia
1733 3280 1895 3386 quedam
1912 3279 2011 3357 bona
2020 3308 2101 3368 sua,
2116 3306 2193 3354 non
2212 3306 2316 3355 com-

895 3410 1034 3516 putatis
1058 3409 1208 3498 litteris,
1229 3411 1355 3499 cartis,
1378 3409 1678 3516 obligacionibus
1702 3428 1740 3488 et
1758 3411 2014 3487 instrumentis
2027 3410 2104 3486 suis
2120 3408 2311 3515 predictis,

893 3541 991 3618 bane
1011 3539 1184 3623 valebant
1202 3541 1493 3648 quadringentas
1507 3540 1623 3618 libras
1640 3543 1899 3632 Turonenses3
1917 3541 1964 3617 de
1984 3539 2209 3617 animalibus
2224 3566 2314 3617 vero

896 3670 1096 3747 hominum
1108 3699 1263 3779 suorum
1278 3651 1423 3748 certum
1437 3672 1514 3748 non
1525 3673 1667 3777 potuit,
1683 3690 1727 3749 ut
1741 3673 1904 3766 dicebat,
1917 3672 2035 3749 facere
2044 3672 2313 3779 juramentum,

764 3865 766 3875 .
895 3802 965 3877 nisi
987 3801 1092 3907 prius
1109 3828 1194 3879 cum
1214 3801 1323 3879 dictis
1336 3803 1558 3880 hominibus
1572 3804 1650 3880 suis
1669 3803 1785 3881 luerit
1797 3832 1912 3909 super
1925 3806 1997 3880 hoc
2017 3802 2234 3891 certificata,
2255 3831 2320 3878 su-

893 3960 1061 4038 perque
1087 3932 1189 4009 curia
1211 3950 1336 4011 nostra
1355 3934 1500 4011 remisit
1524 3962 1607 4011 eam
1632 3935 1679 4011 ad
1703 3934 1953 4013 senescallum
1976 3934 2318 4040 Petregoricensem

894 4062 953 4139 vel
974 4065 1054 4171 ejus
1072 4063 1199 4141 locum
1218 4082 1425 4143 tenentem.

951 4193 1115 4272 Sabbato
1134 4212 1219 4302 post
1239 4194 1388 4273 octabas
1407 4196 1666 4302 apostolorum
1680 4197 1779 4274 Petri
1800 4215 1837 4274 et
1855 4196 1972 4273 Pauli.

950 4327 1113 4435 Mangou
1132 4328 1344 4433 reportavit.

950 4588 992 4665 ll.
1014 4589 1129 4678 Cum,
1141 4616 1185 4665 ex
1200 4604 1304 4695 parte
1319 4586 1528 4697 Raymundi
1545 4590 1594 4668 de
1607 4590 1866 4682 Sine-Gradu,
1880 4560 2031 4681 inilitis,
2047 4589 2159 4669 uobis
2174 4588 2315 4697 signifi·

894 4736 1017 4795 catum
1029 4718 1160 4797 luisset
1170 4720 1275 4825 quod
1286 4720 1417 4799 Petrus
1428 4722 1478 4800 de
1491 4721 1632 4811 Aveua,
1647 4723 1821 4829 armiger,
1834 4738 1920 4829 post
1932 4750 2064 4829 pacem
2077 4721 2312 4798 reformatam

894 4849 994 4927 inter
1006 4876 1069 4926 eos
1079 4878 1193 4957 super
1204 4852 1432 4959 quibusdam
1441 4853 1590 4961 injuriis
1600 4881 1676 4960 que
1688 4870 1942 4960 precesserant
1952 4854 2052 4931 inter
2061 4854 2170 4959 ipsos,
2185 4864 2314 4925 contra

893 4980 992 5085 pacis
1010 4978 1138 5057 federa
1159 4998 1302 5059 temere
1316 4984 1514 5072 veniendo,
1536 4983 1663 5091 ipsum
1687 4984 1847 5063 militem
1863 4985 1903 5060 iu
1924 5002 2044 5088 castro
2063 4984 2111 5060 de
2132 4982 2254 5059 Arena
2273 4979 2315 5053 in

893 5138 970 5215 quo
985 5110 1150 5190 eundem
1171 5113 1416 5190 amicabiliter
1431 5133 1623 5221 receperat
1644 5135 1682 5195 et
1699 5117 1931 5223 amplexatus
1951 5114 2088 5203 fiterat,
2107 5111 2317 5220 proditorie

894 5266 981 5317 cum
999 5244 1111 5319 armis
1126 5243 1321 5332 invaserat,
1343 5244 1528 5323 violenter
1542 5265 1706 5354 ceperat,
1724 5264 1762 5325 et
1781 5247 1903 5356 ligatis
1923 5247 2112 5335 manibus,
2130 5247 2253 5350 ipsum
2273 5243 2316 5316 in

895 5372 1012 5477 capite
1034 5390 1072 5449 et
1090 5372 1173 5449 aliis
1192 5373 1372 5451 membris
1392 5378 1449 5452 sui
1476 5380 1642 5483 corporis
1667 5378 1840 5455 atrociter
1864 5378 2090 5467 vulnerarat,
2114 5378 2318 5481 ipsumque
