5817 7292
1013 1098 1280 1206 nnoonrss
1308 1119 1371 1190 ar
1399 1104 1607 1192 Procas.
1949 1119 2021 1193 ros

597 1273 671 1332 tam
698 1275 783 1334 ante
807 1285 920 1362 quarn
941 1275 1024 1363 post
1048 1259 1405 1365 pronunciacionem
1431 1259 1619 1336 dictorum
1643 1258 1926 1364 inquisitorum,
1948 1292 2024 1340 una
2059 1261 2245 1334 Palmmn',

598 1416 683 1464 cum
711 1387 901 1495 dampnis,
927 1389 1076 1466 racione
1100 1389 1268 1467 delectus
1295 1389 1441 1468 culture
1469 1389 1658 1467 dictorum
1682 1387 1892 1480 bonorum,
1920 1413 2023 1497 post·
2121 1365 2184 1406 Μ’

597 1547 709 1624 quarn
732 1518 779 1596 de
804 1518 1045 1598 absolucione
1066 1521 1181 1626 ipsius
1206 1522 1428 1611 constiterit,
1451 1522 1665 1630 inquiretur
1688 1521 1893 1599 summarie
1912 1538 1951 1598 et
1975 1524 2023 1600 de

595 1647 731 1756 plan03
750 1678 824 1756 que
845 1652 990 1742 omnia,
1012 1669 1125 1757 prout
1145 1653 1291 1730 inventa
1314 1653 1470 1746 hrerint,
1492 1654 1592 1731 dicto
1611 1651 1747 1730 clerico
1763 1651 2023 1743 restituentur,

595 1805 681 1856 cum
703 1779 818 1858 luerit
833 1781 1044 1874 absolutum
1060 1800 1097 1860 et
1111 1812 1180 1890 per
1195 1784 1296 1863 idem
1314 1785 1504 1891 judicium
1524 1784 1666 1862 dictum
1682 1783 1770 1874 luit,
1786 1800 1824 1861 et
1839 1811 2023 1876 er-causa,

595 1913 714 2015 quod,
738 1912 776 1987 in
797 1913 917 1990 causis
937 1911 1107 1990 civilibus
1127 1913 1216 1991 dicti
1237 1914 1379 2004 clerici,
1401 1916 1514 1994 motis
1533 1933 1571 1994 et
1589 1913 1800 2002 movendis,
1821 1914 2024 2022 dequibus

595 2043 763 2151 cognicio
778 2042 827 2120 ad
844 2043 985 2122 dictum
1006 2045 1273 2135 senescallum,
1290 2075 1534 2154 quocumque
1542 2048 1645 2153 jure,
1667 2046 1802 2125 debeat
1816 2049 2021 2152 pertinere,

594 2171 719 2252 eidem
737 2173 943 2253 senescallo
962 2174 1059 2253 alius
1078 2174 1249 2284 ydoneus
1269 2178 1506 2287 adjungetur.

648 2306 804 2383 Veneris
823 2326 908 2384 ante
931 2308 1069 2386 Remos
1088 2306 1313 2386 Palmarum.

648 2436 697 2512 M.
720 2438 765 2514 H.
788 2437 835 2515 de
856 2437 1129 2518 Sancto-Paulo
1148 2442 1362 2547 reportavit.

647 2566 858 2675 Adjunctus
872 2587 929 2647 est
947 2599 1032 2648 cum
1050 2571 1250 2650 senescallo
1266 2572 1442 2679 magister
1455 2573 1646 2650 lohannes
1660 2572 1709 2650 de
1723 2575 1895 2664 Menoto,
1912 2605 2022 2654 cano·

591 2699 697 2776 nicus
711 2701 943 2780 Pictavensis.

646 2965 821 3046 Lxxvll.
850 2967 932 3044 Lite
952 2986 1070 3058 mota,
1092 2993 1218 3046 coram
1239 2968 1440 3046 senescallo
1457 2967 1765 3076 Petregoriconsi,
1785 2968 1885 3045 inter
1904 2970 2019 3048 comi-

453 3108 456 3114 ’
588 3114 667 3173 tem
682 3095 1041 3205 Petragoricensem,
1060 3127 1105 3176 ex
1121 3125 1197 3177 una
1209 3117 1332 3206 parte,
1354 3117 1392 3176 et
1405 3098 1650 3176 Lambertum
1664 3098 1774 3177 Porte
1789 3127 1832 3175 ac
1848 3099 2017 3207 bajulum

588 3244 759 3304 nostrum
789 3227 1147 3336 Petragoricensem,
1177 3259 1218 3306 ex
1245 3228 1374 3319 altera,
1405 3257 1519 3334 super
1543 3255 1589 3305 eo
1612 3229 1717 3334 quod
1742 3228 1866 3307 dictus
1893 3257 2019 3307 comes

588 3356 735 3436 dicebat
749 3358 870 3467 quod,
893 3359 974 3465 ipso
991 3359 1169 3438 existente
1190 3361 1229 3436 in
1250 3360 1399 3449 saisina,
1422 3359 1700 3436 racione-castri
1720 3358 1770 3436 de
1789 3359 2016 3450 Granholio,

588 3489 781 3566 exercendi
806 3515 955 3566 merum
981 3506 1018 3566 et
1043 3490 1199 3567 mixtum
1224 3491 1426 3596 imperium
1450 3490 1489 3566 in
1512 3489 1610 3566 villis
1634 3488 1681 3566 de
1705 3490 1883 3599 Mangaco
1908 3491 2017 3569 etde

585 3621 722 3708 Bono,
748 3621 981 3728 terrendique
1000 3621 1053 3700 ibi
1080 3621 1213 3728 placita
1233 3651 1315 3709 sua,
1338 3621 1490 3728 quando
1511 3619 1582 3698 sibi
1602 3620 1788 3728 placebat,
1810 3640 2017 3730 gentesque

585 3749 703 3856 ipsius
714 3753 879 3839 comitis,
892 3781 963 3858 pro
977 3752 1143 3831 tenendo
1158 3752 1255 3829 dicta
1272 3751 1406 3859 placita
1419 3781 1503 3842 sua,
1521 3750 1664 3827 ibidem
1680 3751 1933 3840 accessissent,
1951 3756 2017 3829 sai-

586 3879 706 3956 sinam
734 3911 839 3958 suam
858 3883 1066 3987 predictam
1092 3884 1368 3974 continuando,
1391 3883 1461 3988 ipsi
1483 3883 1530 3958 ad
1554 3881 1774 3957 instanciam
1794 3878 1885 3956 dicti
1907 3883 2015 3959 Lam·

585 4011 697 4100 berti,
716 4041 784 4118 per
804 4011 946 4089 dictum
967 4013 1133 4122 bajulum
1152 4013 1307 4090 luerunt
1323 4041 1437 4120 super
1455 4012 1530 4088 hoc
1547 4010 1746 4118 prohibiti,
1768 4010 1855 4088 licet
1875 4010 1923 4088 de
1943 4012 2016 4091 hoc

586 4142 804 4220 mandatum
830 4171 905 4220 non
927 4145 1085 4223 haberet
1109 4175 1177 4222 nec
1199 4162 1442 4254 potestatem,
1468 4161 1512 4221 ut
1537 4141 1705 4230 dicebat3
1727 4169 1747 4218 a
1766 4171 1842 4250 qua
1861 4142 2014 4250 quidem

575 4273 865 4380 prohibicione,
882 4291 1041 4384 exparte
1056 4277 1213 4382 predicti
1227 4275 1391 4368 comitis,
1408 4277 1457 4354 ad
1473 4274 1615 4352 dictum
1634 4273 1880 4351 senescallum
1896 4277 2016 4353 extitit

585 4405 832 4512 appellatum
852 4435 967 4515 quare
986 4409 1100 4514 peciit
1118 4409 1218 4486 idem
1241 4437 1367 4486 comes
1383 4405 1622 4516 pronunciari
1639 4406 1762 4514 ipsum
1779 4407 1878 4485 bene
1894 4410 2016 4515 appel-

584 4535 695 4627 lasse,
717 4537 937 4645 dictumque
962 4537 1129 4648 bajulum
1150 4541 1247 4618 male
1275 4558 1313 4617 et
1336 4541 1465 4648 inique
1485 4538 1710 4647 processisse
1732 4537 1781 4616 ad
1800 4537 2020 4638 laciendum.

582 4667 884 4774 prohibicionem
904 4670 1128 4777 predictam,
1147 4672 1346 4779 ipsumque
1364 4671 1490 4779 puniri
1504 4699 1572 4778 pro
1587 4669 1793 4776 premissis,
1811 4671 2011 4748 aedictum

583 4799 826 4877 Lambertum
848 4801 1118 4908 condempnari
1143 4803 1191 4880 ad
1211 4801 1433 4880 solvendum
1456 4801 1543 4892 sibi,
1565 4801 1714 4879 racione
1733 4801 2010 4908 predictorum,
2139 4827 2143 4836 ·

583 4931 687 5009 mille
702 4931 873 5012 marchas
887 4933 1050 5042 argenti,
1067 4963 1137 5041 pro
1150 4936 1227 5012 suis
1238 4934 1411 5041 dampnis
1422 4952 1459 5011 et
1470 4934 1666 5023 iuteresse;
1682 4933 1782 5011 dicto
1793 4933 2011 5020 lamberto,

581 5091 650 5168 pro
665 5093 722 5153 se,
738 5093 780 5141 ac
792 5081 1035 5170 procuratore
1051 5083 1180 5144 nostro
1195 5065 1505 5176 Petregoricensi‚
1530 5093 1600 5171 pro
1619 5063 1747 5153 nobis,
1771 5065 1809 5140 in
1829 5083 2010 5171 qnantum

581 5221 652 5272 nos
663 5196 798 5303 tangit,
810 5195 938 5303 plures
949 5196 1118 5274 raciones
1129 5198 1168 5274 in
1183 5197 1411 5275 contrarium
1424 5195 1738 5303 proponentibus,
1752 5213 1788 5272 et
1799 5195 2014 5273 dicentibus

581 5327 702 5430 quod,
731 5355 816 5404 cum
843 5328 965 5407 dictus
992 5329 1231 5420 Lambertus,
1259 5331 1408 5408 racione
1432 5329 1539 5407 basse
1560 5328 1712 5438 justicie
1737 5355 1813 5434 que
1837 5327 1876 5401 in
1903 5323 2012 5401 dictis

582 5453 673 5543 locis
691 5457 739 5534 ad
756 5487 843 5536 eum
866 5459 1003 5539 dicitur
1020 5461 1228 5567 pertinere,
1247 5479 1391 5542 teneret
1406 5461 1549 5541 ibidem
1563 5459 1695 5568 placita
1711 5485 1792 5547 sua,
1807 5474 2011 5560 gentesque
