5817 7292
925 1070 997 1147 o7t
1436 1070 1441 1080 '
1500 1064 1591 1139 tus
1621 1059 1760 1136 OLIM.

700 1235 829 1287 Parum
843 1229 886 1289 Ν.
980 1214 1064 1292 Non
1093 1226 1245 1318 apparet
1267 1208 1409 1285 dictum
1433 1206 1673 1315 Aymericum
1702 1231 1771 1281 nec
1797 1202 1942 1279 dictum
1967 1203 2171 1309 Hugonem
2197 1225 2346 1289 vocatos

927 1374 1008 1423 esse
1026 1342 1074 1420 ad
1089 1341 1295 1419 videndum
1309 1339 1437 1445 jurare
1457 1353 1572 1415 testes
1591 1335 1795 1440 productos
1814 1332 1863 1410 ad
1882 1333 1956 1408 hoc
1976 1360 2046 1437 per
2062 1353 2344 1439 procuratorem

928 1474 1072 1553 domini
1088 1470 1205 1578 regis,
1225 1497 1295 1546 nec
1313 1497 1381 1575 per
1393 1468 1494 1573 ipsos
1512 1465 1626 1543 fuisse
1647 1491 1868 1570 responsum
1885 1461 2050 1539 articulis
2069 1463 2214 1541 domini
2229 1468 2345 1573 regis,

762 1322 824 1365 lstt.

929 1634 997 1681 nec
1022 1630 1091 1710 per
1114 1616 1393 1709 procuratorem
1423 1596 1565 1675 domini
1594 1595 1693 1702 regis
1717 1621 1797 1671 esse
1815 1620 2037 1698 responsum
2063 1594 2231 1673 articulis
2257 1598 2346 1675 dicti

928 1733 1124 1843 Aymerici.
1145 1733 1253 1821 Item,
1272 1746 1387 1807 testes
1407 1728 1445 1805 in
1467 1755 1511 1804 ea
1526 1726 1703 1833 producti
1723 1742 1812 1802 sunt
1825 1722 1923 1800 male
1939 1724 2159 1832 interrogati
2176 1742 2216 1803 et
2227 1730 2347 1836 major

928 1894 1012 1972 pars
1028 1867 1197 1971 ipsorum
1215 1888 1293 1939 non
1311 1858 1437 1937 reddit
1451 1884 1598 1935 cansam
1614 1857 1674 1935 sui
1690 1855 1795 1945 dicti,
1809 1882 1879 1931 nec
1898 1853 1947 1932 de
1965 1854 2038 1932 hoc
2051 1873 2141 1932 sunt
2159 1859 2346 1964 requisiti.

928 1998 1035 2083 Item,
1045 2010 1176 2083 testes,
1191 1988 1479 2097 superamiculis
1489 1987 1730 2094 tangentibus
1744 1983 2070 2074 consuetudinem,
2085 2002 2175 2061 sunt
2188 1986 2349 2095 singula·

929 2125 1021 2201 riter
1033 2122 1229 2200 examinati
1242 2138 1280 2197 et
1289 2148 1366 2198 non
1382 2119 1422 2195 in
1435 2119 1559 2196 turba.
1572 2119 1677 2205 Item,
1690 2116 1967 2222 quidamtestes
1975 2140 2044 2220 per
2054 2116 2344 2195 examinatorem

930 2253 1171 2331 inveniuntur
1186 2248 1410 2328 concordati.
1436 2250 1567 2325 Testes
1587 2246 1704 2323 cciam
1721 2272 1788 2350 per
1803 2243 1948 2321 dictum
1959 2246 2156 2350 Hngonem
2169 2247 2345 2351 producti

930 2411 1008 2460 non
1023 2397 1112 2459 sunt
1125 2379 1295 2485 requisiti
1309 2405 1421 2481 super
1435 2374 1798 2483 interrogacionibus
1809 2374 2061 2478 procuratoris
2071 2374 2213 2453 domini
2224 2377 2344 2481 regis,

930 2512 1035 2589 factis
1047 2511 1095 2587 ad
1109 2508 1283 2587 articulos
1300 2506 1390 2584 dicti
1404 2507 1588 2614 Hugonis,
1605 2505 1710 2611 quod
1723 2504 1872 2610 petebat
1886 2501 1968 2579 fieri
1983 2503 2105 2582 dictus
2116 2523 2345 2611 procurator.

985 2640 1143 2721 Veneris
1162 2656 1246 2745 post
1264 2636 1505 2744 quendenam
1525 2636 1801 2714 Penthecostes.

987 2772 1150 2878 Mangon
1165 2769 1378 2874 reportavit.

987 2902 1096 2979 Facta
1112 2915 1169 2977 est
1187 2897 1402 2977 commissio
1418 2914 1457 2974 et
1475 2897 1646 3002 inquesta
1662 2896 1831 2974 rembsa,

987 3160 1178 3239 XXXVIII.
1210 3160 1311 3237 Mota
1331 3158 1413 3249 Iitc,
1432 3158 1474 3233 in
1492 3158 1594 3235 curia
1608 3173 1749 3244 nostra,
1767 3157 1864 3233 inter
1878 3157 2090 3235 Johannem
2104 3159 2152 3235 de
2164 3160 2351 3250 Vaubain,

934 3316 1071 3369 exuna
1091 3305 1217 3395 parte,
1241 3302 1279 3365 et
1298 3288 1481 3394 majorem
1506 3303 1544 3363 et
1573 3286 1743 3363 scabinos
1764 3286 1813 3363 de
1839 3286 2349 3392 MonsteroIio-supra·IIIa1e,
2379 3286 2386 3297 ’

934 3448 978 3495 ex
992 3420 1123 3507 altera,
1144 3444 1258 3524 super
1277 3444 1322 3494 co
1342 3414 1447 3523 quod
1470 3414 1559 3493 dicti
1580 3415 1700 3521 major
1722 3434 1761 3493 et
1778 3415 1918 3493 scabini
1942 3415 2112 3493 dicebant
2129 3417 2272 3493 curiam
2293 3418 2352 3494 eis

935 3576 1015 3627 esse
1029 3546 1263 3625 reddendam
1284 3546 1331 3623 de
1352 3546 1452 3623 dicto
1473 3545 1657 3635 Johanne,
1679 3546 1780 3623 etde
1800 3547 1883 3652 ejus
1902 3563 2071 3655 requesta
2084 3575 2198 3653 quam
2217 3564 2352 3625 contra

936 3678 1055 3757 dictos
1070 3678 1251 3784 majorem
1267 3693 1305 3754 et
1322 3676 1495 3755 scabinos
1511 3674 1673 3754 faciebat
1687 3676 1734 3752 de
1755 3676 2028 3781 impedimento
2047 3677 2173 3755 eidem
2189 3677 2353 3755 Iohanni

934 3836 1004 3914 per
1022 3806 1145 3885 dictos
1163 3805 1344 3912 majorem
1364 3822 1402 3883 et
1419 3804 1591 3883 scabinos
1609 3806 1733 3911 posito
1757 3806 1797 3882 in
1815 3806 2003 3911 capiendo
2018 3834 2133 3883 unam
2151 3824 2353 3913 pugnatam

935 3938 1094 4043 pecunie
1119 3934 1326 4043 aquodam
1354 3962 1470 4041 quem
1497 3935 1689 4013 invenerat
1716 3936 1963 4013 cambiantem
1986 3936 2026 4012 in
2054 3935 2153 4013 dicta
2175 3935 2280 4029 viIIa,
2313 3938 2354 4013 in

936 4065 1178 4147 Ioco-adhoc
1197 4094 1273 4144 non
1294 4066 1474 4173 deputato
1495 4094 1562 4172 per
1580 4094 1668 4154 nos,
1689 4065 1737 4143 de
1756 4094 1833 4174 quo
1851 4066 1999 4144 dicebat
2014 4096 2054 4145 se
2070 4095 2150 4145 esse
2168 4067 2208 4143 in
2220 4067 2354 4145 saisina

936 4196 1083 4274 racione
1104 4196 1299 4304 cujusdam
1318 4197 1453 4274 cambii
1473 4198 1578 4303 quod
1596 4225 1618 4273 a
1636 4196 1747 4276 nobis
1770 4197 1809 4273 in
1829 4196 1987 4275 feudum
2013 4198 2145 4277 asserit
2162 4227 2203 4276 se
2223 4215 2354 4275 tenere

938 4328 976 4403 in
989 4326 1073 4405 villa
1089 4326 1269 4433 predicta,
1287 4343 1326 4403 et
1342 4354 1411 4405 nos
1424 4354 1505 4405 esse
1524 4328 1563 4404 in
1573 4327 1705 4405 saisina
1720 4328 1966 4435 cognoscendi
1980 4327 2029 4406 de
2040 4328 2239 4435 predictis;
2254 4327 2354 4405 dicto

937 4457 1106 4537 Iohanne
1133 4458 1363 4537 contrarium
1391 4474 1594 4548 asserente,
1623 4475 1662 4536 et
1687 4458 1834 4536 dicente
1860 4460 2003 4537 curiam
2030 4477 2069 4537 et
2095 4460 2354 4566 cognicionem

938 4587 1048 4665 nobis
1060 4616 1174 4695 super
1184 4589 1257 4666 hoc
1271 4616 1465 4665 remanere
1481 4588 1637 4679 debere,
1653 4588 1920 4681 mandavimus,
1936 4618 2005 4696 per
2017 4608 2139 4668 certos
2150 4589 2351 4675 auditores,

938 4714 985 4793 de
1009 4719 1187 4823 predictis
1206 4720 1415 4826 inquestam
1436 4717 1517 4797 fieri
1534 4719 1636 4795 curie
1654 4737 1781 4799 nostre
1800 4721 2091 4799 remittendam:
2111 4722 2217 4798 Dicta
2238 4719 2355 4824 igitur

938 4848 1108 4954 inquesta
1128 4849 1229 4927 curie
1251 4866 1376 4927 nostre
1391 4866 1595 4955 reportata,
1612 4850 1687 4927 visa
1701 4878 1743 4927 ac
1763 4851 1963 4959 diligenter
1976 4852 2158 4959 inspecta,
2179 4850 2275 4927 dicta
2294 4848 2357 4924 in·

938 4996 1082 5082 questa,
1100 5007 1145 5056 ex
1159 5007 1282 5069 causa,
1298 4978 1386 5068 Init,
1403 5009 1471 5086 per
1484 4997 1652 5058 nostram
1664 4982 1824 5070 curiam,
1840 4982 2008 5059 totaliter
2021 4981 2199 5069 anulIata,
2219 4996 2258 5056 et
2268 5007 2359 5085 pre-

938 5122 1087 5209 ceptum
1102 5104 1173 5182 fuit
1188 5107 1291 5212 qaod
1307 5109 1408 5185 curia
1427 5127 1554 5187 nostra
1569 5110 1701 5188 iterato
1716 5128 1933 5219 cognoscat,
1953 5111 2120 5217 partibus
2140 5110 2292 5198 vocatis,
2307 5108 2358 5186 de

937 5234 1033 5314 Iacto
1048 5234 1267 5342 hujusmodi
1286 5237 1386 5314 etde
1405 5239 1631 5345 quibusdam
1652 5270 1727 5348 que
1748 5242 1837 5319 dicti
1853 5242 1973 5350 major
1989 5259 2028 5319 et
2041 5240 2182 5319 scabini
2202 5239 2360 5320 infacto

937 5366 1174 5475 hujusmodi,
1196 5367 1236 5444 in
1247 5367 1344 5474 juris
1361 5370 1479 5446 nostri
1499 5371 1768 5477 prejudicium,
1790 5389 2027 5478 attemptasse
2047 5373 2237 5450 dicuntur.
