5817 7292
1008 1097 1272 1205 srvouvtuts
1298 1115 1360 1187 rr
1386 1095 1588 1189 procus.
1936 1117 2007 1187 709

650 1253 772 1331 LXXI.
794 1252 907 1343 Cum,
923 1280 966 1331 ex
982 1270 1087 1361 parte
1104 1254 1354 1359 procuratoris
1373 1254 1491 1331 nostri
1506 1250 2010 1359 senescalliePetragoricen-
2047 1264 2178 1317 numm
2190 1262 2233 1326 W.

594 1382 657 1471 sis,
670 1381 779 1461 nobis
789 1381 921 1461 luisset
932 1382 1181 1493 significatum
1192 1384 1312 1491 quod,
1326 1414 1412 1461 cum
1422 1384 1554 1461 Petrus
1562 1382 1769 1459 Barraherii
1783 1400 1879 1461 esset
1891 1384 1930 1458 in
1940 1384 2011 1461 sai-
2109 1354 2171 1396 mi

593 1514 670 1591 sina
685 1512 840 1591 ecclesie
852 1513 1116 1593 Sancti-Silani
1128 1514 1454 1623 Petragoricensis,
1472 1530 1574 1590 certo
1589 1511 1772 1589 serviente
1785 1512 1833 1589 ad
1845 1512 2011 1619 gardian-

594 1644 685 1721 dum
707 1643 832 1749 ipsum
852 1644 891 1721 in
910 1673 976 1723 sua
993 1644 1126 1723 saisina
1152 1673 1193 1722 ex
1214 1660 1318 1750 parte
1335 1662 1461 1723 nostra
1479 1644 1659 1749 deputato
1680 1641 1824 1731 eidem,
1839 1658 1879 1720 et
1902 1643 1954 1719 sic
1972 1644 2010 1718 in

593 1774 691 1851 dicta
704 1774 838 1853 saisina
852 1775 969 1881 ipsius
982 1775 1137 1853 ecclesie
1157 1776 1248 1853 etin
1263 1774 1377 1883 garda
1388 1794 1516 1855 nostra
1527 1772 1694 1880 predicta
1704 1801 1773 1879 per
1786 1774 1881 1852 duos
1892 1800 2012 1851 annos

593 1904 790 1984 continuos
808 1903 940 1983 suisset
962 1905 1216 2014 Taleyrandus
1235 1907 1283 1984 de
1312 1905 1633 1993 Sancto-Asterio,
1654 1904 1788 2012 Helyas
1808 1904 1855 1981 de
1875 1907 2009 1994 Bosco,

591 2034 726 2143 Helyas
746 2035 794 2112 de
813 2034 1035 2143 Blanqueto,
1056 2037 1189 2113 Petrus
1209 2037 1256 2114 de
1276 2036 1420 2126 Barrio,
1442 2036 1574 2113 Petrus
1591 2034 1766 2127 Bruncti,
1785 2035 2012 2115 Bertrandus

592 2164 637 2239 de
658 2164 935 2252 Claro-Monte,
949 2164 1082 2271 Helyas
1103 2166 1151 2242 de
1165 2164 1331 2271 Capella,
1345 2164 1528 2243 Girardus
1544 2165 1592 2242 de
1606 2163 1856 2253 Armanbaco,
1874 2164 2012 2271 Ayme-

589 2292 687 2371 ricus
713 2293 760 2369 de
781 2294 922 2382 Turre,
946 2290 1074 2371 Guido
1097 2310 1135 2371 et
1152 2294 1340 2373 Arneldus
1365 2296 1413 2373 de
1432 2293 1641 2384 Lavisvilla,
1664 2295 1832 2373 canonici
1856 2294 2011 2373 ecclesie

589 2422 936 2501 Sancti-Frontonis
958 2424 1287 2531 Petregoricensis,
1306 2452 1487 2501 unacum
1511 2422 1737 2529 quibusdam
1758 2424 1834 2502 suis
1854 2426 2012 2533 compli-

590 2554 711 2643 cibus,
732 2570 809 2631 tam
827 2552 929 2631 laicis
948 2582 1061 2661 quam
1082 2554 1181 2643 aliis,
1204 2554 1341 2633 dictam
1360 2553 1514 2663 gardam
1534 2572 1701 2633 nostram
1719 2553 1925 2663 frangendo
1939 2556 2012 2633 vio·

590 2684 712 2763 lenter
726 2702 764 2763 ct
779 2714 866 2761 cum
882 2685 1010 2775 armis,
1028 2684 1165 2762 dictam
1180 2685 1374 2763 ecclesiam
1387 2683 1594 2794 fregerunt,
1609 2687 1839 2763 intraverunt
1854 2701 1891 2763 et
1906 2714 2011 2764 occu-

588 2832 741 2921 parunt,
759 2832 798 2893 et
819 2815 995 2893 vicarium
1017 2815 1106 2893 dicti
1125 2816 1225 2893 Petri
1241 2815 1450 2894 Barraherii
1466 2816 1512 2893 ab
1535 2844 1579 2894 ea
1596 2816 1780 2894 violenter
1801 2817 2007 2924 ejecerunt,

589 2946 629 3021 in
650 2945 749 3024 dicte
764 2946 878 3053 garde
899 2962 1027 3025 nostre
1046 2946 1300 3055 prejudicium
1321 2963 1360 3025 et
1379 2946 1469 3024 dicti
1488 2946 1586 3023 Petri
1607 2945 1813 3053 dampnum
1833 2974 1910 3025 non
1930 2974 2011 3025 mo—

589 3075 715 3154 dicum
737 3093 776 3155 ct
794 3104 1007 3183 gravamen,
1028 3105 1141 3182 super
1155 3077 1294 3184 quibus
1311 3076 1585 3168 mandavimus,
1601 3078 1737 3155 vocatis
1751 3077 1935 3183 partibus,
1954 3078 2008 3155 in·

588 3205 789 3313 quiricum
812 3206 1010 3315 diligencia
1029 3207 1243 3285 veritatem:
1261 3209 1436 3315 lnquesta
1450 3208 1565 3317 igitur
1577 3234 1690 3314 super
1703 3207 1778 3284 hoc
1794 3206 1890 3283 facta
1909 3224 1946 3284 et
1962 3207 2009 3283 ad

581 3335 829 3443 judicandum
845 3337 948 3414 curie
961 3353 1087 3413 nostre
1100 3353 1304 3443 reportate,
1322 3337 1397 3413 visa
1413 3355 1452 3415 et
1469 3336 1670 3442 diligenter
1684 3335 1904 3427 examinata,
1922 3364 2008 3413 cum

585 3496 654 3573 per
673 3496 755 3546 eam
780 3467 882 3545 curie
905 3482 1032 3544 nostre
1053 3464 1262 3545 constiterit
1281 3465 1328 3543 de
1349 3466 1483 3543 saisina
1510 3481 1548 3543 et
1570 3466 1682 3571 garda
1708 3464 1902 3571 predictis,
1923 3492 2009 3541 nec-

587 3626 665 3675 non
679 3596 938 3684 defractione,
955 3597 1218 3701 occupacione,
1236 3596 1416 3701 ejectione
1433 3614 1471 3673 et
1480 3595 1671 3673 violenciis
1686 3595 1925 3701 supradictis,
1939 3623 2008 3701 per

588 3725 690 3801 curie
710 3741 836 3800 nostre
850 3722 1055 3830 judicium,
1079 3723 1223 3801 dictum
1241 3722 1314 3799 fuit
1329 3723 1434 3829 quod
1455 3723 1578 3798 dictus
1596 3724 1726 3799 Petrus
1739 3722 1947 3800 Barraherii
1968 3724 2006 3799 in

588 3852 721 3929 saisina
749 3851 845 3929 dicte
871 3852 1048 3941 ecclesie,
1070 3852 1111 3929 in
1134 3880 1206 3959 qua
1232 3852 1311 3958 ipse
1337 3866 1414 3930 erat
1438 3850 1486 3927 de
1509 3850 1623 3943 sacto,
1651 3868 1856 3958 reponetur
1879 3851 1918 3927 in
1944 3879 2008 3930 eo·

589 3982 676 4060 dem
691 3999 789 4060 statu
804 3982 844 4058 in
859 4010 936 4089 quo
948 3983 1028 4088 ipse
1044 4000 1137 4073 erat,
1151 4000 1322 4088 tempore
1337 3981 1604 4061 violenciarum
1616 3982 1886 4089 predictarum,
1902 3983 2008 4058 resti-

587 4128 816 4219 tuenturque
837 4110 908 4189 sibi
928 4140 947 4187 a
965 4111 1075 4188 dictis
1094 4111 1326 4191 invasoribus
1343 4111 1488 4189 fructus
1504 4140 1526 4189 a
1544 4111 1644 4189 dicto
1665 4128 1836 4217 tempore
1857 4110 1904 4187 de
1930 4111 2008 4217 ipsa

588 4243 743 4320 ecclesia
765 4242 949 4350 percepti,
972 4259 1009 4319 et
1029 4272 1115 4319 cum
1140 4242 1213 4320 hoc
1237 4242 1428 4321 tenebitur
1451 4241 1490 4317 in
1514 4270 1628 4319 manu
1652 4258 1778 4321 nostra
1801 4241 2007 4347 temporale

588 4373 774 4451 dictorum
799 4373 1067 4451 canonicorum
1089 4401 1288 4481 quousque
1309 4372 1420 4451 nobis
1444 4372 1688 4450 satisfecerint
1712 4372 1760 4449 de
1780 4370 1883 4449 mille
1901 4370 2008 4447 libris

587 4502 872 4581 Turonensibus
895 4532 963 4609 pro
989 4503 1165 4595 emenda,
1191 4503 1288 4581 salvo
1313 4504 1402 4581 alias
1426 4504 1581 4609 insuper
1599 4503 1685 4609 jure
1713 4503 1898 4581 dictarum
1922 4530 2006 4607 par-

585 4633 699 4721 tium,
714 4649 791 4709 tam
812 4660 924 4740 super
942 4634 1175 4739 possessione
1195 4663 1307 4741 quam
1324 4663 1438 4741 super
1456 4634 1699 4741 proprietate,
1717 4633 1814 4711 dicte
1834 4630 2004 4723 ecclesie,

585 4791 654 4869 per
669 4780 946 4869 competentem
962 4764 1131 4870 judicem
1153 4763 1377 4842 decidendo.

642 4893 823 4983 Parisius,
845 4893 935 4971 lune
952 4910 1038 5001 post
1056 4894 1326 5003 Magdalenam.

641 5024 747 5103 Creci
760 5024 971 5131 reportavit.

641 5284 778 5363 Lllel.
810 5288 891 5366 Lite
918 5305 1042 5378 mota,
1069 5316 1195 5368 coram
1225 5289 1416 5397 preposito
1440 5288 1658 5378 Parisiensi,
1686 5288 1785 5365 inter
1809 5285 2004 5365 Gesrinum

584 5410 811 5506 Alcmmani,
839 5436 1076 5499 executorem
1100 5421 1309 5499 litterarum
1334 5420 1592 5498 nundinarum
1617 5418 1836 5525 Campanic,
1866 5417 1905 5492 in
1925 5444 2005 5522 pre-
