<?xml version="1.0" encoding="UTF-8"?>
<!DOCTYPE html PUBLIC "-//W3C//DTD XHTML 1.0 Transitional//EN"
    "http://www.w3.org/TR/xhtml1/DTD/xhtml1-transitional.dtd">
<html xmlns="http://www.w3.org/1999/xhtml" xml:lang="en" lang="en">
 <head>
  <title>
</title>
<meta http-equiv="Content-Type" content="text/html;charset=utf-8" />
  <meta name='ocr-system' content='tesseract 3.04.00' />
  <meta name='ocr-capabilities' content='ocr_page ocr_carea ocr_par ocr_line ocrx_word'/>
</head>
<body>
  <div class='ocr_page' id='page_1' title='image "./lesolimouregist00pargoog_0404.png"; bbox 0 0 5817 7292; ppageno 0'>
   <div class='ocr_carea' id='block_1_1' title="bbox 860 1107 1699 1192">
    <p class='ocr_par' dir='ltr' id='par_1_1' title="bbox 860 1107 1699 1192">
     <span class='ocr_line' id='line_1_1' title="bbox 860 1107 1699 1192; baseline -0.005 -4"><span class='ocrx_word' id='word_1_1' title='bbox 860 1120 936 1192; x_wconf 79' lang='lat'><strong>298</strong></span> <span class='ocrx_word' id='word_1_2' title='bbox 1435 1113 1527 1186; x_wconf 76' lang='lat' dir='ltr'><strong>tns</strong></span> <span class='ocrx_word' id='word_1_3' title='bbox 1559 1107 1699 1185; x_wconf 82' lang='lat' dir='ltr'><strong>OLlll.</strong></span> 
     </span>
    </p>
   </div>
   <div class='ocr_carea' id='block_1_2' title="bbox 637 1253 2282 1609">
    <p class='ocr_par' dir='ltr' id='par_1_2' title="bbox 637 1253 2282 1609">
     <span class='ocr_line' id='line_1_2' title="bbox 637 1253 2282 1362; baseline -0.005 -19"><span class='ocrx_word' id='word_1_4' title='bbox 637 1293 766 1343; x_wconf 71' lang='lat' dir='ltr'><strong>rmum</strong></span> <span class='ocrx_word' id='word_1_5' title='bbox 777 1285 821 1349; x_wconf 83' lang='lat' dir='ltr'><strong>tt,</strong></span> <span class='ocrx_word' id='word_1_6' title='bbox 860 1288 945 1338; x_wconf 85' lang='lat' dir='ltr'><strong>mus</strong></span> <span class='ocrx_word' id='word_1_7' title='bbox 959 1255 1196 1336; x_wconf 87' lang='lat' dir='ltr'><strong>Trousselier</strong></span> <span class='ocrx_word' id='word_1_8' title='bbox 1215 1283 1236 1332; x_wconf 80' lang='lat' dir='ltr'><strong>a</strong></span> <span class='ocrx_word' id='word_1_9' title='bbox 1253 1253 1454 1362; x_wconf 84' lang='lat' dir='ltr'><strong>propositis</strong></span> <span class='ocrx_word' id='word_1_10' title='bbox 1473 1279 1587 1361; x_wconf 87' lang='lat' dir='ltr'><strong>super</strong></span> <span class='ocrx_word' id='word_1_11' title='bbox 1601 1254 1674 1332; x_wconf 90' lang='lat' dir='ltr'><strong>hoc</strong></span> <span class='ocrx_word' id='word_1_12' title='bbox 1689 1271 1818 1333; x_wconf 86' lang='lat' dir='ltr'><strong>eontra</strong></span> <span class='ocrx_word' id='word_1_13' title='bbox 1833 1281 1920 1331; x_wconf 91' lang='lat' dir='ltr'><strong>eum</strong></span> <span class='ocrx_word' id='word_1_14' title='bbox 1933 1281 2002 1360; x_wconf 90' lang='lat' dir='ltr'><strong>per</strong></span> <span class='ocrx_word' id='word_1_15' title='bbox 2017 1254 2162 1332; x_wconf 90' lang='lat' dir='ltr'><strong>dictum</strong></span> <span class='ocrx_word' id='word_1_16' title='bbox 2178 1284 2282 1335; x_wconf 87' lang='lat' dir='ltr'><strong>com-</strong></span> 
     </span>
     <span class='ocr_line' id='line_1_3' title="bbox 697 1381 2280 1496; baseline -0.003 -26"><span class='ocrx_word' id='word_1_17' title='bbox 697 1381 761 1422; x_wconf 54' lang='grc' dir='ltr'><strong>’Μ’</strong></span> <span class='ocrx_word' id='word_1_18' title='bbox 861 1390 1073 1470; x_wconf 81' lang='lat' dir='ltr'><strong>missarium</strong></span> <span class='ocrx_word' id='word_1_19' title='bbox 1088 1389 1128 1465; x_wconf 91' lang='lat' dir='ltr'><strong>in</strong></span> <span class='ocrx_word' id='word_1_20' title='bbox 1143 1388 1314 1495; x_wconf 86' lang='lat' dir='ltr'><strong>inquesta</strong></span> <span class='ocrx_word' id='word_1_21' title='bbox 1329 1386 1495 1494; x_wconf 86' lang='lat' dir='ltr'><strong>predicta</strong></span> <span class='ocrx_word' id='word_1_22' title='bbox 1510 1387 1714 1476; x_wconf 87' lang='lat' dir='ltr'><strong>contentis,</strong></span> <span class='ocrx_word' id='word_1_23' title='bbox 1727 1384 1816 1475; x_wconf 86' lang='lat' dir='ltr'><strong>luit,</strong></span> <span class='ocrx_word' id='word_1_24' title='bbox 1834 1415 1901 1492; x_wconf 91' lang='lat' dir='ltr'><strong>per</strong></span> <span class='ocrx_word' id='word_1_25' title='bbox 1917 1385 2020 1464; x_wconf 90' lang='lat' dir='ltr'><strong>curie</strong></span> <span class='ocrx_word' id='word_1_26' title='bbox 2037 1404 2165 1464; x_wconf 91' lang='lat' dir='ltr'><strong>nostre</strong></span> <span class='ocrx_word' id='word_1_27' title='bbox 2178 1388 2280 1496; x_wconf 84' lang='lat' dir='ltr'><strong>judi-</strong></span> 
     </span>
     <span class='ocr_line' id='line_1_4' title="bbox 862 1518 1212 1609; baseline -0.014 -9"><span class='ocrx_word' id='word_1_28' title='bbox 862 1523 979 1609; x_wconf 85' lang='lat' dir='ltr'><strong>cium,</strong></span> <span class='ocrx_word' id='word_1_29' title='bbox 1004 1518 1212 1598; x_wconf 84' lang='lat' dir='ltr'><strong>absolutus.</strong></span> 
     </span>
    </p>
   </div>
   <div class='ocr_carea' id='block_1_3' title="bbox 864 1778 2353 2801">
    <p class='ocr_par' dir='ltr' id='par_1_3' title="bbox 864 1778 2353 2545">
     <span class='ocr_line' id='line_1_5' title="bbox 918 1778 2283 1888; baseline -0.001 -28"><span class='ocrx_word' id='word_1_30' title='bbox 918 1783 1094 1862; x_wconf 86' lang='lat' dir='ltr'><strong>XXXVII.</strong></span> <span class='ocrx_word' id='word_1_31' title='bbox 1115 1781 1238 1887; x_wconf 85' lang='lat' dir='ltr'><strong>Super</strong></span> <span class='ocrx_word' id='word_1_32' title='bbox 1251 1807 1298 1858; x_wconf 88' lang='lat' dir='ltr'><strong>so</strong></span> <span class='ocrx_word' id='word_1_33' title='bbox 1310 1778 1415 1887; x_wconf 90' lang='lat' dir='ltr'><strong>quod</strong></span> <span class='ocrx_word' id='word_1_34' title='bbox 1425 1778 1617 1857; x_wconf 83' lang='lat' dir='ltr'><strong>Iohannes</strong></span> <span class='ocrx_word' id='word_1_35' title='bbox 1631 1781 1740 1888; x_wconf 89' lang='lat' dir='ltr'><strong>Hugo</strong></span> <span class='ocrx_word' id='word_1_36' title='bbox 1755 1797 1792 1858; x_wconf 88' lang='lat' dir='ltr'><strong>et</strong></span> <span class='ocrx_word' id='word_1_37' title='bbox 1805 1779 2035 1859; x_wconf 88' lang='lat' dir='ltr'><strong>Guillelmus</strong></span> <span class='ocrx_word' id='word_1_38' title='bbox 2044 1782 2220 1867; x_wconf 78' lang='lat' dir='ltr'><strong>Testatur,</strong></span> <span class='ocrx_word' id='word_1_39' title='bbox 2236 1782 2283 1858; x_wconf 94' lang='lat' dir='ltr'><strong>de</strong></span> 
     </span>
     <span class='ocr_line' id='line_1_6' title="bbox 864 1905 2282 2023; baseline -0.004 -30"><span class='ocrx_word' id='word_1_40' title='bbox 864 1913 1037 2023; x_wconf 84' lang='lat' dir='ltr'><strong>Rupella,</strong></span> <span class='ocrx_word' id='word_1_41' title='bbox 1054 1912 1184 1990; x_wconf 70' lang='lat' dir='ltr'><strong>frenes</strong></span> <span class='ocrx_word' id='word_1_42' title='bbox 1195 1973 1204 2004; x_wconf 94' lang='lat'>‚</span> <span class='ocrx_word' id='word_1_43' title='bbox 1217 1939 1305 1988; x_wconf 88' lang='lat' dir='ltr'><strong>cum</strong></span> <span class='ocrx_word' id='word_1_44' title='bbox 1319 1910 1398 1990; x_wconf 88' lang='lat' dir='ltr'><strong>suis</strong></span> <span class='ocrx_word' id='word_1_45' title='bbox 1413 1909 1661 2016; x_wconf 85' lang='lat' dir='ltr'><strong>eomplicibus</strong></span> <span class='ocrx_word' id='word_1_46' title='bbox 1677 1910 1900 1990; x_wconf 78' lang='lat' dir='ltr'><strong>dicebantur</strong></span> <span class='ocrx_word' id='word_1_47' title='bbox 1914 1912 2075 1990; x_wconf 88' lang='lat' dir='ltr'><strong>domum</strong></span> <span class='ocrx_word' id='word_1_48' title='bbox 2086 1905 2282 1992; x_wconf 89' lang='lat' dir='ltr'><strong>Guillelmi</strong></span> 
     </span>
     <span class='ocr_line' id='line_1_7' title="bbox 865 2041 2353 2153; baseline -0.001 -30"><span class='ocrx_word' id='word_1_49' title='bbox 865 2042 1291 2123; x_wconf 82' lang='lat' dir='ltr'><strong>Trousselierviolenter</strong></span> <span class='ocrx_word' id='word_1_50' title='bbox 1305 2059 1443 2120; x_wconf 90' lang='lat' dir='ltr'><strong>etcum</strong></span> <span class='ocrx_word' id='word_1_51' title='bbox 1459 2041 1570 2118; x_wconf 86' lang='lat' dir='ltr'><strong>armis</strong></span> <span class='ocrx_word' id='word_1_52' title='bbox 1585 2041 1760 2121; x_wconf 85' lang='lat' dir='ltr'><strong>invasisse</strong></span> <span class='ocrx_word' id='word_1_53' title='bbox 1776 2058 1814 2120; x_wconf 92' lang='lat' dir='ltr'><strong>et</strong></span> <span class='ocrx_word' id='word_1_54' title='bbox 1830 2041 1982 2153; x_wconf 79' lang='lat' dir='ltr'>fregisse</span> <span class='ocrx_word' id='word_1_55' title='bbox 1995 2043 2100 2122; x_wconf 74' lang='lat' dir='ltr'><strong>zVisa</strong></span> <span class='ocrx_word' id='word_1_56' title='bbox 2114 2043 2285 2150; x_wconf 87' lang='lat' dir='ltr'><strong>inquesta</strong></span> <span class='ocrx_word' id='word_1_57' title='bbox 2347 2071 2353 2077; x_wconf 91' lang='lat'>·</span> 
     </span>
     <span class='ocr_line' id='line_1_8' title="bbox 866 2171 2284 2283; baseline -0.003 -28"><span class='ocrx_word' id='word_1_58' title='bbox 866 2194 904 2254; x_wconf 87' lang='lat' dir='ltr'><strong>et</strong></span> <span class='ocrx_word' id='word_1_59' title='bbox 923 2175 1126 2283; x_wconf 87' lang='lat' dir='ltr'><strong>diligenter</strong></span> <span class='ocrx_word' id='word_1_60' title='bbox 1135 2174 1356 2266; x_wconf 80' lang='lat' dir='ltr'><strong>examinata,</strong></span> <span class='ocrx_word' id='word_1_61' title='bbox 1367 2200 1436 2280; x_wconf 90' lang='lat' dir='ltr'><strong>per</strong></span> <span class='ocrx_word' id='word_1_62' title='bbox 1446 2171 1547 2250; x_wconf 91' lang='lat' dir='ltr'><strong>curie</strong></span> <span class='ocrx_word' id='word_1_63' title='bbox 1568 2190 1695 2250; x_wconf 88' lang='lat' dir='ltr'><strong>nostre</strong></span> <span class='ocrx_word' id='word_1_64' title='bbox 1710 2173 1917 2280; x_wconf 87' lang='lat' dir='ltr'><strong>judicium,</strong></span> <span class='ocrx_word' id='word_1_65' title='bbox 1935 2171 2025 2251; x_wconf 90' lang='lat' dir='ltr'><strong>dicti</strong></span> <span class='ocrx_word' id='word_1_66' title='bbox 2040 2171 2185 2264; x_wconf 81' lang='lat' dir='ltr'><strong>tratres,</strong></span> <span class='ocrx_word' id='word_1_67' title='bbox 2201 2175 2284 2282; x_wconf 89' lang='lat' dir='ltr'><strong>qui-</strong></span> 
     </span>
     <span class='ocr_line' id='line_1_9' title="bbox 867 2303 2283 2414; baseline 0.001 -31"><span class='ocrx_word' id='word_1_68' title='bbox 867 2307 961 2386; x_wconf 82' lang='lat' dir='ltr'>libet</span> <span class='ocrx_word' id='word_1_69' title='bbox 980 2335 1130 2396; x_wconf 89' lang='lat' dir='ltr'><strong>eorum,</strong></span> <span class='ocrx_word' id='word_1_70' title='bbox 1151 2306 1192 2382; x_wconf 90' lang='lat' dir='ltr'><strong>in</strong></span> <span class='ocrx_word' id='word_1_71' title='bbox 1213 2305 1483 2414; x_wconf 72' lang='lat' dir='ltr'><strong>quinquaginta</strong></span> <span class='ocrx_word' id='word_1_72' title='bbox 1502 2303 1609 2382; x_wconf 89' lang='lat' dir='ltr'><strong>libris</strong></span> <span class='ocrx_word' id='word_1_73' title='bbox 1622 2304 1928 2398; x_wconf 85' lang='lat' dir='ltr'><strong>Turonensibus,</strong></span> <span class='ocrx_word' id='word_1_74' title='bbox 1946 2334 2015 2414; x_wconf 93' lang='lat' dir='ltr'><strong>pro</strong></span> <span class='ocrx_word' id='word_1_75' title='bbox 2035 2306 2193 2404; x_wconf 85' lang='lat' dir='ltr'><strong>emenda</strong></span> <span class='ocrx_word' id='word_1_76' title='bbox 2213 2305 2283 2384; x_wconf 87' lang='lat' dir='ltr'><strong>do·</strong></span> 
     </span>
     <span class='ocr_line' id='line_1_10' title="bbox 867 2435 1570 2545; baseline -0.003 -31"><span class='ocrx_word' id='word_1_77' title='bbox 867 2440 972 2517; x_wconf 86' lang='lat' dir='ltr'><strong>mino</strong></span> <span class='ocrx_word' id='word_1_78' title='bbox 991 2438 1098 2545; x_wconf 83' lang='lat' dir='ltr'><strong>Regi,</strong></span> <span class='ocrx_word' id='word_1_79' title='bbox 1117 2436 1385 2544; x_wconf 83' lang='lat' dir='ltr'><strong>condempnati</strong></span> <span class='ocrx_word' id='word_1_80' title='bbox 1404 2435 1570 2512; x_wconf 81' lang='lat' dir='ltr'><strong>fiterunt.</strong></span> 
     </span>
    </p>

    <p class='ocr_par' dir='ltr' id='par_1_4' title="bbox 922 2567 1380 2673">
     <span class='ocr_line' id='line_1_11' title="bbox 922 2567 1380 2673; baseline -0.009 -27"><span class='ocrx_word' id='word_1_81' title='bbox 922 2571 1029 2646; x_wconf 89' lang='lat' dir='ltr'><strong>Lune</strong></span> <span class='ocrx_word' id='word_1_82' title='bbox 1047 2584 1133 2673; x_wconf 80' lang='lat' dir='ltr'><strong>post</strong></span> <span class='ocrx_word' id='word_1_83' title='bbox 1151 2567 1380 2645; x_wconf 87' lang='lat' dir='ltr'><strong>Brandones.</strong></span> 
     </span>
    </p>

    <p class='ocr_par' dir='ltr' id='par_1_5' title="bbox 922 2697 1383 2801">
     <span class='ocr_line' id='line_1_12' title="bbox 922 2697 1383 2801; baseline -0.009 -25"><span class='ocrx_word' id='word_1_84' title='bbox 922 2697 1154 2776; x_wconf 82' lang='lat' dir='ltr'><strong>Cortelreuse</strong></span> <span class='ocrx_word' id='word_1_85' title='bbox 1174 2697 1383 2801; x_wconf 79' lang='lat' dir='ltr'><strong>reportavit.</strong></span> 
     </span>
    </p>
   </div>
   <div class='ocr_carea' id='block_1_4' title="bbox 865 2957 2289 3586">
    <p class='ocr_par' dir='ltr' id='par_1_6' title="bbox 865 2957 2289 3586">
     <span class='ocr_line' id='line_1_13' title="bbox 920 2957 2288 3064; baseline 0.002 -29"><span class='ocrx_word' id='word_1_86' title='bbox 920 2957 1110 3038; x_wconf 81' lang='lat' dir='ltr'><strong>XXXVIII.</strong></span> <span class='ocrx_word' id='word_1_87' title='bbox 1140 2957 1263 3063; x_wconf 84' lang='lat' dir='ltr'>Super</span> <span class='ocrx_word' id='word_1_88' title='bbox 1274 2959 1433 3064; x_wconf 91' lang='lat' dir='ltr'><strong>eoquod</strong></span> <span class='ocrx_word' id='word_1_89' title='bbox 1447 2957 1603 3064; x_wconf 82' lang='lat' dir='ltr'><strong>quidem</strong></span> <span class='ocrx_word' id='word_1_90' title='bbox 1621 2960 1788 3037; x_wconf 89' lang='lat' dir='ltr'><strong>canonici</strong></span> <span class='ocrx_word' id='word_1_91' title='bbox 1806 2960 2150 3039; x_wconf 87' lang='lat' dir='ltr'><strong>Sancti-Frontonis</strong></span> <span class='ocrx_word' id='word_1_92' title='bbox 2166 2963 2288 3040; x_wconf 84' lang='lat' dir='ltr'><strong>Petra·-</strong></span> 
     </span>
     <span class='ocr_line' id='line_1_14' title="bbox 865 3087 2289 3199; baseline 0.003 -35"><span class='ocrx_word' id='word_1_93' title='bbox 865 3088 1085 3197; x_wconf 74' lang='lat' dir='ltr'><strong>goricensis,</strong></span> <span class='ocrx_word' id='word_1_94' title='bbox 1102 3115 1189 3165; x_wconf 93' lang='lat' dir='ltr'><strong>cum</strong></span> <span class='ocrx_word' id='word_1_95' title='bbox 1202 3087 1431 3193; x_wconf 89' lang='lat' dir='ltr'><strong>quibusdam</strong></span> <span class='ocrx_word' id='word_1_96' title='bbox 1443 3087 1544 3181; x_wconf 82' lang='lat' dir='ltr'><strong>aliis,</strong></span> <span class='ocrx_word' id='word_1_97' title='bbox 1561 3088 1746 3168; x_wconf 89' lang='lat' dir='ltr'><strong>violenter</strong></span> <span class='ocrx_word' id='word_1_98' title='bbox 1761 3108 1901 3168; x_wconf 89' lang='lat' dir='ltr'><strong>etcum</strong></span> <span class='ocrx_word' id='word_1_99' title='bbox 1917 3107 2146 3173; x_wconf 83' lang='lat' dir='ltr'><strong>armatorum</strong></span> <span class='ocrx_word' id='word_1_100' title='bbox 2163 3109 2200 3170; x_wconf 88' lang='lat' dir='ltr'><strong>et</strong></span> <span class='ocrx_word' id='word_1_101' title='bbox 2214 3092 2289 3199; x_wconf 86' lang='lat' dir='ltr'><strong>lay-</strong></span> 
     </span>
     <span class='ocr_line' id='line_1_15' title="bbox 867 3215 2284 3329; baseline 0.001 -33"><span class='ocrx_word' id='word_1_102' title='bbox 867 3246 997 3296; x_wconf 82' lang='lat' dir='ltr'><strong>corum</strong></span> <span class='ocrx_word' id='word_1_103' title='bbox 1016 3215 1207 3323; x_wconf 71' lang='lat' dir='ltr'><strong>potensin,</strong></span> <span class='ocrx_word' id='word_1_104' title='bbox 1229 3245 1270 3294; x_wconf 86' lang='lat' dir='ltr'><strong>ac</strong></span> <span class='ocrx_word' id='word_1_105' title='bbox 1294 3235 1421 3295; x_wconf 81' lang='lat' dir='ltr'><strong>contra</strong></span> <span class='ocrx_word' id='word_1_106' title='bbox 1446 3218 1749 3325; x_wconf 85' lang='lat' dir='ltr'><strong>prohibicionem</strong></span> <span class='ocrx_word' id='word_1_107' title='bbox 1774 3221 1967 3299; x_wconf 86' lang='lat' dir='ltr'><strong>servientis</strong></span> <span class='ocrx_word' id='word_1_108' title='bbox 1992 3219 2138 3298; x_wconf 89' lang='lat' dir='ltr'><strong>domini</strong></span> <span class='ocrx_word' id='word_1_109' title='bbox 2158 3222 2284 3329; x_wconf 85' lang='lat' dir='ltr'><strong>Regis,</strong></span> 
     </span>
     <span class='ocr_line' id='line_1_16' title="bbox 868 3347 2285 3429; baseline 0.004 -6"><span class='ocrx_word' id='word_1_110' title='bbox 868 3348 916 3425; x_wconf 86' lang='lat' dir='ltr'><strong>ad</strong></span> <span class='ocrx_word' id='word_1_111' title='bbox 937 3347 1226 3426; x_wconf 88' lang='lat' dir='ltr'><strong>custodiendum</strong></span> <span class='ocrx_word' id='word_1_112' title='bbox 1244 3366 1417 3426; x_wconf 88' lang='lat' dir='ltr'><strong>curatum</strong></span> <span class='ocrx_word' id='word_1_113' title='bbox 1431 3349 1586 3428; x_wconf 88' lang='lat' dir='ltr'><strong>ecclesie</strong></span> <span class='ocrx_word' id='word_1_114' title='bbox 1603 3350 1886 3429; x_wconf 75' lang='lat' dir='ltr'><strong>Sancti-ciliani</strong></span> <span class='ocrx_word' id='word_1_115' title='bbox 1900 3351 1939 3426; x_wconf 90' lang='lat' dir='ltr'><strong>in</strong></span> <span class='ocrx_word' id='word_1_116' title='bbox 1958 3349 2090 3428; x_wconf 78' lang='lat' dir='ltr'><strong>saisina</strong></span> <span class='ocrx_word' id='word_1_117' title='bbox 2105 3377 2170 3427; x_wconf 87' lang='lat' dir='ltr'><strong>sua</strong></span> <span class='ocrx_word' id='word_1_118' title='bbox 2185 3349 2285 3428; x_wconf 87' lang='lat' dir='ltr'><strong>dicte</strong></span> 
     </span>
     <span class='ocr_line' id='line_1_17' title="bbox 870 3476 2281 3586; baseline 0.002 -31"><span class='ocrx_word' id='word_1_119' title='bbox 870 3478 1025 3556; x_wconf 87' lang='lat' dir='ltr'><strong>ecclesie</strong></span> <span class='ocrx_word' id='word_1_120' title='bbox 1037 3477 1110 3555; x_wconf 88' lang='lat' dir='ltr'><strong>sibi</strong></span> <span class='ocrx_word' id='word_1_121' title='bbox 1123 3476 1309 3585; x_wconf 83' lang='lat' dir='ltr'><strong>deputati,</strong></span> <span class='ocrx_word' id='word_1_122' title='bbox 1327 3480 1491 3557; x_wconf 88' lang='lat' dir='ltr'><strong>eundem</strong></span> <span class='ocrx_word' id='word_1_123' title='bbox 1505 3499 1675 3559; x_wconf 90' lang='lat' dir='ltr'><strong>curatum</strong></span> <span class='ocrx_word' id='word_1_124' title='bbox 1692 3479 1795 3573; x_wconf 90' lang='lat' dir='ltr'><strong>inde,</strong></span> <span class='ocrx_word' id='word_1_125' title='bbox 1817 3497 1860 3558; x_wconf 91' lang='lat' dir='ltr'><strong>ut</strong></span> <span class='ocrx_word' id='word_1_126' title='bbox 1873 3480 2020 3568; x_wconf 88' lang='lat' dir='ltr'><strong>dicitur,</strong></span> <span class='ocrx_word' id='word_1_127' title='bbox 2039 3478 2281 3586; x_wconf 80' lang='lat' dir='ltr'><strong>expulertmt,</strong></span> 
     </span>
    </p>
   </div>
   <div class='ocr_carea' id='block_1_5' title="bbox 725 3608 2348 5540">
    <p class='ocr_par' dir='ltr' id='par_1_7' title="bbox 725 3608 2348 5540">
     <span class='ocr_line' id='line_1_18' title="bbox 870 3608 2285 3720; baseline 0.001 -36"><span class='ocrx_word' id='word_1_128' title='bbox 870 3611 1057 3715; x_wconf 86' lang='lat' dir='ltr'><strong>inquesta,</strong></span> <span class='ocrx_word' id='word_1_129' title='bbox 1073 3610 1121 3686; x_wconf 92' lang='lat' dir='ltr'><strong>de</strong></span> <span class='ocrx_word' id='word_1_130' title='bbox 1138 3608 1314 3688; x_wconf 84' lang='lat' dir='ltr'><strong>mandato</strong></span> <span class='ocrx_word' id='word_1_131' title='bbox 1335 3610 1527 3688; x_wconf 80' lang='lat' dir='ltr'><strong>senescalli</strong></span> <span class='ocrx_word' id='word_1_132' title='bbox 1547 3611 1873 3720; x_wconf 88' lang='lat' dir='ltr'><strong>Petragoricensis‚</strong></span> <span class='ocrx_word' id='word_1_133' title='bbox 1889 3639 1957 3718; x_wconf 89' lang='lat' dir='ltr'><strong>per</strong></span> <span class='ocrx_word' id='word_1_134' title='bbox 1976 3609 2057 3717; x_wconf 87' lang='lat' dir='ltr'><strong>ejus</strong></span> <span class='ocrx_word' id='word_1_135' title='bbox 2070 3611 2285 3690; x_wconf 76' lang='lat' dir='ltr'><strong>commissa-</strong></span> 
     </span>
     <span class='ocr_line' id='line_1_19' title="bbox 869 3738 2285 3850; baseline 0.001 -32"><span class='ocrx_word' id='word_1_136' title='bbox 869 3741 959 3829; x_wconf 88' lang='lat' dir='ltr'><strong>rios,</strong></span> <span class='ocrx_word' id='word_1_137' title='bbox 976 3738 1085 3829; x_wconf 83' lang='lat' dir='ltr'><strong>Iacts,</strong></span> <span class='ocrx_word' id='word_1_138' title='bbox 1098 3740 1175 3816; x_wconf 84' lang='lat' dir='ltr'><strong>visa</strong></span> <span class='ocrx_word' id='word_1_139' title='bbox 1190 3758 1228 3818; x_wconf 91' lang='lat' dir='ltr'><strong>et</strong></span> <span class='ocrx_word' id='word_1_140' title='bbox 1241 3741 1441 3850; x_wconf 84' lang='lat' dir='ltr'><strong>diligenter</strong></span> <span class='ocrx_word' id='word_1_141' title='bbox 1457 3743 1676 3834; x_wconf 86' lang='lat' dir='ltr'><strong>examinata,</strong></span> <span class='ocrx_word' id='word_1_142' title='bbox 1694 3743 1781 3850; x_wconf 85' lang='lat' dir='ltr'><strong>quia</strong></span> <span class='ocrx_word' id='word_1_143' title='bbox 1795 3743 1989 3819; x_wconf 78' lang='lat' dir='ltr'><strong>Inventum</strong></span> <span class='ocrx_word' id='word_1_144' title='bbox 2002 3755 2058 3820; x_wconf 86' lang='lat' dir='ltr'><strong>est</strong></span> <span class='ocrx_word' id='word_1_145' title='bbox 2069 3740 2175 3848; x_wconf 92' lang='lat' dir='ltr'><strong>quod</strong></span> <span class='ocrx_word' id='word_1_146' title='bbox 2187 3739 2285 3819; x_wconf 83' lang='lat' dir='ltr'><strong>dicta</strong></span> 
     </span>
     <span class='ocr_line' id='line_1_20' title="bbox 868 3869 2287 3978; baseline 0 -32"><span class='ocrx_word' id='word_1_147' title='bbox 868 3869 1140 3975; x_wconf 80' lang='lat' dir='ltr'><strong>inquestalacta</strong></span> <span class='ocrx_word' id='word_1_148' title='bbox 1150 3869 1578 3977; x_wconf 80' lang='lat' dir='ltr'><strong>luitpostreeusaciones</strong></span> <span class='ocrx_word' id='word_1_149' title='bbox 1589 3872 1832 3962; x_wconf 85' lang='lat' dir='ltr'><strong>sufficientes,</strong></span> <span class='ocrx_word' id='word_1_150' title='bbox 1843 3873 1872 3950; x_wconf 87' lang='lat' dir='ltr'><strong>si</strong></span> <span class='ocrx_word' id='word_1_151' title='bbox 1886 3871 2146 3978; x_wconf 82' lang='lat' dir='ltr'><strong>probarentur,</strong></span> <span class='ocrx_word' id='word_1_152' title='bbox 2160 3887 2287 3949; x_wconf 85' lang='lat' dir='ltr'><strong>contra</strong></span> 
     </span>
     <span class='ocr_line' id='line_1_21' title="bbox 869 4001 2288 4112; baseline 0.001 -35"><span class='ocrx_word' id='word_1_153' title='bbox 869 4001 990 4083; x_wconf 77' lang='lat' dir='ltr'><strong>dictos</strong></span> <span class='ocrx_word' id='word_1_154' title='bbox 1009 4002 1282 4082; x_wconf 86' lang='lat' dir='ltr'><strong>commissarios</strong></span> <span class='ocrx_word' id='word_1_155' title='bbox 1300 4005 1525 4111; x_wconf 82' lang='lat' dir='ltr'><strong>propositas,</strong></span> <span class='ocrx_word' id='word_1_156' title='bbox 1547 4020 1586 4082; x_wconf 84' lang='lat' dir='ltr'><strong>nt</strong></span> <span class='ocrx_word' id='word_1_157' title='bbox 1604 4020 1690 4111; x_wconf 88' lang='lat' dir='ltr'><strong>post</strong></span> <span class='ocrx_word' id='word_1_158' title='bbox 1708 4001 2001 4112; x_wconf 87' lang='lat' dir='ltr'><strong>appellaeionem</strong></span> <span class='ocrx_word' id='word_1_159' title='bbox 2022 4001 2206 4112; x_wconf 84' lang='lat' dir='ltr'><strong>legittime</strong></span> <span class='ocrx_word' id='word_1_160' title='bbox 2226 4031 2288 4079; x_wconf 90' lang='lat' dir='ltr'><strong>su-</strong></span> 
     </span>
     <span class='ocr_line' id='line_1_22' title="bbox 868 4130 2287 4240; baseline -0.003 -29"><span class='ocrx_word' id='word_1_161' title='bbox 868 4158 936 4235; x_wconf 71' lang='lat' dir='ltr'><strong>per</strong></span> <span class='ocrx_word' id='word_1_162' title='bbox 960 4130 1032 4211; x_wconf 91' lang='lat' dir='ltr'><strong>hoc</strong></span> <span class='ocrx_word' id='word_1_163' title='bbox 1053 4131 1333 4239; x_wconf 83' lang='lat' dir='ltr'><strong>interpositam,</strong></span> <span class='ocrx_word' id='word_1_164' title='bbox 1355 4135 1458 4212; x_wconf 89' lang='lat' dir='ltr'><strong>curia</strong></span> <span class='ocrx_word' id='word_1_165' title='bbox 1482 4149 1608 4214; x_wconf 89' lang='lat' dir='ltr'><strong>nostra</strong></span> <span class='ocrx_word' id='word_1_166' title='bbox 1633 4135 1771 4212; x_wconf 80' lang='lat' dir='ltr'><strong>distem</strong></span> <span class='ocrx_word' id='word_1_167' title='bbox 1795 4131 1973 4212; x_wconf 78' lang='lat' dir='ltr'><strong>enullavit</strong></span> <span class='ocrx_word' id='word_1_168' title='bbox 1997 4135 2227 4240; x_wconf 82' lang='lat' dir='ltr'><strong>inquestnm,</strong></span> <span class='ocrx_word' id='word_1_169' title='bbox 2250 4147 2287 4208; x_wconf 90' lang='lat' dir='ltr'><strong>et</strong></span> 
     </span>
     <span class='ocr_line' id='line_1_23' title="bbox 768 4254 2282 4373; baseline -0.003 -31"><span class='ocrx_word' id='word_1_170' title='bbox 768 4254 772 4260; x_wconf 62' lang='grc'>’</span> <span class='ocrx_word' id='word_1_171' title='bbox 868 4263 1037 4369; x_wconf 84' lang='lat' dir='ltr'><strong>precepit</strong></span> <span class='ocrx_word' id='word_1_172' title='bbox 1047 4264 1160 4370; x_wconf 83' lang='lat' dir='ltr'><strong>quod</strong></span> <span class='ocrx_word' id='word_1_173' title='bbox 1180 4265 1277 4344; x_wconf 88' lang='lat' dir='ltr'><strong>dicta</strong></span> <span class='ocrx_word' id='word_1_174' title='bbox 1296 4267 1467 4373; x_wconf 86' lang='lat' dir='ltr'><strong>inquesta</strong></span> <span class='ocrx_word' id='word_1_175' title='bbox 1486 4266 1700 4344; x_wconf 84' lang='lat' dir='ltr'><strong>remittatur</strong></span> <span class='ocrx_word' id='word_1_176' title='bbox 1719 4264 1767 4342; x_wconf 91' lang='lat' dir='ltr'><strong>ad</strong></span> <span class='ocrx_word' id='word_1_177' title='bbox 1787 4263 2033 4343; x_wconf 81' lang='lat' dir='ltr'><strong>senescallum</strong></span> <span class='ocrx_word' id='word_1_178' title='bbox 2054 4263 2282 4369; x_wconf 88' lang='lat' dir='ltr'><strong>predictum,</strong></span> 
     </span>
     <span class='ocr_line' id='line_1_24' title="bbox 848 4377 2286 4504; baseline 0 -35"><span class='ocrx_word' id='word_1_179' title='bbox 848 4492 853 4502; x_wconf 18' lang='grc' dir='ltr'><em>ὓ</em></span> <span class='ocrx_word' id='word_1_180' title='bbox 869 4409 929 4479; x_wconf 90' lang='lat' dir='ltr'><strong>ut,</strong></span> <span class='ocrx_word' id='word_1_181' title='bbox 945 4421 1014 4499; x_wconf 87' lang='lat' dir='ltr'><strong>per</strong></span> <span class='ocrx_word' id='word_1_182' title='bbox 1031 4422 1073 4472; x_wconf 85' lang='lat' dir='ltr'><strong>se</strong></span> <span class='ocrx_word' id='word_1_183' title='bbox 1085 4393 1144 4472; x_wconf 83' lang='lat' dir='ltr'><strong>vel</strong></span> <span class='ocrx_word' id='word_1_184' title='bbox 1159 4424 1229 4502; x_wconf 84' lang='lat' dir='ltr'><strong>per</strong></span> <span class='ocrx_word' id='word_1_185' title='bbox 1245 4396 1339 4474; x_wconf 85' lang='lat' dir='ltr'><strong>alios</strong></span> <span class='ocrx_word' id='word_1_186' title='bbox 1352 4397 1521 4504; x_wconf 83' lang='lat' dir='ltr'><strong>ydoneos</strong></span> <span class='ocrx_word' id='word_1_187' title='bbox 1537 4394 1704 4504; x_wconf 90' lang='lat' dir='ltr'><strong>partibus</strong></span> <span class='ocrx_word' id='word_1_188' title='bbox 1724 4423 1801 4471; x_wconf 91' lang='lat' dir='ltr'><strong>non</strong></span> <span class='ocrx_word' id='word_1_189' title='bbox 1820 4410 2028 4501; x_wconf 85' lang='lat' dir='ltr'><strong>suspectos,</strong></span> <span class='ocrx_word' id='word_1_190' title='bbox 2047 4393 2185 4472; x_wconf 84' lang='lat' dir='ltr'><strong>vocatis</strong></span> <span class='ocrx_word' id='word_1_191' title='bbox 2199 4377 2286 4499; x_wconf 90' lang='lat' dir='ltr'><strong>pro-</strong></span> 
     </span>
     <span class='ocr_line' id='line_1_25' title="bbox 871 4523 2286 4639; baseline 0 -40"><span class='ocrx_word' id='word_1_192' title='bbox 871 4539 1039 4639; x_wconf 78' lang='lat' dir='ltr'><strong>curatore</strong></span> <span class='ocrx_word' id='word_1_193' title='bbox 1057 4542 1187 4604; x_wconf 86' lang='lat' dir='ltr'><strong>nostro</strong></span> <span class='ocrx_word' id='word_1_194' title='bbox 1206 4545 1246 4606; x_wconf 90' lang='lat' dir='ltr'><strong>et</strong></span> <span class='ocrx_word' id='word_1_195' title='bbox 1265 4527 1347 4604; x_wconf 82' lang='lat' dir='ltr'><strong>aliis</strong></span> <span class='ocrx_word' id='word_1_196' title='bbox 1365 4527 1432 4635; x_wconf 89' lang='lat' dir='ltr'><strong>qui</strong></span> <span class='ocrx_word' id='word_1_197' title='bbox 1451 4526 1592 4605; x_wconf 82' lang='lat' dir='ltr'><strong>luerint</strong></span> <span class='ocrx_word' id='word_1_198' title='bbox 1611 4524 1804 4617; x_wconf 79' lang='lat' dir='ltr'><strong>evocandi,</strong></span> <span class='ocrx_word' id='word_1_199' title='bbox 1817 4553 1929 4632; x_wconf 86' lang='lat' dir='ltr'><strong>super</strong></span> <span class='ocrx_word' id='word_1_200' title='bbox 1943 4523 2121 4631; x_wconf 87' lang='lat' dir='ltr'><strong>predictis</strong></span> <span class='ocrx_word' id='word_1_201' title='bbox 2132 4523 2286 4600; x_wconf 83' lang='lat' dir='ltr'><strong>excessi-</strong></span> 
     </span>
     <span class='ocr_line' id='line_1_26' title="bbox 868 4652 2348 4765; baseline 0.001 -37"><span class='ocrx_word' id='word_1_202' title='bbox 868 4652 940 4733; x_wconf 80' lang='lat' dir='ltr'><strong>bus</strong></span> <span class='ocrx_word' id='word_1_203' title='bbox 955 4670 992 4732; x_wconf 87' lang='lat' dir='ltr'><strong>et</strong></span> <span class='ocrx_word' id='word_1_204' title='bbox 1006 4654 1213 4747; x_wconf 77' lang='lat' dir='ltr'><strong>violenciis,</strong></span> <span class='ocrx_word' id='word_1_205' title='bbox 1223 4675 1408 4765; x_wconf 84' lang='lat' dir='ltr'><strong>quantum</strong></span> <span class='ocrx_word' id='word_1_206' title='bbox 1423 4658 1471 4736; x_wconf 85' lang='lat' dir='ltr'><strong>ad</strong></span> <span class='ocrx_word' id='word_1_207' title='bbox 1483 4659 1624 4736; x_wconf 82' lang='lat' dir='ltr'><strong>curiam</strong></span> <span class='ocrx_word' id='word_1_208' title='bbox 1640 4675 1806 4736; x_wconf 83' lang='lat' dir='ltr'><strong>nostram</strong></span> <span class='ocrx_word' id='word_1_209' title='bbox 1820 4656 2001 4762; x_wconf 89' lang='lat' dir='ltr'><strong>pertinet,</strong></span> <span class='ocrx_word' id='word_1_210' title='bbox 2013 4655 2062 4732; x_wconf 85' lang='lat' dir='ltr'><strong>ad</strong></span> <span class='ocrx_word' id='word_1_211' title='bbox 2075 4654 2190 4731; x_wconf 87' lang='lat' dir='ltr'><strong>finem</strong></span> <span class='ocrx_word' id='word_1_212' title='bbox 2201 4655 2287 4730; x_wconf 91' lang='lat' dir='ltr'><strong>red·</strong></span> <span class='ocrx_word' id='word_1_213' title='bbox 2341 4749 2348 4764; x_wconf 28' lang='grc' dir='ltr'>υ</span> 
     </span>
     <span class='ocr_line' id='line_1_27' title="bbox 725 4784 2288 4896; baseline -0.001 -35"><span class='ocrx_word' id='word_1_214' title='bbox 725 4842 728 4849; x_wconf 77' lang='lat'><em>-</em></span> <span class='ocrx_word' id='word_1_215' title='bbox 869 4784 984 4864; x_wconf 86' lang='lat' dir='ltr'><strong>dendi</strong></span> <span class='ocrx_word' id='word_1_216' title='bbox 1010 4788 1105 4893; x_wconf 81' lang='lat' dir='ltr'><strong>perti</strong></span> <span class='ocrx_word' id='word_1_217' title='bbox 1124 4787 1286 4896; x_wconf 81' lang='lat' dir='ltr'><strong>dampna</strong></span> <span class='ocrx_word' id='word_1_218' title='bbox 1310 4816 1377 4866; x_wconf 82' lang='lat' dir='ltr'><strong>sun</strong></span> <span class='ocrx_word' id='word_1_219' title='bbox 1400 4807 1438 4867; x_wconf 90' lang='lat' dir='ltr'><strong>et</strong></span> <span class='ocrx_word' id='word_1_220' title='bbox 1464 4791 1537 4867; x_wconf 89' lang='lat' dir='ltr'><strong>hoc</strong></span> <span class='ocrx_word' id='word_1_221' title='bbox 1560 4788 1788 4867; x_wconf 82' lang='lat' dir='ltr'><strong>emendandi</strong></span> <span class='ocrx_word' id='word_1_222' title='bbox 1814 4786 1971 4864; x_wconf 89' lang='lat' dir='ltr'><strong>domino</strong></span> <span class='ocrx_word' id='word_1_223' title='bbox 1995 4784 2102 4890; x_wconf 82' lang='lat' dir='ltr'><strong>Regi,</strong></span> <span class='ocrx_word' id='word_1_224' title='bbox 2122 4801 2199 4860; x_wconf 81' lang='lat' dir='ltr'><strong>tam</strong></span> <span class='ocrx_word' id='word_1_225' title='bbox 2218 4809 2288 4891; x_wconf 86' lang='lat' dir='ltr'><strong>per</strong></span> 
     </span>
     <span class='ocr_line' id='line_1_28' title="bbox 866 4915 2288 5027; baseline -0.004 -31"><span class='ocrx_word' id='word_1_226' title='bbox 866 4932 980 4996; x_wconf 80' lang='lat' dir='ltr'><strong>testes</strong></span> <span class='ocrx_word' id='word_1_227' title='bbox 997 4918 1037 4997; x_wconf 90' lang='lat' dir='ltr'><strong>in</strong></span> <span class='ocrx_word' id='word_1_228' title='bbox 1058 4915 1156 5001; x_wconf 77' lang='lat' dir='ltr'><strong>dicta</strong></span> <span class='ocrx_word' id='word_1_229' title='bbox 1169 4917 1342 5027; x_wconf 83' lang='lat' dir='ltr'><strong>inquesta</strong></span> <span class='ocrx_word' id='word_1_230' title='bbox 1353 4918 1444 4996; x_wconf 86' lang='lat' dir='ltr'><strong>alias</strong></span> <span class='ocrx_word' id='word_1_231' title='bbox 1459 4917 1681 5025; x_wconf 89' lang='lat' dir='ltr'><strong>productos,</strong></span> <span class='ocrx_word' id='word_1_232' title='bbox 1699 4945 1813 5025; x_wconf 85' lang='lat' dir='ltr'><strong>quam</strong></span> <span class='ocrx_word' id='word_1_233' title='bbox 1830 4945 1899 5024; x_wconf 91' lang='lat' dir='ltr'><strong>per</strong></span> <span class='ocrx_word' id='word_1_234' title='bbox 1914 4915 2007 4994; x_wconf 88' lang='lat' dir='ltr'><strong>alios</strong></span> <span class='ocrx_word' id='word_1_235' title='bbox 2021 4915 2207 5023; x_wconf 84' lang='lat' dir='ltr'><strong>ydoneos,</strong></span> <span class='ocrx_word' id='word_1_236' title='bbox 2227 4941 2288 4990; x_wconf 87' lang='lat' dir='ltr'><strong>ve-</strong></span> 
     </span>
     <span class='ocr_line' id='line_1_29' title="bbox 866 5043 2288 5156; baseline 0 -36"><span class='ocrx_word' id='word_1_237' title='bbox 866 5045 1015 5126; x_wconf 72' lang='lat' dir='ltr'><strong>ritatem</strong></span> <span class='ocrx_word' id='word_1_238' title='bbox 1040 5045 1242 5156; x_wconf 80' lang='lat' dir='ltr'><strong>diligenter</strong></span> <span class='ocrx_word' id='word_1_239' title='bbox 1259 5047 1444 5156; x_wconf 87' lang='lat' dir='ltr'><strong>inquirat,</strong></span> <span class='ocrx_word' id='word_1_240' title='bbox 1468 5067 1506 5126; x_wconf 90' lang='lat' dir='ltr'><strong>et</strong></span> <span class='ocrx_word' id='word_1_241' title='bbox 1525 5049 1736 5155; x_wconf 86' lang='lat' dir='ltr'><strong>inquestam</strong></span> <span class='ocrx_word' id='word_1_242' title='bbox 1758 5045 1978 5155; x_wconf 90' lang='lat' dir='ltr'><strong>hujusmodi</strong></span> <span class='ocrx_word' id='word_1_243' title='bbox 1998 5043 2046 5120; x_wconf 80' lang='lat' dir='ltr'><strong>nd</strong></span> <span class='ocrx_word' id='word_1_244' title='bbox 2066 5044 2208 5122; x_wconf 86' lang='lat' dir='ltr'><strong>curiam</strong></span> <span class='ocrx_word' id='word_1_245' title='bbox 2227 5069 2288 5120; x_wconf 86' lang='lat' dir='ltr'><strong>re-</strong></span> 
     </span>
     <span class='ocr_line' id='line_1_30' title="bbox 868 5173 2285 5287; baseline -0.001 -37"><span class='ocrx_word' id='word_1_246' title='bbox 868 5173 993 5252; x_wconf 84' lang='lat' dir='ltr'><strong>mittat</strong></span> <span class='ocrx_word' id='word_1_247' title='bbox 1011 5177 1235 5285; x_wconf 87' lang='lat' dir='ltr'><strong>completam</strong></span> <span class='ocrx_word' id='word_1_248' title='bbox 1253 5179 1302 5257; x_wconf 84' lang='lat' dir='ltr'><strong>ad</strong></span> <span class='ocrx_word' id='word_1_249' title='bbox 1318 5179 1532 5286; x_wconf 82' lang='lat' dir='ltr'><strong>proximum</strong></span> <span class='ocrx_word' id='word_1_250' title='bbox 1550 5179 1841 5287; x_wconf 83' lang='lat' dir='ltr'><strong>parlamentum,</strong></span> <span class='ocrx_word' id='word_1_251' title='bbox 1861 5194 1898 5254; x_wconf 92' lang='lat' dir='ltr'><strong>et</strong></span> <span class='ocrx_word' id='word_1_252' title='bbox 1916 5176 1966 5253; x_wconf 89' lang='lat' dir='ltr'><strong>ad</strong></span> <span class='ocrx_word' id='word_1_253' title='bbox 1979 5174 2183 5256; x_wconf 88' lang='lat' dir='ltr'><strong>videndum</strong></span> <span class='ocrx_word' id='word_1_254' title='bbox 2203 5199 2285 5250; x_wconf 83' lang='lat' dir='ltr'><strong>eam</strong></span> 
     </span>
     <span class='ocr_line' id='line_1_31' title="bbox 861 5301 2289 5417; baseline -0.003 -36"><span class='ocrx_word' id='word_1_255' title='bbox 861 5302 1040 5411; x_wconf 79' lang='lat' dir='ltr'><strong>judicari,</strong></span> <span class='ocrx_word' id='word_1_256' title='bbox 1063 5325 1245 5414; x_wconf 75' lang='lat' dir='ltr'><strong>quanmm</strong></span> <span class='ocrx_word' id='word_1_257' title='bbox 1266 5309 1316 5386; x_wconf 79' lang='lat' dir='ltr'><strong>nd</strong></span> <span class='ocrx_word' id='word_1_258' title='bbox 1334 5309 1475 5388; x_wconf 88' lang='lat' dir='ltr'><strong>curiam</strong></span> <span class='ocrx_word' id='word_1_259' title='bbox 1493 5327 1659 5388; x_wconf 77' lang='lat' dir='ltr'><strong>nostram</strong></span> <span class='ocrx_word' id='word_1_260' title='bbox 1679 5308 1859 5417; x_wconf 85' lang='lat' dir='ltr'><strong>pertinet,</strong></span> <span class='ocrx_word' id='word_1_261' title='bbox 1882 5306 1983 5384; x_wconf 91' lang='lat' dir='ltr'><strong>diem</strong></span> <span class='ocrx_word' id='word_1_262' title='bbox 2013 5303 2179 5412; x_wconf 81' lang='lat' dir='ltr'><strong>partibus</strong></span> <span class='ocrx_word' id='word_1_263' title='bbox 2202 5301 2289 5379; x_wconf 90' lang='lat' dir='ltr'><strong>assi·</strong></span> 
     </span>
     <span class='ocr_line' id='line_1_32' title="bbox 866 5434 1873 5540; baseline -0.001 -26"><span class='ocrx_word' id='word_1_264' title='bbox 866 5434 1034 5540; x_wconf 83' lang='lat' dir='ltr'><strong>gmndo‚</strong></span> <span class='ocrx_word' id='word_1_265' title='bbox 1056 5438 1161 5516; x_wconf 87' lang='lat' dir='ltr'><strong>etde</strong></span> <span class='ocrx_word' id='word_1_266' title='bbox 1181 5439 1254 5518; x_wconf 85' lang='lat' dir='ltr'><strong>hoc</strong></span> <span class='ocrx_word' id='word_1_267' title='bbox 1272 5440 1414 5517; x_wconf 87' lang='lat' dir='ltr'><strong>curiam</strong></span> <span class='ocrx_word' id='word_1_268' title='bbox 1434 5457 1599 5520; x_wconf 86' lang='lat' dir='ltr'><strong>nostram</strong></span> <span class='ocrx_word' id='word_1_269' title='bbox 1621 5436 1873 5518; x_wconf 83' lang='lat' dir='ltr'><strong>certificando.</strong></span> 
     </span>
    </p>
   </div>
   <div class='ocr_carea' id='block_1_6' title="bbox 0 0 2919 7284">
    <p class='ocr_par' dir='ltr' id='par_1_8' title="bbox 0 0 2919 7284">
     <span class='ocr_line' id='line_1_33' title="bbox 0 0 2919 7284; baseline 0 0"><span class='ocrx_word' id='word_1_270' title='bbox 0 0 2919 7284; x_wconf 95' lang='lat' dir='ltr'><strong> </strong></span> 
     </span>
    </p>
   </div>
  </div>
 </body>
</html>
