5817 7292
1005 1056 1272 1165 sacoaras
1300 1075 1362 1147 ar
1390 1058 1598 1147 esoces.
1940 1078 2011 1151 551

587 1216 766 1325 predictis
786 1214 970 1322 partibus,
995 1216 1185 1323 predictus
1208 1216 1439 1324 prepositus,
1461 1244 1531 1322 per
1551 1244 1662 1292 suum
1676 1214 1906 1322 judicatum,
1929 1248 2016 1325 pro-
2053 1224 2242 1294 hasselt.

588 1346 779 1429 nunciavit
798 1346 1003 1455 predictam
1022 1347 1224 1456 Agnetem,
1242 1364 1400 1425 matrem
1420 1346 1510 1425 dicti
1529 1344 1752 1425 Guillemini
1774 1346 2013 1439 Lestandart,
2116 1324 2180 1365 mi

586 1480 708 1559 teneri
727 1480 773 1556 ad
792 1479 1059 1589 assignandum
1071 1479 1239 1587 predicte
1254 1478 1396 1567 Aelidi,
1415 1478 1544 1557 relicte
1559 1476 1750 1586 quondam
1764 1478 1920 1557 Gelonis
1934 1480 2017 1559 Les

587 1612 736 1689 undant
748 1628 786 1689 et
799 1612 906 1688 uxori
922 1610 970 1687 ad
985 1640 1138 1719 presens
1154 1611 1244 1689 dicti
1256 1610 1452 1690 Guillelmi
1466 1610 1513 1687 de
1527 1607 1719 1697 Dsnbuel,
1736 1609 1922 1717 predictas
1937 1640 2019 1694 cen·

588 1762 670 1823 turn
689 1742 842 1820 libratas
857 1759 957 1819 terre
977 1772 1046 1821 seu
1063 1742 1238 1821 redditus
1251 1744 1507 1850 aequivalentes
1522 1744 1561 1819 in
1580 1741 1682 1821 bona
1695 1760 1733 1819 et
1752 1740 1838 1819 lorti
1852 1759 2017 1833 moneta,

588 1874 768 1952 advitam
789 1874 957 1980 predicte
977 1872 1147 1984 Agnetis,
1169 1892 1283 1983 prout
1305 1893 1342 1953 et
1363 1875 1575 1953 secundum
1591 1873 1698 1980 quod
1716 1874 1755 1950 in
1781 1873 1916 1951 litteris
1935 1904 2020 1982 pre-

588 2005 698 2083 dictis
729 2034 841 2113 super
873 2006 946 2083 hoc
983 2006 1161 2085 confectis
1190 2006 1340 2113 plenius
1376 2005 1602 2085 continetur.
1632 2006 1727 2082 Item
1754 2005 2020 2084 condemnavit

586 2136 776 2241 predictos
790 2136 1065 2215 Guilleminum
1081 2136 1302 2215 Lestandart
1317 2156 1355 2213 et
1369 2138 1570 2245 Agnctem,
1587 2136 1670 2244 ejus
1681 2153 1859 2227 matrem,
1875 2138 1924 2217 sd
1939 2140 2020 2216 red·

586 2264 754 2344 dendum
769 2268 946 2374 predictis
966 2268 1208 2377 conjugibus,
1230 2298 1298 2376 pro
1315 2270 1511 2377 arreragiis
1530 2267 1702 2361 redditus
1718 2268 1898 2375 predicti,
1920 2270 2020 2347 vide·

586 2397 684 2490 licet,
697 2427 766 2505 pro
780 2397 952 2506 quolibet
964 2426 1080 2489 anno,
1093 2418 1244 2480 centurn
1257 2398 1372 2477 libras
1382 2398 1491 2477 sortis
1503 2417 1672 2488 monete,
1683 2416 1769 2505 post
1778 2416 1928 2506 tempus
1939 2428 2017 2507 quo

585 2528 693 2606 sortis
717 2545 868 2607 moneta
889 2530 1021 2636 incipit
1041 2559 1211 2618 currere,
1233 2548 1270 2607 et
1290 2559 1358 2636 pro
1378 2548 1567 2637 tempore,
1584 2529 1690 2635 quod
1708 2528 1779 2605 suit
1800 2530 2017 2608 immediate

585 2676 852 2765 postmortem
875 2660 963 2736 dicti
984 2660 1156 2751 Gelonis,
1178 2688 1375 2768 usquequo
1399 2660 1500 2737 bona
1524 2678 1676 2736 moneta
1696 2658 1829 2765 incipit
1847 2689 2014 2746 currere,

586 2818 654 2896 pro
668 2790 735 2869 illo
748 2808 937 2897 tempore,
954 2791 1053 2869 dicta
1063 2791 1245 2899 arreragia
1258 2790 1401 2867 solvere
1418 2790 1457 2867 in
1472 2788 1590 2867 debili
1605 2788 2015 2880 monetatenebuntur3

587 2937 624 2997 et
648 2920 847 2998 declaravit
867 2922 1057 3027 predictus
1079 2923 1308 3029 prepositus,
1327 2922 1434 3029 juxta
1457 2919 1615 2998 sormam
1636 2919 1760 2997 littere
1782 2922 2013 3027 supradicte,

586 3054 691 3159 quod
707 3053 875 3159 predicte
889 3072 1043 3131 eentum
1058 3051 1193 3133 librate
1207 3070 1307 3131 terre
1323 3082 1392 3131 seu
1405 3052 1581 3131 redditos
1597 3052 1890 3161 assignabuntur
1903 3082 2018 3160 super

584 3183 694 3259 terris
710 3200 747 3262 et
764 3184 1069 3292 redditibusque
1089 3184 1212 3264 dictus
1226 3182 1339 3276 Galo,
1357 3202 1622 3289 temporeque
1638 3182 1818 3269 decessit,
1834 3183 2015 3273 habebat,

583 3313 623 3388 in
638 3330 821 3420 quantum
838 3315 973 3395 adhoc
988 3315 1160 3394 sufficere
1175 3292 1372 3422 poterunt,
1391 3332 1428 3393 et
1442 3312 1637 3392 residuum
1654 3314 1812 3419 accipiet
1825 3343 1939 3421 super
1954 3314 2018 3394 bo-

583 3442 642 3520 nis
657 3444 826 3550 predicte
840 3442 1005 3554 Agnetis,
1022 3445 1096 3523 hoc
1113 3446 1231 3524 eciam
1246 3444 1377 3523 addito
1394 3444 1512 3552 quod,
1531 3444 1573 3521 in
1591 3444 1814 3551 exequendo
1834 3445 2013 3552 predicta,

583 3573 848 3681 relinquentur
866 3575 1033 3683 predicte
1046 3574 1180 3683 Agneti
1198 3576 1246 3655 de
1268 3575 1380 3654 bonis
1399 3574 1535 3682 ipsius,
1559 3576 1606 3653 de
1626 3576 1784 3682 quibus,
1802 3576 2013 3655 secundum

582 3702 704 3808 ipsius
717 3722 833 3783 status
850 3706 1093 3812 exigenciam,
1111 3705 1311 3783 commode
1329 3704 1449 3783 valeat
1465 3706 1685 3794 sustentari;
1702 3734 1815 3811 aquo
1825 3706 2013 3811 judicato,

582 3848 762 3937 tanquam
777 3862 799 3911 a
815 3832 907 3911 salso
928 3851 966 3911 et
981 3863 1094 3939 pravo
1113 3835 1223 3914 ambe
1243 3854 1383 3941 partes,
1399 3835 1437 3910 in
1458 3844 1643 3940 quantum
1663 3850 1792 3913 contra
1808 3836 2017 3941 quamlibet

583 3961 964 4055 iaciebat,adcu1·iam
977 3980 1142 4043 nostram
1155 3962 1406 4070 appellarunt:
1419 3964 1569 4043 Auditis
1582 3963 1698 4071 igitur
1708 3964 1818 4043 dictis
1828 3966 2013 4071 pestibus,

583 4094 622 4171 in
639 4122 748 4173 cause
767 4093 1035 4203 appellacionis
1049 4093 1235 4203 predicte,
1253 4094 1406 4201 visoque
1427 4124 1604 4203 processu
1620 4095 1807 4202 predicto,
1825 4126 1893 4205 per
1911 4100 2015 4176 curie

539 4326 543 4333 ἡ
582 4244 708 4306 nostra
723 4227 929 4335 judicium,
947 4226 1090 4305 dictum
1107 4225 1178 4303 luit
1191 4226 1403 4332 predictum
1420 4228 1673 4335 prepositum,
1691 4228 1728 4304 in
1744 4229 1924 4334 predictis
1938 4258 2016 4307 om-

584 4358 698 4436 nibus
714 4360 811 4437 bene
831 4357 1040 4465 judicasse,
1063 4376 1101 4437 et
1126 4358 1310 4465 predictas
1335 4376 1460 4467 partes
1484 4358 1582 4439 male
1608 4359 1830 4466 appellasse,
1852 4378 1890 4438 et
1907 4363 2015 4467 quod

583 4488 654 4596 ipsi
674 4490 748 4567 hoc
767 4487 1034 4567 emendabunt.

639 4620 767 4699 Martis
793 4637 876 4727 post
894 4620 1240 4701 Annunciacionem
1261 4621 1502 4699 dominicam.

639 4751 810 4831 Decanus
831 4752 878 4829 do
899 4751 1065 4831 Cassello
1084 4752 1297 4857 reportavit.

634 5016 762 5125 Atti.
794 5016 893 5099 Cum
908 5016 1124 5125 prepositus
1142 5015 1428 5106 Chebleiaruur,
1448 5016 1487 5095 iu
1504 5017 1638 5097 eclesia
1654 5018 1753 5095 beati
1771 5021 1920 5099 Martini
1936 5022 1970 5099 Τ
1971 5050 2015 5100 u-

581 5147 772 5237 ronensis,
796 5148 834 5229 in
857 5164 983 5225 nostra
1002 5146 1129 5255 gardia
1146 5146 1297 5255 speciali
1320 5164 1497 5236 existens,
1516 5147 1644 5240 uobis,
1665 5152 1828 5259 graviter
1846 5180 2015 5258 conque-

582 5277 714 5367 rendo,
727 5297 973 5359 monstrasset
982 5279 1098 5387 quod,
1109 5279 1222 5359 viaria
1233 5281 1280 5357 de
1292 5278 1471 5361 Chablies
1481 5297 1517 5359 et
1528 5281 1662 5360 vicarie
1674 5282 1799 5362 officio
1812 5281 1913 5363 dicte
1925 5280 2012 5358 ville

584 5404 622 5482 in
633 5427 879 5487 manunostra
889 5386 1147 5503 existeniibue,
1159 5410 1377 5493 etAdeneto
1385 5410 1561 5501 deScnli,
1572 5411 1756 5494 serviente
1767 5406 2014 5495 nostroVille
