5817 7292
871 1090 943 1166 cdl
1448 1087 1540 1163 tes
1569 1083 1711 1162 OLIM.

643 1249 773 1304 narcara
785 1246 829 1308 tv,
870 1233 1060 1320 tulissent,
1079 1230 1247 1338 partibus
1262 1229 1440 1336 predictis
1454 1229 1713 1336 presentibus,
1731 1253 1808 1333 que
1826 1242 1950 1331 partes
1964 1223 2104 1302 dictant
2122 1255 2293 1334 pronun-

707 1338 768 1381 1500.

870 1365 1075 1444 ciacinnem
1095 1361 1321 1440 arbitrorum
1347 1360 1624 1467 predictorum,
1646 1374 1689 1436 ut
1707 1356 1915 1448 dicebatur,
1937 1355 2239 1464 approbaverunt
2256 1377 2295 1436 et

869 1494 1176 1603 emologaverunt
1193 1519 1381 1598 expresse,
1403 1508 1519 1598 prout
1537 1489 1609 1566 bec
1629 1490 1668 1566 in
1688 1489 1958 1577 instrumento,
1980 1516 2095 1596 super
2113 1489 2189 1567 hiis
2204 1515 2295 1566 con-

868 1627 983 1713 lecto,
998 1625 1096 1702 inter
1107 1639 1187 1700 acta
1202 1623 1300 1700 dicte
1313 1650 1423 1700 cause
1440 1619 1764 1727 inserto,plenius
1778 1638 1867 1698 sunt
1880 1647 2069 1726 expressa3
2081 1647 2126 1696 ac
2138 1618 2294 1697 demum

869 1757 992 1838 dictus
1003 1755 1106 1835 Otbo
1120 1769 1247 1832 nostre
1262 1752 1365 1830 curie
1380 1751 1625 1858 supplicasset
1635 1768 1680 1828 ut
1692 1749 1919 1829 scriberetur
1931 1775 1953 1827 a
1965 1751 2077 1830 nobis
2088 1749 2294 1828 senescallo

867 1886 1085 1964 Tholosano
1099 1902 1142 1962 ut
1157 1883 1298 1960 dictum
1314 1882 1537 1990 hujusmodi
1553 1881 1606 1958 sic
1617 1880 1822 1988 prolatum,
1839 1899 1911 1959 eta
1925 1880 2035 1958 dictis
2047 1881 2219 1988 partibus
2233 1867 2296 1988 ap·

868 2015 1090 2122 probatum,
1107 2013 1320 2094 execucioni
1336 2011 1464 2090 debite
1476 2011 1739 2101 demandaret,
1753 2011 1826 2089 nisi
1841 2040 1951 2090 musa
1958 2011 2198 2091 racionabilis
2209 2011 2295 2090 sub

869 2146 1017 2223 sisteret
1028 2173 1145 2252 quare
1161 2145 1235 2222 hoc
1254 2142 1375 2220 lacere
1395 2171 1475 2222 non
1486 2143 1661 2233 deberet;
1677 2141 1744 2249 qui
1761 2141 1918 2250 quidem
1930 2141 2172 2234 senescallus,
2188 2171 2293 2220 voca·

868 2277 917 2356 tis
939 2293 978 2353 et
996 2274 1300 2382 comparentibus
1320 2301 1445 2352 coram
1469 2301 1510 2350 se
1530 2271 1639 2350 dictis
1663 2273 1854 2379 partibus,
1874 2273 2039 2350 decrevit
2057 2273 2200 2350 dictum
2226 2301 2293 2354 seu

871 2406 1152 2486 ordinacionem
1172 2406 1379 2513 predictam
1397 2404 1586 2483 dictorum
1605 2404 1834 2482 arbitrorum
1853 2422 1983 2484 contra
2001 2404 2189 2492 consules,
2211 2405 2295 2482 uni-

870 2539 1081 2618 versitatem
1099 2554 1137 2614 et
1155 2536 1328 2614 homines
1348 2535 1599 2642 supradictos,
1616 2535 1758 2615 debere
1776 2537 1992 2614 execucioni
2011 2535 2197 2627 mandari,
2214 2563 2294 2643 pre·

870 2668 998 2747 sertim
1017 2697 1122 2758 cum,
1142 2697 1186 2746 er
1204 2684 1309 2775 parte
1330 2667 1519 2746 dictorum
1535 2667 1753 2758 consulum,
1769 2667 2021 2746 universitatis
2039 2685 2077 2744 et
2093 2666 2292 2746 hominum

870 2800 969 2877 dicte
982 2798 1069 2876 ville
1084 2798 1285 2890 Salvitatis,
1302 2797 1419 2876 nichil
1434 2795 1662 2878 racionabile
1677 2816 1954 2906 proponeretur
1967 2827 2094 2877 coram
2103 2825 2159 2876 eo
2180 2824 2294 2905 quare

869 2930 1091 3038 hujusmodi
1112 2929 1285 3008 erecucio
1298 2927 1380 3006 lieri
1400 2957 1478 3008 non
1492 2929 1671 3020 deberet3
1684 2959 1706 3008 a
1720 2959 1796 3037 qua
1807 2930 2129 3037 pronunciacione
2146 2957 2214 3008 seu
2230 2929 2296 3006 de·

871 3077 972 3139 creto
984 3089 1060 3170 per
1078 3061 1179 3168 ipsos
1200 3060 1389 3152 consules,
1409 3060 1690 3139 universitatem
1705 3078 1745 3139 et
1759 3061 1935 3140 homines
1949 3061 2049 3140 dicte
2069 3060 2157 3140 ville
2177 3059 2297 3138 extitit

871 3193 919 3271 ad
938 3209 1104 3271 nostram
1125 3190 1267 3272 curiam
1287 3190 1535 3297 appellatun13
1549 3208 1588 3268 et
1606 3220 1754 3270 causam
1773 3191 2039 3300 appellacionis
2057 3189 2293 3297 hujusmodi,

872 3321 920 3400 de
939 3349 1124 3400 consensu
1144 3320 1328 3402 dictarum
1343 3321 1529 3428 parcium,
1543 3322 1861 3401 commisissemus
1874 3321 2103 3400 audiendam
2116 3319 2295 3426 magistro

872 3452 1028 3558 Symoni
1054 3451 1182 3541 Suari,
1205 3452 1346 3530 cantori
1370 3452 1575 3561 Agenensi,
1597 3452 1806 3532 secuudum
1825 3452 2000 3530 articulos
2024 3452 2189 3558 ipsarum
2202 3479 2295 3558 par·

872 3582 973 3662 cium
995 3583 1098 3660 curie
1116 3599 1243 3662 nostre
1263 3612 1284 3661 a
1303 3585 1414 3662 dictis
1433 3584 1605 3691 partibus
1622 3585 1797 3672 traditos,
1817 3583 2089 3662 committendo
2108 3583 2227 3660 eciam
2246 3583 2296 3660 ei·

872 3712 961 3800 dem
976 3714 1118 3800 cantori
1133 3731 1177 3801 ut
1192 3743 1306 3822 super
1320 3715 1373 3792 eis
1393 3733 1432 3794 et
1448 3744 1491 3793 ea
1504 3715 1747 3823 tangentibus
1765 3714 1974 3823 inquireret
1991 3743 2078 3792 cum
2098 3711 2297 3822 diligencia

871 3845 1082 3935 veritatem,
1100 3863 1139 3923 et
1152 3846 1367 3955 inquestant
1378 3875 1492 3954 quam
1507 3875 1622 3956 super
1634 3847 1709 3925 biis
1721 3847 1877 3939 laceret,
1892 3863 1931 3924 et
1943 3863 2066 3924 toturn
2078 3843 2298 3952 hujusmodi

872 3978 1072 4086 negocium
1092 3976 1321 4056 sufficienter
1341 3977 1583 4084 inquisitum,
1599 3978 1651 4054 ita
1671 3980 1779 4085 quod
1796 4006 1874 4056 non
1890 3993 2047 4056 restaret
2064 3975 2137 4054 nisi
2156 3991 2300 4054 senten-

873 4108 928 4183 cia
947 4106 1118 4198 lerenda,
1135 4125 1261 4187 nostre
1282 4109 1403 4200 curie,
1423 4109 1495 4187 sub
1513 4137 1583 4187 suo
1604 4109 1738 4217 sigillo,
1756 4109 1966 4186 remitteret
1980 4106 2182 4186 inclusam:
2199 4109 2298 4184 Tan-

874 4237 977 4328 dem,
998 4240 1085 4317 visis
1104 4239 1326 4347 hujusmodi
1341 4240 1513 4348 inquesta
1528 4258 1567 4318 et
1580 4257 1661 4318 toto
1681 4268 1861 4347 processu
1876 4239 1964 4316 dicti
1982 4238 2150 4345 magistri
2169 4239 2301 4346 Symo-

874 4368 932 4448 nis
952 4397 1065 4476 super
1082 4371 1156 4449 hils
1172 4369 1294 4460 laetis,
1309 4391 1346 4449 et
1357 4373 1511 4452 attentis
1526 4372 1706 4451 omnibus
1725 4399 1802 4479 qua
1822 4371 1919 4448 circa
1935 4369 2113 4478 premissa
2133 4387 2297 4448 nostram

874 4500 1014 4578 curiam
1036 4528 1187 4583 movere
1201 4519 1373 4610 poterant
1386 4520 1424 4580 et
1438 4503 1646 4593 debebant,
1663 4531 1733 4610 per
1750 4504 1853 4582 curie
1872 4520 1998 4580 nostre
2016 4502 2208 4609 judicium·
2221 4500 2298 4578 dio·

873 4647 953 4706 tum
968 4629 1041 4712 luit
1048 4632 1239 4738 predictos
1254 4633 1438 4724 consules,
1451 4635 1733 4712 universitatem
1747 4651 1786 4712 et
1795 4634 1972 4713 homines
1983 4632 2083 4710 male
2098 4629 2297 4738 appellasse

874 4778 913 4838 et
932 4761 1076 4840 dictum
1095 4763 1339 4842 senescallum
1358 4764 1457 4844 bene
1473 4765 1680 4873 judicasse,
1702 4783 1742 4844 et
1760 4765 1904 4844 dictum
1928 4791 1997 4842 seu
2017 4763 2297 4841 ordinacionem

873 4891 1130 4996 predictorum
1139 4894 1378 4988 arbitrorum,
1387 4896 1492 5004 juxta
1500 4913 1673 4974 tenorem
1684 4895 1924 4974 instrumenti
1933 4894 2095 5002 predicti
2107 4919 2219 5000 super
2227 4893 2300 4970 bec

873 5021 1052 5114 conlecti,
1069 5024 1211 5108 debere
1229 5027 1445 5110 erecucioni
1462 5027 1694 5106 demandari.
1709 5029 1820 5118 Item,
1835 5027 1979 5105 dictum
1994 5027 2067 5104 luit
2080 5025 2188 5134 quod
2203 5051 2302 5102 arre-

873 5153 989 5261 ragia,
1007 5181 1050 5230 er
1067 5155 1246 5262 predictis
1265 5176 1475 5266 perceptas
1492 5176 1663 5266 ternpore
1684 5159 1784 5236 dicte
1801 5156 2068 5264 appellacionis
2085 5156 2297 5264 interjecta.

872 5284 1118 5364 restituentur
1135 5285 1305 5392 predicto
1326 5287 1471 5369 Othoni
1489 5319 1511 5374 a
1527 5289 1761 5380 conmlibus,
1775 5288 2012 5368 universitate
2029 5305 2069 5366 et
2083 5283 2300 5364 bominibus

874 5412 960 5494 ville
981 5413 1167 5502 salvitatis
1183 5417 1362 5523 predicte.
