5817 7292
1071 1102 1339 1211 sNQotrns
1364 1122 1429 1195 m
1455 1103 1663 1197 rnocbs.
2012 1124 2082 1197 157

937 1668 1276 1785 rooussrs
1306 1672 1387 1757 nr
1417 1668 1803 1807 processus

681 1977 686 1985 ·
728 1949 918 2001 Jonrcsrr
935 1930 990 2011 ,ln
1014 1930 1229 2013 suooanrr
1258 1947 1544 2003 reassumere.
1562 1948 1812 2002 ocraaaaou
1841 1948 2019 2009 rascas,

1243 2166 1334 2211 Anno
1357 2166 1503 2215 dcccvi,

937 2345 1014 2420 Quia
1030 2364 1109 2405 anno
1124 2300 1229 2427 quinto
1242 2344 1410 2426 precedenti
1429 2364 1489 2405 nen
1504 2343 1560 2405 luit
1574 2341 1798 2426 parlamentum.

709 2600 737 2676 1.
769 2600 868 2679 Ctun
888 2599 987 2677 inter
1005 2602 1187 2679 Jacobum
1206 2595 1342 2689 Balbe,
1365 2600 1561 2697 clericum,
1585 2618 1796 2679 curatorem
1810 2603 1925 2711 Ogsri
1943 2604 1992 2681 de
2011 2604 2086 2682 Ga-

654 2730 767 2820 viers,
789 2732 977 2808 minorem
998 2732 1124 2822 etatis,
1146 2733 1310 2808 nomine·
1324 2731 1512 2808 curatorio
1533 2748 1572 2806 et
1588 2759 1657 2835 pro
1676 2732 1758 2837 ipso
1779 2734 1922 2838 Ogero,
1944 2762 1988 2809 ex
2008 2764 2084 2811 una

654 2879 776 2967 parte,
797 2878 835 2939 et
852 2862 1104 2951 Bemardum,
1121 2860 1321 2939 dominum
1340 2862 1386 2937 de
1407 2861 1585 2950 Merolio,
1598 2862 1780 2961 militem,
1791 2879 1838 2939 *ex
1854 2862 1985 2954 altera,
2003 2883 2085 2942 orta

654 2990 787 3069 luisset
812 2992 998 3072 discordia
1022 3021 1136 3100 super
1155 3022 1200 3071 eo
1221 2993 1327 3099 quod
1346 2992 1470 3070 dictus
1493 3010 1653 3084 curator,
1676 2994 1830 3069 nomine
1848 3022 1926 3100 quo
1951 3024 2082 3101 supra,

2125 1274 2256 1337 Ριηιιηι
2267 1278 2311 1339 tv,

2187 1370 2251 1413 reos

653 3122 807 3229 petebat
822 3125 1037 3232 judicatum
1057 3126 1252 3233 quoddam
1274 3125 1524 3213 curienoatre
1545 3125 1594 3233 de
1617 3126 1771 3202 duobus
1789 3124 1959 3212 millibus
1979 3127 2085 3205 libris
2182 3190 2185 3195 .

654 3255 925 3345 Parisiensibus
946 3257 1085 3334 sactum
1105 3285 1175 3365 pro
1194 3256 1402 3336 Guillelmo
1424 3255 1656 3345 deGaviers,
1676 3257 1725 3333 de
1744 3255 1828 3347 Ast,
1846 3258 2081 3348 Lumbardo,

653 3385 832 3465 defuncto
853 3404 957 3495 patre
979 3388 1068 3465 dicti
1090 3388 1204 3496 Ogeri
1230 3404 1359 3465 contra
1387 3386 1533 3463 dictum
1558 3386 1720 3464 militem
1744 3388 1962 3465 execucioni
1984 3418 2085 3467 man·

654 3519 752 3613 dari,
770 3538 808 3598 et
827 3521 973 3598 dictum
993 3521 1154 3599 militem
1176 3520 1447 3627 condempnari
1462 3535 1501 3597 et
1516 3518 1692 3626 compelli
1708 3520 1757 3595 ad
1771 3519 1994 3599 solvendum
2013 3522 2081 3631 ipsi

654 3653 838 3739 curatori,
860 3653 1017 3731 nomine
1037 3680 1115 3760 quo
1135 3680 1264 3759 supra,
1287 3651 1425 3732 dictam
1450 3652 1613 3757 pecunie
1633 3670 1839 3744 summam,
1863 3681 1907 3729 ex
1928 3653 2083 3733 adverso

654 3799 800 3873 autom,
821 3812 908 3889 pars
935 3785 1025 3861 dicti
1056 3784 1188 3861 militis
1212 3770 1372 3893 degebat
1401 3783 1546 3864 dictum
1567 3772 1877 3891 Ogerum'luisse
1897 3783 2020 3862 filium
2045 3804 2085 3864 et

654 3912 838 3991 heredem
869 3916 959 3991 dicti
989 3914 1188 3995 Guillelmi
1215 3915 1263 3991 de
1295 3914 1464 4003 Gaviers,
1493 3902 1711 4021 proponens
1738 3914 1844 4020 quod
1874 3932 1955 3993 esto
1978 3916 2085 4023 quod

653 4043 880 4152 probaretur
900 4046 1045 4125 dictum
1066 4048 1235 4156 Ogerum
1251 4045 1376 4123 filium
1399 4062 1438 4123 et
1458 4046 1641 4123 heredem
1661 4072 1743 4123 esse
1760 4044 1850 4121 dicti
1865 4045 2082 4140 Guillelmi,

654 4194 880 4255 nontamen
900 4196 981 4255 erat
1000 4179 1122 4257 dictus
1143 4170 1268 4271 miles,
1286 4194 1330 4254 ut
1348 4177 1515 4269 dicebat,
1536 4175 1876 4281 condempnandus
1894 4205 1965 4255 nec
1983 4203 2088 4255 com-

653 4308 873 4416 pellendus,
894 4327 1081 4417 quantum
1101 4310 1149 4386 ad
1163 4336 1350 4388 summam
1361 4308 1522 4414 judicati
1539 4306 1721 4413 predicti,
1742 4334 1788 4384 eo
1805 4308 1911 4414 quod
1928 4308 1976 4386 de
1995 4338 2085 4387 con-

654 4464 767 4518 sensu
789 4440 978 4518 dictorum
995 4439 1191 4528 Guillelmi
1209 4458 1247 4519 et
1262 4439 1412 4529 militis,
1428 4455 1515 4547 post
1529 4438 1674 4515 dictum
1684 4438 1916 4547 judicatum,
1932 4441 1963 4517 si
1977 4443 2084 4549 quod

655 4572 846 4662 extiterat,
864 4598 1053 4651 recessum
1069 4570 1224 4648 {iterata
1238 4571 1411 4679 judicato
1427 4571 1600 4677 p'redicto
1620 4598 1690 4677 per
1708 4571 2001 4649 convencionem
2020 4600 2085 4650 ea-

653 4694 835 4809 pressam,
859 4730 1063 4810 perquam
1088 4702 1212 4781 dictus
1234 4701 1467 4782 Guillelmua
1492 4702 1657 4780 eundem
1677 4700 1837 4791 militem
1863 4703 1911 4781 de
1937 4732 2084 4783 summa

652 4834 820 4941 predicta
839 4832 1051 4942 specialiter
1074 4851 1114 4912 et
1132 4858 1304 4943 expresse
1324 4838 1548 4942 quittaverat
1563 4861 1635 4942 pro
1654 4835 1870 4943 quingentis
1889 4834 1997 4914 libris
2015 4837 2084 4914 Pa-

609 4952 612 4959 ’
652 4965 891 5057 riaiensibus‚
912 4965 991 5074 ipsi¹
1004 4966 1212 5045 Guillelmo
1232 4996 1253 5045 a
1273 4963 1382 5046 dioto-
1396 4968 1520 5044 milite
1546 4968 1658 5045 certis
1680 4966 1916 5073 temporibus
1940 4967 2083 5074 persol-

651 5098 782 5178 vendis
796 5099 912 5179 tVisis
927 5097 1041 5207 igitur
1059 5099 1149 5177 actis
1170 5114 1209 5178 et
1226 5090 1519 5207 probacionibus
1538 5099 1707 5206 parcium
1726 5098 1998 5206 predictarum,
2015 5128 2084 5209 per

653 5215 756 5308 curie
775 5248 884 5309 notre
899 5222 1106 5340 judicium,
1130 5231 1275 5313 dictum
1295 5232 1368 5308 fuit
1383 5231 1599 5338 predictum
1619 5230 1781 5308 militem
1796 5230 1922 5314 eidem
1934 5231 2080 5340 Ogero,

651 5374 831 5467 tanquam
851 5361 931 5441 filio
953 5380 992 5443 et
1009 5359 1251 5443 heredidioti
1272 5362 1485 5455 Guillelmi,
1508 5392 1553 5440 ex
1571 5392 1680 5441 causa
1698 5362 1882 5470 predicta,
1903 5359 2025 5437 teneri
2041 5361 2080 5436 iu

653 5492 870 5600 quingentis
895 5482 1003 5574 libris
1031 5484 1302 5577 Parisieusibus
1324 5488 1517 5605 predictis.
1545 5498 1743 5591 Quantum
1767 5511 1895 5573 autem
1917 5491 1967 5567 ad
1988 5492 2088 5569 resi:
