5817 7292
908 1036 984 1113 586
1480 1034 1574 1107 tus
1612 1033 1752 1108 OLIM.

562 1172 565 1179 ’
686 1183 870 1247 Prummu,
909 1178 1097 1263 dictormn
1119 1172 1381 1283 religiosorum
1401 1175 1638 1265 accedentes,
1661 1175 1699 1253 in
1715 1174 1847 1253 multis
1871 1174 1949 1253 suis
1970 1177 2152 1283 partibus,
2177 1210 2329 1263 cacum

745 1276 809 1320 nn.
909 1308 1063 1387 ensibus
1077 1325 1116 1387 et
1133 1307 1329 1387 securibus
1345 1306 1625 1395 destruxerunt,
1642 1322 1681 1383 et
1696 1306 1743 1383 de
1762 1303 1863 1384 malo
1882 1308 2133 1412 procedentes
2146 1311 2186 1387 in
2203 1314 2328 1423 pejus,

906 1439 1091 1519 bubulcos
1109 1440 1278 1545 ipsorum
1301 1436 1582 1547 religiosorum,
1605 1452 1751 1513 mantes
1775 1436 1815 1511 in
1844 1437 1956 1516 terris
1980 1440 2220 1532 eorumdem,
2243 1474 2331 1523 cum

905 1570 1049 1648 baculis
1081 1586 1120 1647 et
1150 1567 1354 1646 calcaribus
1382 1595 1502 1673 usque
1531 1566 1580 1643 ad
1604 1565 1827 1645 effusionem
1854 1566 2047 1674 sanguinis
2070 1570 2330 1663 verberarunt3

907 1702 1071 1781 duorum
1094 1700 1212 1779 boum
1234 1698 1301 1805 qui
1324 1698 1372 1775 ad
1395 1715 1560 1776 aratrum
1583 1714 1689 1775 erant
1713 1698 1807 1775 inibi
1831 1694 1973 1805 alligati
1994 1699 2197 1791 musellos,
2218 1732 2331 1785 manu

907 1849 945 1909 et
961 1859 1049 1910 ense
1068 1829 1248 1938 propriis,
1262 1829 1365 1906 idem
1382 1828 1506 1918 miles,
1523 1828 1696 1907 militaris
1719 1828 1951 1907 condicionis
1967 1830 2156 1911 inmemor
2176 1850 2215 1913 et
2227 1832 2330 1916 bruti

906 1962 1076 2039 animalis
1104 1960 1361 2038 innocencium
1387 1987 1465 2038 non
1488 1958 1744 2047 considerans,
1766 1960 1969 2066 amputavit
1989 1992 1998 2037 ε
2019 1963 2195 2069 lnquesta
2215 1964 2330 2072 igitur

905 2120 1019 2199 super
1036 2092 1227 2198 premissis
1243 2091 1290 2167 de
1306 2106 1433 2168 nostro
1453 2088 1547 2166 facta
1565 2090 1760 2178 mandato,
1783 2090 1830 2166 ad
1851 2106 2018 2167 nostram
2036 2093 2178 2170 cumam
2200 2121 2329 2201 repor-

907 2238 994 2311 tata,
1014 2252 1055 2299 ac
1075 2222 1273 2331 diligenter
1291 2220 1383 2310 visa,
1403 2236 1670 2327 compertoque
1684 2219 1830 2327 liquido
1845 2249 1914 2327 per
1926 2220 2083 2300 eandem
2099 2222 2239 2301 dictum
2254 2223 2327 2295 mi-

905 2353 1010 2431 litem
1021 2352 1211 2459 predictos
1227 2380 1410 2441 excessus,
1426 2367 1470 2426 ut
1482 2350 1728 2454 premittitur.
1742 2351 1989 2430 commisisse,
2003 2368 2071 2446 per
2083 2346 2183 2423 curie
2198 2365 2325 2427 nostre

900 2476 1106 2585 judicium,
1128 2470 1200 2549 fuit
1219 2472 1321 2549 idem
1341 2467 1450 2547 miles
1471 2466 1624 2573 prelatis
1642 2467 1843 2576 religiosis,
1861 2497 1931 2575 pro
1951 2471 2111 2578 injuriis,
2134 2474 2324 2557 violenciis

905 2624 943 2685 et
963 2603 1170 2685 excessibus
1187 2600 1260 2679 sibi
1276 2600 1380 2679 lactis
1399 2628 1442 2677 ac
1460 2626 1617 2677 suorum
1633 2598 1873 2678 estimacione
1887 2600 2152 2709 dampnorum,
2168 2605 2207 2683 in
2221 2606 2324 2690 mille

902 2736 1026 2823 libris,
1043 2752 1081 2811 et
1099 2732 1210 2811 nobis
1228 2759 1297 2838 pro
1318 2728 1496 2821 emenda,
1517 2729 1556 2805 in
1575 2729 1680 2807 mille
1699 2730 1807 2809 libris
1818 2731 2107 2811 Turonensibus
2127 2736 2326 2845 condemp-

904 2884 1029 2958 natus;
1049 2881 1105 2956 et,
1120 2862 1306 2971 peridem
1321 2861 1424 2939 curie
1439 2877 1566 2939 nostre
1577 2860 1783 2967 judicium,
1802 2859 1876 2940 luit
1891 2861 2033 2941 dictum
2049 2866 2156 2972 quod
2170 2866 2328 2947 Guillel.

904 3028 989 3078 mus
1004 2998 1052 3075 de
1065 2996 1235 3083 Plancba,
1250 2990 1479 3073 Guillelmus
1489 2991 1663 3081 Benardi,
1678 2990 1802 3070 dictus
1814 2991 1975 3085 Giroart,
1987 2996 2069 3101 qui,
2087 2996 2128 3073 in
2138 2999 2329 3105 premissis

902 3128 1097 3208 maleficiis
1115 3124 1391 3235 perpetrandis,
1418 3120 1543 3203 eidem
1564 3122 1675 3199 militi
1695 3122 1878 3201 auxilium
1892 3152 2081 3233 opemque
2102 3108 2270 3207 tulerunt
2288 3147 2328 3207 et

902 3259 1113 3369 specialiter
1137 3258 1327 3335 lohannes
1352 3254 1605 3345 Larmeurier,
1631 3252 1801 3360 ejusdem
1829 3253 1959 3335 militis
1984 3258 2224 3347 domesticus,
2253 3258 2323 3364 qui

904 3390 943 3466 in
964 3389 1062 3466 dicta
1082 3385 1252 3472 ecclesia,
1274 3384 1505 3462 monachum
1525 3384 1643 3489 ipsius
1660 3385 1877 3463 monasterii
1893 3414 2012 3493 usque
2031 3386 2080 3463 ad
2096 3385 2321 3465 effusionem

904 3516 1094 3627 sanguinis
1105 3516 1153 3594 de
1166 3542 1294 3623 pugno
1304 3515 1503 3621 percussit,
1520 3515 1701 3606 Parisius,
1713 3516 1944 3595 adducentur
1955 3516 1995 3594 in
2011 3515 2227 3606 Castelleto,
2242 3546 2323 3596 car-

904 3648 979 3727 ceri
1000 3646 1254 3754 mancipandi,
1272 3663 1311 3723 et
1328 3646 1486 3737 ibidem,
1506 3673 1705 3754 quomque
1725 3674 1892 3725 excessus
1904 3647 2094 3753 predictos
2107 3666 2324 3755 competen-

902 3798 960 3858 ter
979 3778 1273 3871 emendaverint,
1294 3777 1577 3868 detinendiaet,
1595 3777 1682 3885 quia
1701 3777 1741 3853 in
1760 3777 1927 3855 articulis
1942 3776 2204 3889 religiosorum
2223 3778 2325 3885 ipso-

902 3940 988 3989 rum
1013 3911 1060 3988 de
1075 3908 1249 4015 pluribus
1268 3907 1413 3987 dabatis
1431 3936 1506 4015 que
1524 3908 1641 3985 iidem
1660 3907 1844 4015 religiosi,
1862 3937 1951 4005 cum
1969 3908 2138 4017 predicto
2153 3907 2321 3998 domino,

901 4041 1061 4127 habent,
1081 4038 1229 4117 racione
1244 4038 1396 4146 justicie
1417 4056 1455 4117 et
1467 4038 1726 4147 jurisdicionis
1744 4065 1812 4117 sue
1831 4055 1869 4116 et
1888 4037 2107 4123 debitorum
2125 4065 2168 4117 ac
2186 4036 2324 4146 legato-

902 4197 989 4247 rum
1018 4197 1092 4275 que
1121 4186 1257 4275 petunt
1278 4169 1325 4248 ab
1347 4168 1427 4276 ipso
1455 4168 1630 4259 domino,
1660 4169 1808 4249 mencio
1834 4168 2006 4259 habetur,
2036 4186 2075 4247 et
2096 4196 2207 4276 super
2229 4167 2319 4258 hiis,

902 4300 1037 4376 virtute
1059 4298 1157 4377 dicte
1178 4299 1469 4388 commissionis,
1491 4329 1568 4379 non
1586 4302 1711 4407 potuit
1725 4300 1915 4410 judicium
1933 4301 1986 4379 eis
2012 4301 2138 4391 reddi,
2164 4298 2322 4407 predicti

900 4429 1065 4538 religiosi
1084 4430 1281 4537 jussuum
1306 4430 1347 4507 in
1371 4430 1565 4537 predictis,
1590 4460 1717 4511 coram
1730 4430 1869 4512 ballivo
1883 4431 2098 4512 Turonensi
2117 4430 2175 4511 vel
2196 4456 2322 4509 coram

901 4558 974 4637 alio
993 4559 1210 4666 deputando
1230 4589 1250 4637 a
1269 4560 1395 4666 nobis,
1417 4561 1448 4638 si
1467 4560 1676 4654 voluerint,
1698 4580 1986 4670 prosequentur.

954 4689 1054 4766 lovis
1070 4708 1155 4767 ante
1175 4690 1461 4769 Penthecosten.

887 4832 890 4837 '
956 4820 1006 4897 M.
1024 4819 1069 4900 G.
1089 4820 1139 4897 de
1154 4821 1249 4899 Usco
1263 4821 1474 4927 reportavit.

948 5079 1112 5199 ⁸LXXXI.
1143 5080 1239 5159 Cum
1257 5080 1501 5185 Raymundus
1514 5079 1551 5159 le
1569 5082 1724 5177 Carnus,
1741 5082 1790 5160 de
1810 5082 1986 5163 mandato
2003 5083 2168 5190 magistri
2186 5079 2323 5161 Yvonis

902 5207 949 5286 de
964 5209 1207 5299 Laudunaco,
1225 5208 1365 5297 clerici,
1381 5227 1419 5287 et
1433 5212 1613 5293 lobannis
1629 5213 1801 5304 Roberti,
1822 5214 1953 5292 militis
1969 5230 2201 5301 nostrorum,
2220 5226 2321 5297 lam·

900 5367 1014 5449 quam
1031 5340 1210 5419 bannitus
1227 5337 1274 5417 de
1293 5366 1409 5445 regno
1427 5358 1571 5433 nostro,
1592 5372 1660 5451 pro
1679 5344 1891 5451 suspicione
1907 5342 2075 5451 plurium
2096 5339 2319 5429 criminum.
