5817 7292
1048 1022 1314 1130 auonarns
1337 1041 1403 1113 ar
1428 1027 1637 1118 Procas.
1979 1055 2052 1125 roc
2117 1027 2124 1042 '

689 1184 865 1278 Mercurii
885 1200 971 1289 post
988 1183 1223 1261 Nativitatem
1238 1182 1404 1260 Domini.

686 1315 906 1424 Nogarettus
926 1313 1044 1392 babet
1054 1313 1165 1390 istam
1180 1312 1402 1419 inquestam.

687 1445 838 1524 Dictum
854 1443 1083 1554 judicatum,
1102 1471 1171 1551 pro
1188 1444 1290 1522 dioto
1310 1445 1421 1520 Petro
1442 1442 1598 1536 lactum,
1622 1445 1737 1523 estin
1759 1445 1834 1522 fine
1853 1447 1968 1526 rotuli
1989 1450 2053 1528 hu-

624 1578 688 1684 jus
706 1576 941 1683 parlamenti.

686 1841 844 1918 XXXVI.
874 1840 973 1918 Cum
1006 1839 1155 1944 questio
1185 1856 1286 1915 mota
1316 1838 1578 1915 fuissetinter
1607 1840 1814 1946 majorem,
1842 1840 1988 1947 juratos
2017 1859 2054 1919 ct

628 1969 882 2048 communiam
899 1970 948 2047 de
963 1967 1145 2056 Asneriis,
1168 1999 1212 2044 ex
1227 1997 1302 2046 una
1321 1986 1446 2074 parte,
1467 1985 1505 2045 et
1518 1969 1785 2046 Theobnldum
1807 1970 1853 2047 de
1868 1970 2050 2062 AsnerIis,

2092 1203 2221 1262 Pariunt
2233 1211 2275 1272 tv,

2153 1299 2215 1342 1³06.

628 2129 672 2176 ex
690 2119 795 2207 parte
812 2098 946 2191 altera,
972 2127 1086 2206 super
1106 2127 1153 2178 eo
1171 2099 1277 2208 quod
1296 2098 1387 2176 dicti
1407 2101 1539 2208 major,
1555 2100 1670 2208 jurati
1697 2117 1736 2176 et
1760 2102 1973 2178 communia
1993 2103 2053 2178 di·
2136 2111 2142 2120 ”

627 2231 761 2309 cebant
779 2233 828 2309 ad
845 2259 884 2309 se
903 2232 1092 2339 pertinere
1114 2231 1371 2308 omnimodam
1390 2231 1536 2308 bassam
1547 2232 1737 2339 justiciam
1759 2233 1797 2308 in
1819 2233 1951 2321 domo,
1969 2262 2052 2310 cen·

625 2361 713 2439 sivls
736 2379 774 2440 ct
804 2363 887 2441 aliis
910 2362 1210 2469 possessionibus
1234 2391 1329 2470 quas
1360 2361 1483 2440 dictus
1508 2362 1755 2441 Theobaldus
1779 2364 1926 2442 obtinet
1947 2365 2050 2442 intra

625 2491 722 2569 fines
740 2510 780 2570 et
797 2492 1020 2571 banleucam
1048 2493 1263 2572 communie
1289 2493 1388 2570 dicte
1406 2491 1515 2580 ville,
1537 2492 1644 2598 cujus
1664 2493 1814 2599 justicie
1839 2494 2049 2601 adjudicata

625 2621 698 2698 luit
726 2624 858 2700 saisina
886 2625 926 2699 in
956 2624 1049 2701 locis
1075 2623 1269 2729 predictis,
1298 2652 1366 2730 per
1383 2621 1565 2700 ballivum
1592 2623 1924 2712 silvanectensem,
1948 2627 2049 2705 dicto

626 2753 866 2842 Theobaldo,
890 2754 1040 2830 racione
1063 2754 1258 2859 cujusdam
1280 2752 1554 2830 defectuslacti
1575 2771 1741 2857 exparte
1762 2754 1929 2860 majoris,
1947 2757 2050 2864 jura-

623 2904 753 2963 torum
780 2904 819 2962 et
842 2885 1056 2962 communie
1077 2883 1333 2990 predictorum
1361 2881 1402 2959 in
1428 2883 1555 2962 assisia
1574 2882 1855 2972 Belli-Montis,
1878 2888 2047 2993 predicto

625 3016 860 3108 Theobaldo,
869 3016 1044 3122 pluribus
1058 3015 1288 3103 racionibus,
1303 3014 1343 3088 in
1356 3014 1586 3091 contrarium
1595 3015 1743 3090 dicente
1752 3015 1891 3091 dictam
1901 3016 2048 3096 bassam

618 3146 809 3252 justiciam
828 3148 867 3222 in
887 3145 985 3223 locis
999 3144 1179 3251 predictis
1195 3147 1244 3221 ad
1260 3173 1300 3222 se
1322 3144 1513 3249 pertinere
1529 3173 1538 3216 :
1561 3143 1708 3222 Auditis
1728 3144 1842 3252 igitur
1861 3149 2043 3252 partibus,

621 3294 662 3352 ct
686 3279 858 3384 inquesta
880 3299 996 3382 'super
1015 3277 1087 3352 hoc
1116 3273 1211 3352 sacta
1235 3275 1283 3352 de
1308 3274 1486 3351 mandato
1510 3290 1660 3360 nostro,
1685 3275 1760 3352 visa
1785 3293 1822 3351 et
1846 3276 2048 3385 diligenter

622 3407 844 3497 examinata,
865 3434 934 3512 per
951 3406 1055 3483 curie
1075 3421 1203 3483 nostre
1213 3404 1419 3512 judicium,
1440 3405 1585 3482 dictum
1607 3403 1677 3480 luit
1696 3422 1734 3480 et
1754 3410 2045 3511 pronunciatum

621 3538 760 3617 dictam
778 3538 924 3616 bassam
939 3537 1130 3645 justiciam
1147 3535 1196 3613 ad
1213 3535 1333 3612 dictos
1352 3535 1553 3642 majorem,
1568 3535 1713 3642 juratos
1733 3553 1771 3612 et
1791 3541 2046 3616 communiam

620 3670 826 3774 pertinere,
853 3668 1099 3744 exercendam
1118 3666 1167 3742 ab
1192 3666 1246 3742 eis
1268 3667 1307 3741 in
1327 3665 1476 3742 casibus
1498 3682 1536 3742 et
1554 3683 1669 3771 prout
1692 3668 1958 3745 tantummodo
1980 3671 2045 3746 da·

619 3818 704 3874 tum
726 3816 763 3874 et
780 3825 1002 3875 concessum
1022 3796 1095 3874 luit
1113 3796 1168 3874 eis
1188 3795 1227 3870 in
1247 3813 1345 3872 carta
1365 3794 1602 3874 fundacionis
1623 3795 1838 3873 communie
1859 3797 2040 3900 predicte,

621 3927 759 4038 sigillo,
777 3928 1052 4004 recordacionis
1067 3926 1213 4014 inclite,
1225 3926 1324 4033 regis
1335 3924 1513 4002 Ludovici
1524 3923 1698 4031 sigillata,
1710 3953 1824 4030 quam
1836 3925 1921 4030 ipsi,
1937 3928 2043 4004 annis

620 4058 794 4167 singulis,
806 4059 934 4165 jurare
952 4073 1238 4135 consueverunt.

677 4187 841 4266 Sabbato
865 4205 949 4292 post
967 4186 1225 4292 Epiphaniam.

677 4321 728 4396 M.
750 4318 875 4395 Droco
895 4316 1104 4421 reportavit.

675 4581 849 4660 XXXVII.
880 4579 979 4658 Cum
1002 4579 1253 4656 controversia
1275 4593 1482 4656 verteretur
1507 4604 1632 4654 coram
1659 4577 1880 4656 custodibus
1905 4582 2043 4660 nundi-

619 4739 753 4789 narum
777 4711 996 4818 Campanie,
1023 4709 1123 4787 inter
1148 4724 1374 4786 mercatores
1397 4705 1689 4787 Catbalanenses
1715 4725 1753 4785 et
1782 4709 1875 4788 alios
1901 4739 2042 4792 morca-

618 4860 720 4921 tores
739 4842 787 4920 de
807 4843 900 4920 locis
919 4841 1065 4929 vicinis,
1080 4841 1147 4947 qui
1159 4839 1413 4918 vendiderunt
1426 4865 1571 4946 pannos
1591 4865 1697 4927 suos,
1717 4840 1756 4916 in
1777 4841 1887 4919 dictis
1900 4844 2041 4923 nundi·

617 4976 676 5053 nis
699 4973 922 5082 Campanie‚
942 4972 1154 5050 Percevallo
1173 4975 1306 5082 Longo
1330 4973 1379 5049 de
1400 4973 1537 5058 lanua,
1565 4997 1609 5048 ex
1635 4999 1709 5048 una
1734 4990 1860 5079 parte,
1891 4991 1929 5050 et
1947 4973 2040 5056 alios

617 5123 844 5184 mercatores
863 5107 911 5184 de
938 5106 1154 5215 Laigniaco,
1179 5106 1226 5182 de
1246 5103 1404 5182 Malines
1421 5122 1461 5181 et
1479 5102 1526 5180 dc
1546 5104 1757 5197 Attrebato,
1774 5108 1839 5214 qui
1858 5107 2039 5187 vendide-

616 5255 706 5315 runt
725 5265 868 5345 pannos
889 5265 977 5316 suos
993 5239 1095 5344 apud
1114 5236 1336 5314 Landicium
1354 5234 1480 5313 eidem
1498 5237 1705 5316 Percerallo
1727 5255 1765 5316 et
1783 5255 1884 5315 extra
1904 5267 2039 5345 corpus

619 5366 803 5444 dictarum
827 5371 1082 5448 nundinarum
1109 5367 1337 5474 Campanie,
1367 5395 1410 5444 cx
1438 5365 1571 5456 altera,
1599 5397 1711 5473 snper
1741 5397 1786 5446 eo
1813 5369 1918 5475 quod
1948 5367 2036 5446 dicti

703 5541 755 5582 aas
776 5542 860 5584 onus
878 5545 922 5584 ur.
1869 5545 1907 5605 ²7
