5817 7292
878 1115 952 1185 312
1461 1107 1550 1180 LES
1580 1106 1714 1180 OLIM.

647 1271 778 1323 Parnm
793 1270 835 1331 lv,
878 1253 981 1330 curie
1002 1266 1129 1328 nostre
1142 1248 1347 1357 judicium,
1370 1276 1418 1324 ne
1440 1247 1487 1324 de
1508 1264 1632 1324 cetero
1655 1247 1817 1353 aliquam
1839 1265 2035 1324 exerceant
2048 1249 2237 1355 justiciam
2259 1258 2298 1332 in

697 1365 773 1408 1308.

875 1383 969 1461 locis
988 1378 1184 1489 predictis,
1207 1377 1549 1484 condempnatique
1570 1376 1725 1455 luerunt
1744 1376 1814 1484 ipsi
1835 1393 2035 1484 preceptor
2054 1397 2093 1456 et
2107 1379 2237 1464 fratres
2251 1387 2298 1464 ad

873 1508 1113 1592 reddendum
1128 1510 1239 1587 nobis
1254 1510 1510 1587 emolumenta
1523 1508 1649 1586 omnia
1663 1536 1737 1616 que
1751 1509 1841 1616 ipsi,
1853 1508 2003 1586 racione
2019 1511 2118 1588 dicte
2128 1511 2297 1620 justicie,

875 1675 990 1753 quam
1009 1621 1050 1720 in
1070 1643 1172 1720 dicto
1198 1641 1283 1720 loco
1304 1658 1342 1717 et
1362 1641 1445 1747 ejus
1465 1639 1707 1746 pertinenciis
1726 1641 1974 1717 exercuerunt
1993 1659 2203 1750 atempore
2223 1645 2300 1724 litis

873 1791 1095 1864 contestato,
1117 1787 1368 1879 perceperunt
1388 1770 1542 1859 exinde,
1563 1769 1705 1846 scilicet
1730 1772 1776 1849 ab
1801 1799 1899 1850 anno
1919 1772 2074 1850 Domini
2096 1774 2298 1854 millesimo

820 1971 824 1979 .
873 1905 1130 1984 ducentesimo
1151 1901 1381 2010 octogesimo
1401 1899 1569 1978 secundo
1589 1899 1690 1978 citra.

926 2035 1079 2115 Sabbati
1100 2034 1276 2142 predicta.

928 2167 1088 2248 Cuillier
1107 2165 1319 2274 reportavit.

930 2432 1020 2510 LVl.
1051 2432 1226 2537 lnquesta
1236 2447 1364 2506 contra
1375 2428 1699 2536 archiepiscopum
1709 2429 1990 2508 Narbonensem
2005 2445 2042 2505 et
2051 2445 2179 2535 gentes
2191 2458 2292 2520 suas,

875 2582 912 2640 et
927 2561 1185 2639 vicecomitem
1200 2560 1482 2637 Narbonensem
1499 2576 1537 2636 et
1548 2577 1679 2668 gentes
1696 2587 1798 2650 suas,
1814 2562 1862 2637 ad
1874 2557 2188 2667 supplicacionem
2204 2589 2296 2639 con-

873 2693 998 2769 sulum
1024 2719 1091 2767 seu
1115 2689 1332 2795 regensium
1358 2689 1592 2766 consulatum
1613 2689 1769 2769 civitatis
1790 2707 1827 2768 et
1847 2689 1957 2798 burgi
1978 2691 2295 2783 Narbonensium,

874 2849 988 2928 super
1001 2819 1230 2927 quibusdam
1243 2818 1409 2895 articulis
1422 2819 1569 2896 traditis
1583 2821 1775 2927 preposito
1793 2837 1884 2898 tunc
1903 2820 1950 2896 de
1971 2819 2137 2898 Anverso
2155 2839 2193 2899 et
2212 2849 2298 2898 can-

873 2949 947 3028 tori
967 2949 1247 3042 aurelianensi,
1263 2950 1313 3026 ad
1332 2968 1456 3058 partes
1474 2951 1557 3028 illas
1576 2951 1717 3044 missis,
1740 2980 1784 3030 ex
1799 2969 1903 3060 parte
1922 2951 2069 3029 domini
2085 2951 2212 3059 Regis,
2231 2981 2298 3057 pro

875 3080 1145 3158 reformacione
1162 3082 1300 3188 patrie,
1316 3111 1385 3188 per
1398 3082 1621 3190 magistrum
1635 3082 1846 3160 Jobannem
1863 3084 1910 3160 dc
1927 3083 2116 3172 Chaneto‚
2129 3083 2298 3191 judicem

874 3210 1142 3303 Biterrensem‚
1170 3213 1470 3290 commissarium
1499 3237 1612 3320 super
1639 3213 1711 3291 hoc
1739 3214 1978 3320 deputatum,
2008 3213 2102 3290 facta
2131 3230 2169 3290 et
2194 3213 2296 3288 curie

875 3358 1003 3418 nostre
1018 3357 1224 3446 reportata,
1241 3342 1316 3419 visa
1329 3361 1369 3420 et
1383 3343 1585 3450 diligenter
1600 3344 1821 3434 examinata,
1839 3344 2135 3451 quia-inventum
2152 3358 2208 3418 est
2223 3341 2297 3419 dic·
2407 3377 2410 3384 ·

874 3487 951 3547 tam
967 3471 1180 3577 inquestam
1198 3499 1275 3548 non
1292 3499 1371 3550 csse
1385 3472 1603 3580 perfectam,
1617 3503 1686 3581 per
1697 3475 1797 3551 curie
1811 3491 1936 3552 nostre
1946 3472 2134 3580 judicium
2149 3471 2293 3550 dictum
2322 3461 2325 3466 λ

875 3599 947 3679 fuit
971 3602 1075 3708 quod
1097 3601 1196 3680 dicta
1220 3604 1391 3710 inquesta
1410 3605 1639 3712 perficietur,
1659 3604 1798 3684 vocatis
1823 3604 1993 3712 partibus
2017 3621 2055 3680 et
2072 3602 2210 3680 auditis
2236 3630 2296 3680 ea-

873 3760 958 3808 rum
975 3732 1192 3811 racionibus
1208 3763 1301 3840 quas
1321 3763 1534 3842 proponere
1546 3735 1738 3814 voluerint
1756 3763 1882 3813 coram
1903 3733 2165 3818 commissoriis
2184 3762 2298 3839 super

740 3965 746 3976 ι
874 3862 946 3940 hoc
964 3862 1209 3981 deputandis,
1229 3882 1267 3942 et
1284 3865 1496 3974 inquestam
1517 3867 1739 3976 hujusmodi
1754 3865 1957 3975 perfectam
1974 3867 2074 3945 curie
2090 3883 2218 3956 nostre
2238 3893 2297 3940 re-

873 3994 1024 4072 mittent
1038 3995 1295 4101 judicandam.

929 4124 1084 4203 Veneris
1102 4143 1188 4231 post
1206 4127 1470 4207 Reminiscere.

885 4332 887 4335 .
928 4254 1100 4333 Boce'llus
1119 4259 1332 4365 reportavit.

916 4385 1037 4462 Facta
1058 4403 1114 4464 est
1129 4388 1344 4468 commissio
1360 4390 1481 4497 judici
1503 4390 1635 4497 majori
1654 4389 1954 4479 Carcassonensi‚
1977 4407 2016 4467 et
2033 4389 2206 4495 inquesta
2225 4387 2294 4464 sibi

872 4515 1028 4593 remissa
1050 4534 1231 4622 quantum
1256 4519 1304 4596 ad
1326 4521 1584 4600 vicecomitem
1606 4537 1645 4599 et
1669 4549 1747 4599 non
1777 4539 1958 4628 quantum
1979 4520 2027 4598 ad
2050 4519 2296 4625 archiepisco-

872 4675 977 4755 pum.

928 4908 1034 4986 LVll.
1066 4910 1239 5018 lnquesta
1273 4912 1321 4990 de
1348 4910 1524 4992 mandato
1550 4913 1652 4990 curie
1678 4929 1805 4992 nostre
1836 4910 1930 4988 lacta
1953 4939 2022 5018 per
2051 4908 2294 4986 senescallum

872 5036 1120 5133 Carcassone,
1142 5071 1256 5147 super
1274 5070 1321 5120 eo
1346 5043 1521 5134 videlicet
1540 5073 1586 5121 an
1602 5043 1884 5152 juste'retinere
1905 5037 2092 5148 possimus
2112 5056 2229 5118 castra
2248 5039 2295 5116 de
2390 5105 2394 5112 .

872 5168 1115 5260 Thailerano‚
1142 5173 1190 5248 de
1215 5170 1371 5251 Villario
1394 5190 1433 5251 et
1459 5176 1506 5252 de
1530 5177 1560 5252 F
1562 5175 1709 5264 urobis,
1735 5201 1809 5280 que
1837 5172 2110 5282 Almarrinetus
2134 5169 2296 5248 deNer-

871 5297 989 5389 bona,
1007 5301 1109 5380 filius
1123 5300 1315 5410 quondam
1328 5302 1525 5383 Almarriei
1540 5304 1587 5383 de
1602 5305 1791 5394 Nerbona‚
1811 5303 1953 5382 domini
1969 5302 2016 5380 de
2032 5299 2292 5406 Perbiniagno,

873 5429 1038 5522 dicebat,
1053 5432 1119 5509 diu
1135 5449 1211 5522 est,
1226 5461 1297 5540 pro
1311 5435 1422 5513 nobis
1436 5453 1474 5512 et
1484 5436 1531 5512 ad
1545 5436 1788 5515 commodum
1804 5452 1993 5523 nostrum,
2010 5461 2079 5542 pro
2091 5449 2193 5510 certo
2207 5435 2293 5538 p‘re-
