5817 7292
910 1099 983 1172 518
1499 1095 1589 1166 LES
1615 1093 1755 1168 OLIM.

683 1251 812 1304 aarum
824 1249 867 1312 11,
907 1239 1181 1347 cujuscumque
1197 1236 1347 1345 justicie
1365 1235 1437 1314 alte
1457 1254 1497 1312 et
1510 1237 1618 1314 basse
1636 1235 1676 1312 in
1695 1232 1807 1312 dietis
1824 1230 1933 1324 locis,
1952 1261 2042 1310 cum
2063 1233 2212 1314 adhoc
2225 1269 2336 1322 cesus

743 1341 807 1384 1110.

906 1396 946 1446 se
974 1367 1215 1456 obtulerunt;
1241 1383 1399 1473 unaque
1424 1366 1610 1444 dictarum
1631 1366 1818 1471 parcium,
1845 1392 1933 1441 cum
1957 1364 2156 1455 instauc‘m
2184 1387 2336 1474 petente

907 1500 1013 1606 quod
1027 1527 1162 1577 manus
1174 1515 1312 1587 nostra,
1325 1515 1577 1605 quapropter
1589 1497 1767 1574 debatann
1779 1496 2012 1586 earumdem,
2023 1500 2284 1605 eratapposita
2295 1501 2336 1581 iu

908 1633 1016 1711 dictis
1026 1633 1118 1712 locis
1133 1631 1223 1708 etin
1238 1629 1466 1738 quibusdam
1476 1628 1600 1734 prisiis
1612 1627 1759 1704 ibidem
1769 1627 1816 1705 ab
1827 1625 2082 1734 alterutroque
2098 1645 2206 1734 perte
2219 1629 2333 1725 lactis,

907 1763 995 1840 inde
1023 1777 1287 1840 amoveretur:
1313 1761 1489 1865 lnquesta
1511 1758 1637 1864 igitur,
1660 1786 1775 1864 super
1795 1751 1894 1848 hiis,⁶
1915 1759 1966 1836 de
1986 1759 2165 1839 mandato
2184 1780 2332 1854 nostro,

905 1893 1098 1984 lacta.visa
1117 1909 1156 1969 et
1172 1891 1374 1998 diligenter
1386 1890 1609 1978 examinata,
1622 1917 1691 1996 per
1705 1889 1954 1968 curienostre
1966 1890 2172 1997 judicium,
2191 1891 2334 1972 dictum

905 2023 995 2112 luit,
1026 2024 1114 2131 quia
1141 2036 1286 2100 constat
1311 2019 1455 2099 dictum
1474 2019 1653 2098 comitem
1679 2019 1817 2098 melius
1839 2048 1952 2127 super
1974 2021 2048 2098 boc
2079 2021 2333 2102 intencionem

904 2181 1010 2232 suam
1036 2153 1234 2262 probasse,
1263 2151 1369 2259 quod
1394 2153 1473 2257 ipse
1498 2153 1537 2228 in
1566 2151 1699 2228 saisina
1724 2150 1929 2261 colligendi
1957 2169 1997 2230 et
2019 2151 2165 2230 levandi
2188 2152 2331 2232 dictum

903 2287 1101 2396 gruagium
1117 2313 1228 2392 supra
1240 2301 1398 2391 pontem
1410 2300 1448 2361 et
1463 2281 1639 2360 calceiam
1651 2283 1858 2390 predictos,
1877 2282 2332 2393 111111111111111111

904 2417 1069 2496 restandi
1090 2416 1233 2493 ibidem
1249 2414 1427 2504 rebelles,
1441 2413 1636 2492 occasione
1657 2414 1748 2491 dieti
1768 2415 1927 2522 gruagii‚
1941 2403 2106 2493 eteciam
2117 2418 2332 2523 justiciandi

905 2564 943 2625 et
957 2547 1190 2655 explectandi
1205 2547 1349 2624 ibidem
1366 2545 1414 2622 de
1429 2571 1656 2652 quacunque
1666 2545 1816 2652 justicia
1827 2545 1898 2624 alte
1915 2565 1953 2623 et
1966 2547 2089 2638 bessa,
2104 2551 2329 2638 remanebit;

868 2671 871 2686 ¹
905 2698 942 2756 ct
957 2679 1200 2798 prisieqsuper
1215 2679 1289 2756 boc
1304 2678 1414 2766 lacte,
1424 2705 1520 2784 que,
1531 2694 1688 2784 propter
1700 2677 1882 2756 debatum
1898 2678 2083 2756 dieucum
2098 2683 2276 2785 parcium,
2290 2683 2330 2758 in

903 2837 1017 2886 manu
1036 2825 1161 2886 nostra
1182 2824 1288 2888 erant
1306 2807 1443 2914 posite,
1464 2809 1563 2885 dicta
1586 2837 1702 2885 manu
1723 2825 1850 2886 nostra
1870 2809 1960 2886 inde
1979 2827 2123 2899 amota,
2150 2812 2333 2889 delibera-

902 2943 1045 3020 buntur
1057 2941 1156 3018 dicto
1169 2939 1315 3028 comiti,
1334 2940 1446 3029 salva,
1464 2938 1566 3016 dicto
1582 2938 1739 3016 domiuo
1753 2939 1940 3029 Couciaci,
1957 2940 2095 3019 saisina
2108 2943 2280 3047 capiendi
2296 2960 2333 3022 et

903 3072 1067 3165 levandi,
1085 3073 1125 3149 iu
1141 3071 1251 3149 dictis
1267 3070 1376 3160 locis,
1393 3070 1631 3177 guidagium,
1649 3070 1936 3178 pedagium-seu
1951 3071 2145 3166 calceiern,
2163 3103 2232 3180 pro
2251 3075 2333 3152 aliis

766 3245 768 3250 ·
903 3204 1018 3282 rebus
1033 3231 1148 3310 quam
1163 3230 1233 3308 pro
1249 3201 1324 3279 illis
1340 3229 1409 3308 pro
1432 3201 1573 3309 quibus
1590 3201 1753 3279 debetur
1768 3202 1981 3310 gmagium,
1993 3232 2144 3282 necnon
2159 3205 2331 3313 capiendi

905 3353 941 3413 et
958 3333 1163 3412 arrestandi
1181 3333 1324 3411 solvere
1341 3331 1514 3411 nolentes
1528 3333 1765 3440 guidagium,
1782 3334 1984 3442 pedagium
1999 3352 2038 3410 et
2052 3335 2247 3428 calceiam,
2266 3338 2331 3443 qui

905 3464 952 3541 ad
963 3464 1129 3570 predicta
1138 3479 1317 3541 tenentur
1332 3465 1371 3540 in
1387 3463 1498 3542 dictis
1512 3462 1621 3554 locis,
1634 3480 1673 3542 et
1687 3466 1865 3543 emendas
1879 3464 2121 3571 explectandi,
2134 3467 2329 3543 occasione

904 3593 1180 3700 predictorum,
1200 3621 1315 3670 manu
1331 3612 1457 3672 nostra
1474 3595 1563 3673 inde
1577 3613 1715 3689 amota,
1731 3596 1881 3703 utrique
1895 3596 1990 3702 parti
2002 3612 2129 3673 tamen
2144 3613 2330 3674 reservata

904 3727 945 3803 in
965 3726 1155 3832 premissis
1174 3726 1373 3834 questione
1389 3727 1641 3834 proprietatis.
1700 3753 1704 3758 ·

959 3859 1059 3936 Jovis
1078 3874 1163 3935 ante
1182 3859 1410 3937 Brandones.

961 3993 1005 4068 H.
1029 3991 1076 4066 de
1097 3990 1362 4071 Sancto-Paulo
1384 3989 1630 4099 [reportavitl.

961 4253 1070 4331 XVll.
1101 4253 1198 4332 Cum
1226 4253 1452 4332 senescallus
1478 4255 1732 4334 llutbenensis
1759 4237 1878 4332 certas
1901 4279 2098 4362 persoues,
2132 4283 2254 4362 usque
2283 4255 2329 4334 ed

904 4401 1064 4489 quatuor
1084 4401 1121 4461 et
1135 4385 1263 4493 viginti
1282 4385 1457 4464 homines
1472 4386 1703 4465 habitatores
1720 4387 1995 4476 Rutlrenenses,
2013 4413 2082 4493 pro
2100 4387 2329 4494 quibusdam

904 4541 1037 4592 eorum
1052 4516 1278 4608 excessibus,
1296 4517 1537 4626 singulariter
1554 4519 1784 4625 quemlibet,
1800 4547 1870 4625 per
1888 4519 2051 4598 diversas
2070 4547 2251 4607 summas,
2274 4547 2331 4595 as-

898 4645 1105 4724 cendentes
1124 4648 1309 4754 usquead
1325 4666 1508 4727 trecentas
1526 4667 1562 4728 et
1577 4650 1730 4759 triginta
1746 4650 1860 4728 libras
1872 4653 2115 4729 Turoneuses
2130 4648 2238 4726 nobis
2253 4648 2329 4725 eol-

901 4777 1040 4855 vendas
1066 4777 1397 4885 condempnasset,
1424 4800 1540 4888 prout
1570 4782 1758 4859 dictorum
1786 4777 2146 4888 condempnatorum
2174 4778 2328 4858 nomina

903 4927 940 4987 et
960 4907 1058 4985 dicte
1073 4937 1237 5002 summe,
1256 4911 1294 4987 in
1311 4913 1500 4991 sentencia
1516 4912 1606 4990 dicti
1624 4913 1829 5003 senescalli,
1846 4913 1997 5021 plenius
2011 4910 2331 4998 1111111111,νὶ-

904 5039 1041 5118 delicet
1061 5068 1130 5147 pro
1148 5041 1364 5146 portacione
1385 5071 1577 5122 armorum
1598 5062 1636 5122 et
1654 5044 1829 5152 pluribus
1850 5044 1933 5121 aliis
1951 5043 2162 5125 excessibus
2181 5070 2252 5149 per
2265 5069 2331 5118 111
2369 5101 2373 5107 .

901 5170 1007 5248 111111
1023 5187 1151 5250 contra
1165 5172 1398 5249 Bernardum
1417 5174 1466 5252 de
1479 5175 1662 5254 Livezone
1678 5193 1719 5254 et
1733 5176 1815 5284 ejus
1829 5175 1966 5264 socios,
1982 5174 2153 5282 lugendo
2164 5203 2230 5252 eos
2240 5201 2328 5250 cum

903 5302 1109 5411 lapidibus,
1129 5331 1198 5410 per
1217 5302 1377 5411 plateam
1399 5306 1498 5383 dicte
1514 5307 1686 5399 civitatis,
1706 5306 2032 5415 expugnandoque
2048 5306 2236 5413 quandem
2260 5304 2340 5380 do·'

903 5465 1008 5516 mum
1033 5435 1130 5514 dicte
1152 5436 1293 5542 platee,
1317 5436 1356 5514 in
1382 5465 1458 5544 qua
1475 5466 1534 5527 11,
1558 5438 1609 5519 ob
1629 5441 1788 5518 tutelam
1811 5441 1869 5516 sui
1890 5439 2079 5544 corporis,
2100 5435 2330 5516 incluserant
