5817 7292
1029 1123 1299 1232 rNQutrrs
1326 1140 1389 1211 rr
1415 1124 1622 1213 proces.
1962 1144 2035 1218 sar

617 1306 686 1385 per
705 1280 778 1358 hoc
797 1281 1034 1387 deputandos
1053 1312 1074 1359 a
1090 1282 1217 1373 nobis,
1239 1298 1277 1358 et
1296 1280 1506 1359 liberis-aut
1524 1279 1817 1387 proximioribus
1827 1280 2038 1363 heredibus
2075 1296 2205 1351 ranam
2217 1296 2261 1357 tv.

619 1410 807 1489 dictorum
833 1412 1040 1491 occisorum
1063 1412 1130 1490 fiet
1153 1412 1311 1489 emenda
1338 1430 1381 1489 ut
1404 1440 1534 1518 supra,
1563 1411 1611 1487 ad
1638 1439 1753 1517 qnam
1780 1411 1885 1489 idem
1911 1441 2038 1494 comes
2136 1386 2200 1431 Μ’

618 1542 710 1619 Furi
729 1544 866 1620 endem
879 1542 1024 1649 judicio
1039 1572 1105 1650 per
1119 1560 1284 1623 nostram
1303 1544 1445 1619 curisrn
1458 1542 1580 1619 extitit
1596 1542 1909 1647 condempnatus.
1924 1544 2036 1635 item,

619 1698 781 1777 pro-una
802 1672 943 1779 capella
962 1675 1104 1752 ibidem
1124 1673 1308 1762 facienda,
1326 1689 1369 1751 ut
1387 1701 1516 1779 supra,
1538 1673 1577 1747 in
1597 1672 1820 1779 octingentis
1836 1671 1944 1749 libris
1962 1674 2040 1750 Tu·
2063 1680 2080 1709 ‘

618 1805 837 1881 consonum
860 1806 1062 1883 honorum.
1088 1806 1201 1895 Item,
1228 1833 1297 1911 pro
1321 1820 1484 1911 quatuor
1506 1802 1722 1910 capellaniis
1748 1803 1951 1882 fundandis
1968 1806 2041 1882 ibi-

619 1930 724 2018 dem,
742 1950 928 2039 utsupra,
952 1936 992 2011 in
1009 1936 1196 2041 octoginta
1217 1933 1322 2013 libris
1346 1935 1461 2011 annui
1481 1950 1527 2009 et
1538 1934 1712 2039 perpetui
1732 1933 1923 2023 redditus,
1942 1952 1982 2012 et
2000 1936 2038 2012 in

619 2059 712 2137 ineis
729 2062 1041 2139 convenientibus
1057 2064 1280 2152 reddendis,
1300 2092 1375 2171 que
1392 2078 1504 2140 erunt
1520 2063 1561 2139 in
1579 2079 1808 2168 perpetuum
1828 2063 1876 2141 de
1894 2093 2042 2169 presen-

616 2190 764 2267 tacione
780 2207 905 2267 nostra
924 2209 964 2268 et
979 2220 1234 2271 successorum
1249 2208 1484 2295 nostroqrm,
1499 2190 1691 2280 videlicet,
1710 2219 1779 2298 pro
1799 2193 1972 2299 quolibet
1985 2224 2040 2271 ca·

617 2318 767 2425 pellano
788 2322 918 2429 viginti
939 2322 1045 2400 libris
1062 2324 1177 2399 annui
1197 2308 1427 2429 etperpetiri
1447 2322 1632 2401 redditus.
1653 2324 1764 2414 item,
1786 2324 2040 2430 condempna-

617 2451 669 2527 vit
694 2452 794 2529 curia
818 2469 944 2530 nostra
969 2453 1135 2530 eundem
1163 2454 1340 2531 comitem
1370 2453 1463 2529 Furi
1491 2452 1540 2529 ad
1569 2453 1851 2531 emendandum
1879 2456 2040 2562 dampna

617 2582 837 2661 hominibus
853 2583 944 2659 ville
956 2583 1004 2660 de
1020 2582 1303 2670 Milic-Modiin,
1317 2610 1391 2688 que
1408 2611 1476 2687 per
1495 2582 1640 2659 dictum
1658 2583 1834 2662 comitem
1854 2601 1894 2662 et
1909 2604 2041 2692 gentes

614 2710 700 2791 su'm
719 2711 906 2789 hostiiiter
929 2712 1002 2791 fuit
1025 2712 1168 2801 invasa,
1188 2740 1265 2819 que
1293 2728 1350 2789 est
1374 2710 1644 2817 archiepiscopi
1663 2710 1855 2803 turiani,
1882 2744 1958 2820 que
1979 2744 2040 2793 ex·

615 2840 851 2919 timebuntur
877 2871 946 2947 per
965 2842 1085 2921 dictos
1110 2859 1326 2919 excursores
1345 2858 1529 2947 utsupra.
1551 2841 1661 2931 Item,
1684 2869 1753 2948 pro
1772 2843 1934 2920 emenda
1952 2874 2039 2950 pre·

616 2968 821 3060 dictorum,
842 2972 1245 3079 condempnavitcuria
1263 2987 1389 3049 nostra
1405 2970 1571 3049 eundem
1588 2972 1767 3051 comitem
1781 2973 1893 3063 fuxi,
1914 2989 1952 3051 et
1965 2976 2038 3051 mi·

614 3102 869 3193 sericnrditer‚
905 3104 945 3181 in
975 3104 1126 3212 triginta
1154 3103 1273 3183 millio
1303 3103 1488 3181 librarum
1515 3102 1796 3182 Turonensium
1828 3104 2035 3196 bonorum,

613 3258 776 3337 quarum
796 3232 977 3311 medietas
996 3234 1156 3337 expendi
1172 3232 1309 3311 debeat
1324 3218 1363 3309 in
1385 3231 1565 3337 operibus
1583 3231 1751 3337 pietatis,
1774 3233 1823 3310 ad
1837 3233 2037 3313 arbitrium

613 3380 801 3449 nostrum
825 3382 863 3439 et
887 3363 958 3439 alia
980 3362 1291 3441 medietasnnbis
1316 3361 1538 3469 applicetur.
1559 3364 1671 3450 Item,
1694 3362 1840 3439 dictum
1859 3364 2037 3443 comitem

612 3494 705 3573 ani
723 3493 893 3600 predicto
909 3493 1039 3575 comiti
1053 3492 1284 3583 Armeniaci,
1301 3522 1369 3600 pro
1385 3492 1558 3599 dampnis
1577 3520 1645 3599 per
1658 3520 1747 3571 eum
1762 3493 1879 3599 passis
1896 3494 1937 3571 in
1956 3495 2039 3573 nliis

612 3653 727 3730 quarn
740 3626 780 3701 in
799 3626 970 3731 expensis
982 3625 1086 3703 iactis
1100 3626 1139 3702 in
1159 3626 1426 3731 prosecucione
1443 3624 1703 3731 predictorum
1719 3624 1758 3701 in
1773 3624 1877 3703 curia
1890 3642 2035 3719 nostra,

613 3753 692 3859 ipss
709 3754 813 3833 ouria
835 3772 963 3833 nmtra
978 3754 1269 3859 condempnavit
1290 3755 1330 3830 in
1350 3782 1411 3831 sex
1436 3753 1608 3831 millibus
1632 3753 1740 3831 libris
1756 3756 2037 3833 Turonensinm

612 3882 822 3973 honorum
842 3914 957 3992 quam
975 3912 1179 3973 summam,
1201 3912 1270 3989 per
1288 3885 1430 3961 curiam
1449 3900 1626 3961 nostram·
1637 3900 1815 3971 mutam,
1833 3883 1958 3960 dictus
1972 3910 2036 3961 co·

613 4042 698 4093 mss
709 4013 921 4093 Armeniaci
938 4042 1012 4121 pro
1025 4013 1199 4121 dampnis
1214 4014 1295 4091 suis
1305 4012 1485 4119 predictis
1496 4012 1647 4118 juravit.

668 4144 822 4223 Sabhati
842 4163 928 4251 post
945 4144 1358 4253 Sanctum-Georgium.

668 4276 708 4353 B.
726 4276 776 4353 de
795 4277 898 4354 Meso
917 4276 1131 4382 reportavit.

516 4424 522 4433 '
667 4407 749 4485 Non
770 4406 893 4485 haben
914 4407 1136 4512 inquestam.

667 4668 791 4746 xxiv.
822 4667 894 4745 Die
918 4664 1067 4745 sabbati.
1083 4685 1170 4771 post
1191 4664 1330 4747 festum
1353 4668 1454 4745 beati
1475 4664 1628 4775 Georgii
1649 4668 1751 4774 apud
1772 4667 2031 4763 Cacicantum,

610 4796 1816 4905 pmiatosrrestointerrnmitemFuxierumperteetcomitem
1824 4799 2032 4880 Annanisci

611 4946 651 5007 et
662 4928 734 5007 sibi
749 4929 977 5007 adherentes
986 4988 1001 5018 ,.
1013 4956 1057 5005 ex
1072 4926 1387 5035 altera‚..prscepit
1396 4930 1503 5007 maria
1516 4927 1622 5036 quod
1634 4927 1706 5033 ipsi
1723 4926 1798 5005 sibi
1810 4928 1857 5005 ad
1872 4927 2032 5009 invicem

610 5058 839 5168 legittimum
860 5074 1069 5166 prestarent
1087 5077 1445 5149 assecuramentnm‚
1467 5077 1506 5139 et
1526 5078 1632 5149 tunc,
1652 5058 1702 5135 ad
1721 5060 1944 5138 mandatum
1967 5090 2035 5139 cu·

611 5192 683 5281 rie,
701 5220 830 5271 comes
841 5190 1053 5271 Armeniaci
1070 5190 1208 5283 (iason,
1220 5192 1303 5299 ejus
1316 5190 1443 5281 frater,
1459 5192 1668 5269 vicecomes
1676 5190 1977 5298 Fenenmgnelfi,
1995 5210 2035 5270 et

610 5323 837 5412 Bernartius,
854 5323 1063 5401 noscomes
1077 5326 1275 5417 Tereum,
1292 5324 1341 5401 de
1360 5352 1401 5403 se
1422 5340 1461 5401 et
1478 5323 1557 5401 suis
1571 5322 1673 5400 dicto
1693 5323 1821 5400 comiti
1836 5324 1946 5414 ani,
1963 5348 2032 5428 pro

611 5478 652 5527 se
666 5455 810 5543 etauio,
826 5453 1025 5559 perfidem
1041 5482 1147 5533 suam
1166 5454 1396 5563 legittimum
1411 5452 1656 5561 prestiterunt
1668 5468 2031 5539 assecuramentum3

1806 5659 1810 5667 .
1851 5602 1902 5684 49.
