5817 7292
1016 1036 1284 1147 suoutrns
1312 1058 1373 1130 nr
1402 1044 1609 1135 pauens.
1947 1072 2019 1147 aas

601 1216 698 1277 esset
718 1196 946 1287 faciendum,
970 1226 1037 1304 pro
1061 1199 1174 1276 tantis
1195 1197 1404 1277 excessibus
1427 1217 1466 1277 et
1486 1202 1632 1309 injuriis
1658 1209 1855 1285 emendam
1877 1210 2019 1287 civilem
2061 1224 2247 1293 vastanter,

598 1345 807 1436 prestarent
826 1328 1068 1438 condignam,
1086 1330 1176 1436 ipsis
1190 1328 1358 1437 predicta
1378 1331 1602 1437 negantibus
1622 1351 1660 1409 et
1683 1335 1792 1439 plura
1807 1341 1854 1415 ad
1878 1340 1935 1415 sui
1955 1342 2022 1416 de·
2122 1314 2187 1357 ’Μ’

598 1462 810 1541 sensionem
819 1462 1133 1569 proponentibus,
1148 1462 1286 1540 deinde
1300 1462 1495 1569 productis
1506 1462 1679 1570 pluribus
1693 1468 1866 1558 testibus,
1878 1487 1954 1546 tarn
1968 1500 2026 1547 su-

597 1622 666 1700 per
679 1594 858 1701 predictis
876 1593 1075 1701 propositis
1092 1611 1220 1671 contra
1235 1620 1315 1683 eos,
1333 1622 1444 1700 qnam
1459 1621 1574 1700 super
1584 1592 1867 1675 defensionibus
1881 1627 2027 1676 eorum-

598 1726 704 1815 dem,
721 1726 809 1804 visis
833 1725 1033 1832 diligenter
1052 1723 1362 1831 deposicionibus
1388 1725 1577 1802 dictorum
1595 1725 1752 1801 testium
1778 1744 1816 1802 et
1835 1730 1968 1804 ceteris
1989 1730 2027 1804 in

597 1858 769 1965 inquesta
783 1857 949 1964 predicta
959 1856 1156 1945 contentis,
1172 1856 1262 1962 quia
1275 1854 1371 1933 nibil
1386 1874 1582 1963 repertum
1596 1873 1653 1932 est
1668 1856 1811 1933 ibidem
1826 1856 2025 1963 probatum

597 2004 725 2066 contra
742 1986 1023 2094 prenominatos
1041 1987 1263 2076 iohannem,
1278 1986 1550 2075 Alexandrum,
1573 1986 1822 2065 Guillelmnm
1844 2005 1882 2064 et
1902 1988 2027 2093 Ilugo-

597 2119 732 2195 niuum
752 2146 818 2195 seu
834 2118 1000 2225 aliquem
1021 2117 1262 2206 eorumdem,
1276 2146 1345 2224 per
1358 2117 1550 2224 judicium
1566 2118 1671 2195 curie
1685 2135 1823 2207 nostre,
1842 2145 1975 2194 omnes
1990 2137 2026 2194 et

485 2338 490 2343 ¹
596 2246 732 2356 singuli
752 2247 1004 2354 prenominati
1023 2277 1137 2354 snper
1156 2246 1345 2354 premissis
1370 2266 1500 2326 contra
1520 2248 1621 2354 ipsos
1640 2249 1843 2356 propositis
1862 2248 2024 2325 absoluti

596 2378 764 2470 fuerunt,
781 2396 966 2485 quantum
985 2406 1073 2457 vero
1094 2378 1139 2453 ad
1161 2376 1303 2455 dictum
1321 2376 1561 2467 Michaelem,
1574 2408 1662 2457 cum
1676 2380 1759 2487 ejus
1771 2376 2025 2457 deffensiones

595 2510 743 2587 invente
763 2507 905 2587 fuerint
929 2509 968 2585 in
989 2509 1162 2614 inquesta
1181 2508 1365 2613 predicta,
1388 2537 1459 2585 nec
1480 2508 1690 2586 inveniatur
1710 2509 1817 2616 qnod
1836 2536 1952 2616 super
1972 2512 2025 2588 eis

596 2638 814 2746 produxerit
831 2654 947 2716 testes
967 2664 1071 2725 suos,
1094 2665 1165 2713 nec
1180 2636 1284 2743 qnod
1299 2637 1400 2715 diem
1421 2638 1470 2715 ad
1490 2638 1564 2716 boc
1583 2638 1775 2731 babuerit,
1793 2639 1939 2717 dictum
1952 2642 2025 2717 fuit

595 2769 702 2876 quod
721 2770 812 2875 ipse,
828 2768 965 2845 vocaus
985 2767 1195 2857 evocandis,
1205 2768 1435 2874 reciperetur
1450 2768 1499 2845 ad
1508 2768 1797 2873 producendum
1808 2788 1923 2848 testes
1936 2800 2024 2851 suos

595 2928 709 3007 super
729 2898 1012 2977 defensionibus
1029 2900 1105 2977 suis
1124 2898 1319 3007 predictis,
1343 2918 1527 3008 quantum
1550 2928 1638 2977 vero
1659 2900 1707 2977 ad
1727 2901 1870 2978 dictum
1890 2905 2025 2980 Henri-

595 3060 698 3121 cum,
716 3030 994 3139 fidejussorem,
1013 3031 1080 3138 qui
1097 3031 1275 3138 proponit
1286 3060 1325 3107 se
1342 3030 1489 3107 dictum
1500 3031 1713 3109 iohannem
1727 3031 1918 3139 Piquardi,
1934 3064 2022 3142 pos·

592 3180 652 3240 tea
667 3163 706 3239 in
722 3163 869 3271 judicio
886 3162 1097 3242 exhibuisse
1113 3190 1239 3241 coram
1255 3161 1356 3239 dicto
1379 3161 1583 3251 Michaele,
1603 3180 1641 3239 et
1654 3192 1710 3253 se,
1727 3192 1797 3270 pro
1813 3164 1908 3243 facto
1924 3166 2021 3243 dicte

593 3294 862 3405 fidejussionis,
884 3324 971 3373 cum
991 3294 1114 3374 dictus
1133 3295 1323 3373 lohannes
1348 3293 1570 3401 aufugisset,
1593 3312 1723 3400 postea
1737 3324 1807 3403 per
1824 3296 2021 3375 biennium

593 3428 789 3506 detentum
801 3427 841 3504 in
856 3428 1021 3533 prisione
1035 3426 1161 3518 fuisse,
1176 3446 1214 3505 et
1226 3454 1265 3506 se
1279 3426 1378 3505 bona
1392 3455 1459 3503 sua
1471 3408 1617 3504 ibidem
1632 3428 1921 3534 consumpsisse,
1935 3459 2022 3536 sup

593 3558 733 3665 plicans
757 3558 828 3637 sibi
850 3588 965 3666 super
983 3561 1056 3639 hoc
1077 3557 1371 3638 misericorditer
1396 3558 1559 3664 providi,
1580 3559 1751 3665 precepit
1773 3560 1872 3637 curia
1894 3578 2021 3639 nostra

592 3691 698 3795 quod
712 3691 833 3767 dictus
848 3690 1048 3779 Henricus,
1065 3690 1147 3795 qui,
1163 3690 1313 3767 racione
1327 3687 1426 3765 dicte
1442 3686 1711 3794 fidejussionis,
1729 3690 1888 3795 graviter
1902 3708 1940 3766 et
1952 3693 2019 3768 diu

592 3847 661 3925 per
682 3848 868 3900 carcerem
891 3820 1014 3899 fuerat
1040 3838 1247 3897 maceratus
1271 3836 1309 3895 et
1328 3816 1439 3895 bonis
1462 3817 1540 3895 suis
1560 3835 1806 3923 consumptus
1823 3835 1860 3894 et
1883 3819 2021 3925 depan-

593 3966 762 4055 paratus,
781 3978 895 4057 super
910 3950 983 4029 hoc
1004 3950 1199 4027 dimitatnr
1213 3950 1251 4026 in
1272 3976 1378 4055 pace,
1397 3964 1435 4025 et
1452 3948 1621 4055 precepit
1637 3948 1802 4054 insuper,
1824 3949 1871 4027 de
1891 3950 2021 4027 volun·

592 4097 667 4159 tate
700 4081 846 4159 domini
878 4082 987 4191 Regis
1017 4100 1055 4159 et
1091 4083 1138 4159 de
1170 4082 1309 4188 gracia,
1341 4078 1446 4186 qnod
1478 4079 1558 4187 ipse
1592 4097 1797 4186 reponatur
1826 4081 1864 4155 in
1895 4080 2019 4160 officio

594 4211 821 4319 sergenterie
840 4213 880 4289 in
895 4242 972 4320 qno
991 4213 1070 4320 ipse
1090 4230 1185 4305 erat,
1206 4229 1378 4318 tempore
1395 4208 1650 4319 fidejussionis
1664 4211 1848 4318 predicte,
1874 4210 2018 4293 ibidem

593 4344 776 4450 quamdiu
797 4343 954 4423 domino
969 4345 1059 4454 Regi
1082 4344 1265 4452 placuerit
1278 4370 1533 4421 remansurus.

647 4475 753 4552 Lune
769 4493 855 4582 post
873 4474 1219 4555 Annunciacionem
1239 4472 1480 4553 dominicam.

647 4604 776 4714 Voyssi
797 4608 1009 4714 reportavit.

647 4737 823 4845 Magister
838 4740 877 4816 P.
896 4738 1126 4847 Champion,
1146 4740 1274 4849 legum
1290 4739 1441 4828 doctor,
1460 4738 1639 4846 magister
1651 4740 1682 4815 J.
1700 4738 1749 4815 de
1761 4740 1890 4830 Dnno,
1904 4739 2018 4817 advo·

591 4884 710 4957 catus,
728 4885 766 4945 et
778 4868 1003 4949 Guillelmus
1019 4871 1276 4985 de'Medunta,
1289 4872 1437 4979 janatus
1451 4870 1598 4950 domini
1616 4870 1741 4979 Regis,
1759 4869 1929 4949 fecerunt
1942 4871 2020 4949 dic-

590 5014 666 5075 tam
686 4997 898 5107 inquestam
918 5031 1005 5079 cum
1026 5000 1180 5094 ballivo,
1203 5018 1240 5079 et
1259 5002 1435 5112 magister
1455 5002 1634 5083 Salomon
1653 5001 1925 5080 administravit
1939 5030 2021 5080 om·

591 5156 658 5208 nes
677 5146 802 5211 testes.
824 5134 886 5211 Sic
904 5151 1072 5241 reportat
1091 5134 1259 5213 ballivus.

646 5390 736 5469 XLl.
773 5394 870 5473 Cum
893 5398 1065 5505 inquesta
1082 5398 1246 5505 quedam
1272 5426 1340 5505 per
1363 5400 1597 5507 prepositum
1616 5400 1888 5478 Bituricensem
1907 5393 2015 5485 facta,

676 5564 727 5607 trs
749 5566 831 5611 οιιιι.
856 5572 902 5617 ιιι.
1850 5548 1890 5633 69
