5817 7292
856 1115 930 1190 308
1437 1109 1528 1182 tus
1559 1109 1696 1183 OLIM.

629 1272 759 1325 Parum
770 1267 814 1328 tv,
855 1254 1092 1364 processibus
1111 1251 1324 1342 antedictis,
1342 1266 1380 1330 et
1395 1251 1639 1330 consideratis
1658 1249 1929 1356 omnibusque
1951 1251 2094 1332 curiam
2114 1267 2278 1335 nostram

691 1360 754 1404 ’Μ’
856 1413 1008 1467 movere
1023 1400 1197 1492 poterant
1207 1399 1245 1460 et
1256 1381 1460 1472 debebant,
1476 1410 1544 1488 per
1556 1381 1658 1459 curie
1670 1397 1796 1458 nostre
1808 1379 2180 1485 judicium„dictum
2191 1383 2276 1476 luit,

857 1520 895 1594 in
919 1532 1104 1625 quantum
1127 1515 1247 1623 tangit
1269 1514 1470 1602 Pnacium,
1497 1510 1745 1591 Guillelmum
1772 1528 1810 1588 et
1832 1514 2045 1620 ,Iohannem
2070 1515 2279 1620 predictos,

855 1650 954 1728 bene
979 1645 1288 1754 pronunciatum,
1316 1662 1354 1722 et
1376 1642 1476 1721 male
1503 1643 1729 1749 appellatum
1755 1642 1887 1736 luisse,
1915 1661 1953 1722 et
1978 1645 2079 1751 ipsos
2105 1648 2280 1754 compelli

849 1779 997 1858 debere
1015 1779 1065 1868 ad
1083 1774 1307 1854 solvendum
1323 1774 1511 1880 predictas
1526 1774 1686 1878 pecunie
1701 1802 1867 1852 summas
1887 1775 1926 1850 in
1945 1775 2084 1882 quibus
2104 1778 2175 1890 ipsi
2196 1807 2283 1856 con-

858 1908 1049 2015 dempnati
1070 1907 1242 1997 fuerunt,
1264 1904 1581 2010 mandabiturque
1596 1904 1725 2010 probis
1739 1904 1826 2004 viris
1840 1921 1884 1982 ut
1898 1906 1987 2012 ipsi,
2000 1925 2131 2000 vocato
2147 1909 2281 1988 abbate

858 2058 896 2118 et
919 2040 1052 2132 electo,
1073 2057 1113 2118 et
1134 2039 1216 2116 aliis
1237 2036 1450 2129 evocandis,
1477 2036 1670 2142 inquirant
1695 2035 1895 2144 diligenter
1914 2035 1953 2114 in
1973 2057 2155 2144 quantum
2176 2069 2281 2150 repe-

857 2171 1003 2262 rientur
1027 2198 1141 2277 super
1160 2168 1338 2275 predictis
1356 2165 1565 2272 culpabiles
1585 2165 1707 2243 dictus
1727 2165 1842 2244 abbas
1862 2184 1900 2244 et
1917 2168 2032 2246 ceteri
2052 2170 2131 2277 ejus
2149 2189 2279 2278 gentes

859 2320 898 2380 et
911 2300 1102 2396 officiales,
1117 2329 1159 2378 ac
1175 2302 1223 2378 de
1237 2298 1411 2404 dampnis
1422 2326 1491 2404 per
1506 2325 1637 2388 omnes
1648 2297 1837 2403 predictos
1855 2297 1956 2377 dicto
1972 2300 2081 2378 Petro
2096 2301 2277 2410 Stephani

859 2433 972 2511 illatis
986 2460 1055 2539 per
1068 2431 1287 2508 incendium
1299 2429 1577 2536 supradictum,
1593 2445 1631 2505 et
1646 2427 1736 2534 inqu
1742 2445 1874 2520 estam,
1888 2458 1999 2536 quam
2015 2459 2128 2538 super
2141 2433 2214 2512 hoc
2226 2433 2279 2512 le-

859 2563 990 2652 cerint,
1006 2561 1208 2653 adeluiam
1221 2577 1385 2652 nostram
1401 2560 1594 2646 remittant
1605 2559 1851 2665 judicandam
1866 2561 1913 2637 ad
1927 2560 2096 2640 futurum
2107 2564 2277 2669 proximo

857 2692 1153 2798 parlamentum33
1169 2690 1428 2782 vemmtamen
1444 2689 1535 2766 dicti
1555 2691 1688 2768 Petms
1710 2691 1757 2768 de
1769 2690 1960 2778 Carionna
1975 2711 2012 2770 et
2027 2693 2212 2802 Sycardus
2230 2696 2278 2774 de

856 2821 1048 2915 Pomario,
1065 2821 1155 2900 licet
1168 2822 1400 2928 in'predictis
1415 2821 1624 2929 culpabiles
1637 2821 1780 2900 suerint
1797 2823 1937 2904 inventi
1949 2825 2113 2915 ,redditi
2128 2826 2282 2906 fuerunt
2374 2875 2378 2878 ·

859 2954 1136 3062 archiepiscopo
1156 2952 1407 3042 Narbonensi,
1428 2952 1518 3059 quia
1538 2952 1663 3030 clerici
1684 2981 1764 3054 esse
1786 2954 2028 3047 dicebantur3
2050 2958 2208 3035 etcuria
2228 2977 2281 3036 ta-

860 3085 937 3163 cuit
956 3086 1004 3162 de
1025 3085 1078 3164 eis
1097 3084 1250 3191 quando
1265 3083 1446 3190 judicavit
1466 3083 1604 3162 dictam
1624 3083 1849 3190 inquestam.
1869 3087 1978 3163 Facta
1994 3103 2049 3164 est
2066 3089 2280 3168 commissio

854 3216 1050 3323 judicibus
1068 3213 1274 3322 majoribus
1294 3213 1520 3292 Carcassone
1541 3214 1646 3293 etde
1668 3215 1784 3292 Saltu.

913 3346 1071 3427 Veneris
1090 3362 1175 3451 post
1193 3345 1457 3424 Reminiscere.

914 3476 1022 3556 Greci
1041 3476 1252 3582 reportavit.

899 3746 954 3820 t.
986 3744 1089 3824 Mota
1108 3743 1357 3833 controversia
1377 3744 1538 3821 incuria
1558 3763 1683 3823 nostra
1704 3745 1802 3822 inter
1823 3745 2032 3822 Johannem
2052 3743 2207 3823 Waillet
2228 3744 2275 3822 de

858 3872 1056 3964 Solesmis,
1080 3900 1125 3950 ex
1144 3901 1220 3951 una
1240 3891 1361 3982 parte,
1384 3891 1424 3951 et
1440 3874 1622 3953 Jacobum
1647 3875 1695 3952 de
1715 3874 1876 3984 Laydin,
1899 3875 2091 3980 quondam
2109 3875 2278 3982 preposi-

856 4020 938 4093 tum
960 4003 1309 4098 SanctifQuintini,
1330 4033 1374 4082 ex
1393 4005 1526 4095 altera,
1549 4033 1728 4113 supereo
1748 4006 1853 4113 quod
1874 4006 1997 4084 dictus
2012 4008 2202 4086 lohannes
2221 4035 2279 4084 as-

857 4133 1013 4228 serebat
1023 4164 1063 4214 se
1082 4134 1197 4243 longo
1221 4153 1393 4243 tempore
1415 4137 1612 4216 detentum
1631 4135 1745 4214 fuisse
1766 4165 1835 4242 per
1858 4137 2001 4214 dictum
2021 4137 2219 4227 berthum,
2242 4156 2279 4216 et

858 4267 993 4360 carceri
1011 4267 1266 4373 mancipatum
1281 4269 1407 4348 minus
1417 4269 1520 4377 juste
1538 4287 1577 4346 et
1589 4269 1670 4348 sine
1685 4295 1808 4359 causa,
1823 4268 1863 4344 in
1880 4269 1995 4346 domo
2009 4269 2164 4374 ceperii,
2179 4268 2278 4374 apud

856 4395 1308 4491 Sanctum-Quintinum,
1335 4389 1375 4476 in
1404 4399 1672 4506 compedibus,
1696 4415 1733 4478 et
1751 4427 1819 4504 per
1841 4399 1917 4475 vim
1935 4415 1975 4476 et
1996 4399 2276 4505 oppressionem

857 4527 1013 4604 carceris
1042 4556 1082 4604 se
1112 4529 1351 4636 compulsum
1382 4531 1433 4608 ad
1462 4526 1808 4639 recognoscendum
1840 4557 1878 4606 se
1909 4529 2047 4608 debere
2075 4530 2277 4642 quamdam

855 4685 1028 4764 magnam
1046 4649 1204 4765 pecunie
1225 4689 1412 4738 summam
1431 4661 1570 4739 Jacobo
1588 4680 1626 4739 et
1645 4662 1755 4739 Petro
1776 4660 1990 4751 Heretiaus,
2005 4658 2197 4749 fratribus,
2220 4678 2272 4748 et,

732 4785 737 4794 ’
858 4787 957 4866 dicto
975 4788 1146 4866 Johanne
1166 4790 1219 4868 sic
1238 4792 1418 4872 existente
1438 4793 1478 4868 in
1499 4775 1600 4870 dicto
1621 4789 1767 4870 carcere
1787 4792 1827 4868 in
1847 4790 2110 4898 compedibus,
2132 4790 2275 4869 dictum

855 4919 1048 5024 quondam
1067 4923 1301 5026 prepositum
1316 4923 1455 5001 levasse
1469 4923 1596 5000 minus
1606 4924 1707 5030 juste
1727 4939 1765 5000 et
1782 4922 1862 5002 sine
1876 4951 1984 5000 cama
1997 4922 2045 5000 de
2061 4921 2172 5002 bonis
2187 4923 2277 5000 dicti

853 5049 1033 5155 lobannis
1056 5079 1177 5158 usque
1200 5053 1248 5130 ad
1272 5083 1457 5132 summam
1479 5055 1770 5162 quingentarum
1794 5051 1977 5132 libramm
1995 5055 2274 5154 Parisiensium,

852 5178 953 5258 bone
973 5198 1142 5278 monete,
1160 5200 1199 5262 et
1214 5212 1254 5262 se
1268 5185 1389 5265 eciam
1403 5185 1523 5262 multa
1542 5185 1613 5263 alia
1629 5185 1809 5294 dampna,
1824 5187 1974 5264 racione
1994 5185 2084 5262 dicti
2100 5183 2274 5272 carceris,

851 5311 1076 5392 incurrisse:
1103 5315 1293 5405 Tandem,
1320 5314 1494 5422 inquesta
1517 5347 1632 5426 super
1655 5318 1729 5394 hoc
1748 5317 1796 5415 de
1822 5315 1997 5393 mandato
2025 5331 2155 5393 nostro
2182 5312 2276 5392 facta

850 5443 924 5522 visa
945 5461 984 5524 et
1001 5443 1204 5554 diligenter
1221 5446 1444 5538 examinata,
1470 5450 1558 5553 quia
1585 5449 1781 5524 inventum
1801 5463 1858 5524 est
1877 5446 2022 5524 dictum
2042 5445 2276 5554 prepositum
