5817 7292
1049 1098 1315 1208 snoutrns
1340 1119 1405 1190 nr
1432 1097 1640 1191 rnocbs.
1984 1118 2057 1190 ass
2150 1139 2153 1148 ·

638 1287 769 1340 ecesse
782 1276 821 1338 et
831 1259 964 1350 luisse,
977 1289 998 1336 a
1009 1260 1124 1370 longo
1137 1277 1327 1366 tempore,
1344 1261 1385 1336 in
1400 1259 1534 1338 saisina
1547 1257 1736 1372 capiendi,
1753 1257 1917 1349 levandi,
1932 1285 2060 1364 aspor·
2098 1272 2229 1328 Puum
2243 1271 2286 1336 tv,

637 1387 744 1469 tandi
769 1409 806 1469 et
825 1390 992 1470 habendi
1013 1392 1257 1470 estraheriam
1281 1420 1351 1470 seu
1371 1389 1631 1469 loursaituram
1657 1390 1695 1466 in
1719 1416 1791 1466 suo
1817 1387 1988 1467 districtu
2012 1389 2060 1468 dc
2145 1363 2223 1504 ,Μ’

638 1521 781 1612 Insula,
796 1551 910 1627 quare
927 1523 1105 1629 petebant
1122 1523 1439 1628 impedimentum
1459 1521 1531 1600 sibi
1552 1548 1620 1626 per
1639 1537 1770 1626 gentes
1788 1525 1932 1618 nostras
1951 1547 2064 1625 appo-

639 1652 756 1730 situm
771 1652 809 1730 in
825 1655 1029 1732 estraheria
1042 1683 1111 1732 seu
1125 1653 1348 1732 lonrlaitura
1355 1652 1538 1732 lobannis
1553 1651 1642 1730 dicti
1656 1653 1705 1730 de
1717 1653 1836 1742 Laon,
1851 1678 1926 1756 que
1941 1652 2064 1729 evenit

641 1782 681 1858 in
694 1782 867 1861 districtu
882 1812 952 1862 suo
967 1784 1138 1890 predicto
1155 1786 1203 1863 de
1215 1785 1357 1872 Insula,
1375 1800 1413 1862 et
1428 1811 1584 1862 manum
1598 1799 1780 1870 nostram,
1796 1798 1987 1888 tamquam
2005 1810 2065 1860 su·

640 1913 815 2018 perioris,
828 1929 983 2020 propter
995 1914 1174 1993 debatuin
1185 1915 1353 2021 parcium
1367 1913 1513 1992 ibidem
1525 1913 1748 2020 appositam,
1763 1911 1943 1999 amoveri,
1960 1928 1998 1990 et
2009 1912 2066 2018 ip-

642 2070 703 2121 sos
716 2043 757 2120 in
769 2043 904 2122 saisina
915 2072 981 2121 sua
991 2043 1157 2150 predicta
1167 2043 1322 2150 pacilice
1336 2045 1470 2133 teneri,
1485 2043 1656 2152 ita-quod
1668 2043 1740 2150 ipsi
1751 2043 1895 2149 possint
1908 2040 1954 2120 da
1968 2043 2066 2123 dicta
2169 2130 2174 2139 ,

643 2173 844 2252 estraheria
856 2172 1157 2251 seulourlaitura
1170 2174 1309 2252 amodo
1322 2173 1476 2279 pacifice
1487 2175 1667 2281 gaudere,
1685 2173 1823 2252 ballivo
1843 2189 1972 2252 nostro
1985 2201 2068 2280 pra·

643 2302 745 2380 dicto
764 2303 805 2380 in
824 2304 1052 2381 contrarium
1073 2321 1261 2384 asserente
1276 2321 1315 2380 et
1328 2304 1477 2382 dicente
1496 2332 1565 2382 nos
1585 2331 1665 2384 esse
1686 2320 1725 2381 et
1743 2303 1857 2384 fnisse
1877 2304 1918 2383 in
1935 2303 2068 2384 saisina

643 2432 824 2526 habendi,
843 2432 1009 2526 levandi,
1030 2435 1200 2540 capiendi
1219 2451 1259 2512 et
1275 2434 1490 2539 asportandi
1509 2434 1728 2541 hujusmodi
1745 2433 1985 2514 estraheriam
1999 2461 2067 2512 seu

643 2561 904 2643 lourlaituram
917 2565 956 2640 in
969 2564 1054 2642 loco
1063 2563 1251 2670 predict03
1264 2591 1379 2668 quare
1396 2563 1546 2641 dicebat
1561 2565 1680 2642 dietus
1691 2563 1850 2642 ballivus
1861 2565 1999 2642 dictam
2011 2593 2067 2644 es·

645 2695 848 2772 traheriam
862 2719 929 2770 seu
943 2692 1204 2772 lourlaituram
1216 2692 1344 2780 nobis,
1357 2711 1552 2799 tamquam
1568 2694 1679 2798 parti,
1695 2691 1834 2772 debere
1849 2721 2067 2783 remanere:
2155 2693 2160 2704 ”

646 2824 838 2912 Tandem,
858 2824 1031 2929 inquesta
1050 2821 1098 2900 de
1122 2812 1299 2900 mandato
1323 2817 1592 2940 nostroi'super
1615 2823 1688 2900 boc
1714 2821 1806 2900 lacta
1827 2825 1913 2902 visa,
1926 2839 1964 2902 et
1985 2824 2070 2907 dili.-

646 2971 778 3061 genter
792 2953 1015 3042 ammirato,
1030 2952 1121 3059 quia
1137 2952 1330 3030 inventum
1348 2969 1404 3030 est
1418 2951 1650 3030 sufficienter
1665 2952 1863 3060 probatum
1881 2954 2002 3034 dictos
2016 2984 2070 3032 re

647 3083 800 3191 ligiosos
815 3113 896 3162 esse
909 3102 947 3162 et
962 3081 1130 3175 brisse,'a
1142 3082 1258 3186 longo
1275 3099 1464 3187 tempore,
1486 3083 1526 3160 in
1541 3083 1676 3161 saisina
1690 3084 1879 3191 capiendi,
1901 3085 2067 3178 levandi,

648 3213 864 3321 asportandi
884 3232 923 3292 et
941 3214 1107 3292 habendi
1130 3212 1284 3320 pacifice
1305 3211 1549 3292 estraheriam
1568 3241 1636 3293 seu
1657 3213 1917 3296 loursaituram
1936 3219 1976 3294 in
1996 3218 2071 3296 dis·

647 3344 761 3422 trictu
780 3373 850 3423 suo
868 3345 1041 3451 predicto
1061 3345 1109 3422 de
1131 3343 1274 3434 Insula,
1299 3344 1592 3449 pronunciatum
1613 3343 1702 3434 brit,
1727 3373 1796 3450 per
1818 3347 1921 3424 curie
1944 3364 2069 3425 nostre

643 3475 847 3581 judicium,
862 3476 1001 3554 dictam
1011 3505 1165 3554 manum
1181 3492 1366 3565 nostram,
1378 3476 1419 3553 in
1435 3476 1532 3554 dicta
1547 3475 1750 3554 estraheria
1762 3477 1919 3582 predicti
1931 3477 2069 3558 lohan-

648 3606 707 3685 uis
723 3607 769 3684 de
784 3607 888 3684 Laon
902 3607 1129 3712 appositam,
1148 3623 1304 3713 propter
1317 3604 1497 3684 debatum
1513 3605 1698 3712 parcium,
1715 3606 1881 3687 totaliter
1898 3637 2072 3688 amoven-

650 3738 737 3816 dam
762 3755 801 3816 et
823 3738 968 3815 eisdem
991 3737 1177 3845 religiosis
1201 3736 1342 3814 debere
1367 3736 1495 3824 reddi,
1522 3737 1698 3842 ipsosque
1721 3737 1917 3845 religiosos
1944 3738 1981 3814 iu
2006 3767 2073 3816 sua

650 3869 784 3946 saisina
808 3868 975 3973 predicta
994 3895 1191 3946 remanere
1213 3867 1368 3956 debere,
1388 3865 1488 3944 salva
1508 3866 1618 3945 nobis
1642 3896 1754 3972 super
1778 3868 1851 3948 hoc
1874 3868 2072 3974 questione

652 3996 901 4104 proprietatis.

709 4128 839 4205 Martis
858 4146 942 4234 post
956 4129 1290 4208 Circumcisinnem
1306 4126 1474 4205 Domini.

709 4257 883 4336 Bocellus
900 4259 1113 4366 reportavit.

709 4520 868 4597 XXXIX.
900 4518 1241 4627 Significatumluit
1250 4520 1361 4600 nobis
1371 4520 1488 4626 quod,
1502 4551 1589 4600 cum
1599 4519 1712 4602 frater
1720 4522 1880 4602 lacobus
1888 4525 1935 4603 de
1946 4525 2075 4618 Maria,

655 4651 857 4728 canonicus
872 4649 1054 4759 regularis
1066 4653 1282 4730 monasterii
1297 4653 1345 4730 de
1361 4654 1568 4759 Spernaco,
1586 4654 1748 4762 amajori
1766 4673 1804 4733 et
1818 4658 1954 4736 saniori
1971 4675 2074 4765 parte

655 4779 810 4858 illorum
830 4780 955 4888 quiin
979 4780 1164 4860 electione
1182 4782 1338 4866 rectoris
1359 4811 1429 4862 seu
1448 4784 1759 4866 administratoris
1778 4786 1914 4864 domus
1934 4789 2076 4866 Sancti-

655 4911 782 4988 Lazari
795 4912 843 4988 de
857 4912 1046 5018 Spernaco
1054 4914 1118 5021 jus
1133 4913 1273 4992 babere
1287 4913 1478 5004 dicuntur,
1497 4916 1538 4994 in
1552 4933 1737 4997 rectorem
1752 4917 1924 5023 ejusdem
1938 4918 2077 4999 domus

654 5039 787 5120 luisset
803 5038 967 5133 electus,
988 5070 1135 5122 necnon
1156 5043 1196 5122 in
1216 5045 1491 5150 possessionem
1512 5047 1743 5153 corporalem
1764 5047 1854 5126 dicti
1875 5047 2007 5137 ollicii,
2029 5047 2076 5126 de

657 5172 835 5250 mandato
847 5191 993 5263 nostro,
1010 5174 1488 5264 inductus,·nicbilominus
1504 5176 1680 5257 nonnulli
1695 5177 1924 5260 habitatores
1937 5193 1974 5258 et
1985 5178 2079 5257 bur·

656 5328 789 5407 gauses
808 5303 980 5409 ejusdem
1001 5304 1087 5382 ville
1108 5304 1155 5382 de
1175 5305 1380 5410 Spernaco,
1401 5306 1450 5383 de
1471 5307 1628 5387 consilio
1649 5309 1889 5388 scabinomm
1909 5309 2079 5417 ejusdem

656 5429 761 5518 ville,
781 5434 893 5511 turba
912 5434 1133 5522 coadunata,
1152 5435 1296 5512 dictum
1313 5435 1467 5524 fratrem
1486 5436 1668 5515 laoobum
1685 5437 1732 5515 ab
1753 5438 1886 5516 eadem
1908 5437 2023 5514 domo
2044 5454 2081 5515 et
