5817 7292
1022 1101 1286 1211 suousrss
1313 1121 1377 1193 nr
1405 1103 1613 1195 esoces.
1957 1121 2029 1195 res

611 1267 709 1344 inter
731 1266 848 1373 ipsos,
870 1264 973 1341 idem
991 1263 1150 1341 ballivus
1168 1263 1452 1369 pronunciasset
1470 1291 1540 1339 nos
1559 1262 1598 1338 in
1621 1261 1756 1338 saisina
1775 1261 1849 1339 alte
1868 1283 1906 1342 et
1924 1265 2030 1344 basse
2071 1270 2199 1322 Pfflm
2213 1271 2255 1334 ὓ»

606 1397 757 1505 justicie
771 1375 857 1472 ville
873 1393 922 1472 de
942 1391 1215 1472 Cbsnte-Melle
1233 1421 1427 1470 remanere
1448 1391 1606 1481 debere,
1624 1391 1748 1469 dictus
1765 1393 1880 1497 prior,
1898 1394 1943 1471 ab
1959 1397 2031 1476 hu·
2133 1361 2194 1402 lm

605 1525 776 1632 jusmodi
789 1523 978 1632 judicato,
1000 1523 1031 1601 si
1051 1540 1129 1601 erat
1143 1522 1317 1630 aliquod,
1337 1539 1515 1629 tanquam
1529 1551 1551 1598 a
1566 1520 1658 1600 salso
1678 1538 1717 1598 et
1727 1549 1858 1628 pravo,
1880 1521 1928 1599 ad
1949 1554 2033 1604 nos·

609 1673 706 1732 tram
727 1653 868 1732 curiam
889 1653 1089 1761 appellavit
1107 1653 1284 1731 :Auditis
1303 1654 1416 1762 igitur
1436 1653 1546 1730 dictis
1564 1652 1733 1759 partibus
1752 1652 1792 1730 in
1809 1681 1918 1730 causa
1933 1654 2032 1732 dicte

611 1784 892 1893 appellacionis,
920 1801 957 1861 et
978 1785 1064 1863 visis
1089 1784 1326 1891 processibus
1351 1784 1563 1876 antedictis,
1593 1813 1679 1862 cum
1703 1801 1897 1890 repertum
1920 1784 2034 1864 luerit

611 1913 944 2006 dictumballivum
965 1943 1078 2020 snper
1095 1912 1169 1991 alio
1188 1943 1303 2022 qnam
1319 1915 1423 2021 quod
1441 1914 1604 2022 petitum
1618 1913 1738 1991 luemt
1745 1914 1952 2020 judicasse,
1965 1943 2035 2023 per

610 2045 713 2122 curie
729 2062 856 2124 nostre
871 2043 1061 2152 judicium
1077 2043 1220 2122 dictum
1235 2042 1306 2121 luit
1319 2044 1530 2150 predictum
1543 2043 1755 2149 judicatum
1769 2042 1920 2122 nullum
1935 2075 2030 2139 esse,

610 2174 805 2282 dictosque
819 2201 1034 2281 processus,
1053 2191 1207 2281 propter
1222 2173 1532 2280 delectusplures
1546 2175 1586 2251 in
1602 2175 1746 2252 eisdem
1756 2193 1938 2282 repertos,
1955 2206 2033 2255 non

608 2303 747 2394 valere,
774 2303 888 2396 salva,
913 2321 991 2381 tam
1014 2303 1124 2382 nobis
1146 2331 1259 2410 quam
1286 2304 1387 2382 dicto
1405 2305 1538 2410 priori,
1561 2305 1601 2380 in
1620 2305 1798 2410 predictis
1817 2309 2033 2413 questione,

608 2453 685 2512 tam
705 2435 744 2512 in
764 2433 999 2541 possessione
1015 2461 1130 2542 quam
1147 2434 1186 2512 in
1200 2433 1442 2542 proprietate.

665 2565 779 2654 lovis,
800 2581 888 2672 post
901 2565 1012 2644 Oculi
1032 2565 1120 2642 mei.

666 2697 718 2774 M.
738 2697 778 2773 P.
799 2696 847 2772 de
866 2694 1071 2802 Arrehlayo
1090 2695 1301 2800 reportavit.

666 2961 757 3042 LVI.
784 2963 898 3052 Cum,
916 2961 955 3038 in
970 2961 1220 3069 parimento,
1238 2963 1342 3069 qnod
1361 2957 1433 3039 suit
1451 2989 1550 3040 anno
1568 2961 1722 3040 Domini
1741 2963 1942 3043 millesimo
1962 2981 2036 3043 tre·

611 3093 816 3170 centesimo
828 3093 1005 3199 septimo,
1021 3110 1195 3200 gerentes
1209 3121 1248 3171 se
1262 3093 1565 3201 proconsulibus
1578 3093 1667 3171 ville
1682 3094 1729 3171 de
1743 3095 1953 3182 Nobiliaco,
1968 3125 2036 3201 pro

609 3217 782 3329 pluribus
805 3222 1011 3313 violenciis,
1032 3223 1179 3331 injuriis
1202 3251 1244 3300 ac
1263 3223 1537 3301 inobedienciis
1558 3253 1626 3329 per
1650 3251 1715 3300 eos
1736 3222 1847 3300 illatis
1861 3226 1982 3332 judici
2000 3244 2037 3302 et

608 3354 801 3459 preposito
817 3355 1086 3432 communibus
1102 3354 1249 3432 domini
1265 3354 1375 3462 Regis
1392 3369 1430 3430 et
1448 3355 1612 3460 episcopi
1627 3354 1918 3441 lemovicensis,
1936 3356 2037 3460 apud

609 3482 844 3562 Nobiliacnm
863 3485 1092 3577 constitutis,
1110 3509 1178 3592 per
1196 3501 1381 3563 arrestum
1396 3485 1500 3562 curie
1517 3501 1643 3563 nostre
1664 3482 1930 3590 condempnati
1947 3484 2037 3563 fuis-

609 3633 691 3692 sent
708 3614 756 3692 ad
773 3615 996 3724 gngiandnm
1017 3614 1235 3707 emendam,
1258 3629 1297 3693 et
1320 3615 1390 3722 ipsi
1411 3615 1619 3722 gagiassent
1634 3615 1810 3705 eandem,
1831 3616 2036 3722 fuissetque

610 3745 769 3834 dicttun,
790 3774 857 3850 per
873 3746 1015 3823 curiam
1035 3764 1218 3836 nostram,
1242 3745 1348 3854 quod
1363 3747 1503 3823 taracio
1522 3747 1621 3822 dicte
1640 3746 1799 3823 emende
1825 3747 2038 3824 differretur

609 3903 808 3983 quousque
820 3874 1109 3983 suissetplcnius
1123 3875 1347 3984 inquisitum
1364 3875 1460 3952 etad
1472 3875 1612 3951 curiam
1624 3892 1790 3952 nostram
1803 3893 2035 3980 reportatum

611 4005 658 4082 de
677 4005 808 4095 modo,
833 4007 1009 4112 qualitate
1028 4025 1066 4084 et
1085 4005 1292 4114 quantitate
1317 4033 1538 4084 excessuum
1559 4005 1831 4111 predictorum,
1853 4004 2036 4082 adfinem

609 4137 760 4244 majoris
778 4137 837 4214 vel
857 4138 1014 4216 minoris
1033 4139 1234 4217 taxacionis
1256 4138 1354 4216 dicte
1380 4135 1540 4215 emende
1560 4135 1752 4213 faciende:
1769 4137 1958 4224 Tandem,
1980 4136 2038 4212 in·

610 4283 741 4372 questa
756 4295 869 4375 super
886 4270 976 4357 hoc,
994 4268 1042 4345 de
1058 4269 1235 4346 mandato
1250 4269 1353 4345 curie
1368 4285 1514 4359 nostre,
1536 4267 1723 4345 advocatis
1740 4266 1924 4374 partibus,
1945 4266 2038 4344 sacta

609 4397 684 4476 visa
700 4415 738 4476 ct
753 4398 953 4508 diligenter
973 4399 1193 4490 examinata,
1211 4399 1300 4506 qnia
1312 4399 1506 4476 inventum
1521 4415 1579 4475 est
1592 4398 1821 4477 sufficienter
1837 4398 2038 4504 probatum

611 4529 730 4636 quod,
742 4528 875 4639 judice
892 4548 929 4608 et
941 4531 1131 4637 preposito
1151 4530 1418 4608 communibus
1433 4529 1658 4637 supradictis
1670 4529 1810 4607 intrare
1827 4528 2039 4608 volentibus

612 4660 751 4738 dictam
773 4661 898 4740 villam
920 4663 1236 4751 Nobiliacensem,
1259 4662 1329 4767 ipsi
1350 4660 1448 4740 dicte
1469 4662 1556 4740 ville
1579 4679 1706 4769 portas
1725 4661 1849 4739 claudi
1870 4659 2038 4740 lecerunt

611 4810 740 4871 contra
760 4819 840 4886 eos,
867 4791 955 4872 licet
981 4791 1074 4870 alios
1099 4791 1318 4871 indistincte
1347 4793 1486 4870 intrare
1514 4792 1683 4871 volentes
1711 4793 1972 4878 admitterent,
2000 4795 2038 4868 in

611 4923 732 5002 tribus
762 4942 887 5002 tamen
912 4925 1032 5031 portis
1057 4923 1157 5000 dicte
1184 4924 1271 5002 ville
1298 4925 1496 5002 introitum
1522 4923 1756 5032 denegarunt
1776 4923 1935 5012 eisdem,
1957 4953 2038 5000 ver-

609 5055 778 5134 berando
796 5085 913 5163 equos
926 5055 1223 5144 tubicinatorum
1236 5055 1302 5163 qui
1319 5085 1406 5134 cum
1419 5056 1510 5162 ipsis
1522 5072 1643 5146 erant,
1662 5053 1856 5162 dictosque
1867 5055 2038 5163 judicem

611 5206 649 5265 et
667 5188 899 5296 prepositum
922 5187 1091 5266 volentes
1114 5217 1225 5266 suum
1253 5187 1291 5264 in
1318 5187 1416 5265 dicta
1442 5187 1528 5264 villa
1551 5215 1722 5264 exercere
1747 5185 1915 5263 officium
1935 5212 2039 5260 com·

612 5345 745 5407 mune,
768 5319 807 5396 in
829 5319 987 5398 introitu
1011 5321 1148 5398 domus
1174 5320 1387 5398 communis
1412 5319 1450 5395 in
1476 5347 1648 5424 pressura
1671 5318 1845 5428 gencium
1871 5315 2039 5422 pulsave-

613 5465 718 5535 runt,
745 5450 946 5558 pluresque
967 5451 1056 5530 alias
1082 5451 1236 5559 injurias
1260 5450 1351 5559 ipsis
1376 5467 1414 5527 et
1433 5451 1572 5530 nostris
1598 5448 1845 5528 servientibus
1866 5469 2037 5522 commu-
