5817 7292
849 1122 924 1195 258
1430 1119 1520 1190 LES
1551 1117 1691 1190 ΘΗΜ.

623 1274 808 1336 ΡιιιιιννιΝ,
847 1266 970 1370 ipsum
991 1264 1031 1338 in
1051 1291 1116 1338 sua
1134 1263 1302 1368 predicta
1322 1261 1475 1367 pacifica
1494 1259 1743 1368 possessione,
1766 1285 1881 1364 quam
1905 1257 2086 1348 habebat,
2111 1263 2269 1355 debere,

685 1367 747 1408 Μ’
849 1423 916 1499 per
929 1412 1059 1502 gentes
1075 1412 1235 1484 nostras,
1253 1393 1444 1471 custodiri.
1462 1396 1536 1472 Nec
1555 1408 1611 1468 est
1625 1389 1849 1466 intensionis
1867 1407 1994 1468 nostre
2010 1409 2157 1472 ceteros
2172 1425 2273 1474 com-

849 1526 963 1631 plices
979 1526 1069 1602 dicti
1085 1526 1247 1632 Begonis
1262 1526 1301 1602 in
1317 1525 1427 1602 dictis
1446 1523 1657 1600 excessibus
1675 1519 1814 1598 debere
1833 1521 2041 1628 impunitos
2061 1553 2273 1618 remanere,

850 1661 970 1736 immo
989 1659 1090 1737 dicto
1111 1656 1265 1748 ballivo,
1281 1683 1350 1763 per
1366 1655 1455 1733 alias
1473 1654 1616 1732 litteras
1635 1669 1796 1743 nostras,
1820 1651 2061 1732 mandabitur
2080 1658 2272 1764 quatinus,

851 1792 986 1867 vocatis
1006 1787 1218 1880 evocandis,
1241 1806 1371 1864 contra
1390 1787 1511 1863 dictos
1531 1783 1732 1891 complices
1751 1812 1864 1890 super
1882 1785 1978 1863 lacto
1998 1788 2216 1895 hujusmodi
2238 1806 2277 1866 et

851 1948 964 2026 super
976 1946 1107 1998 eorum
1124 1918 1360 2009 nominibus,
1380 1916 1663 1994 conditionibus
1678 1933 1716 1992 et
1729 1914 1982 2007 facultatibus,
2001 1917 2167 2024 inquirat
2180 1921 2276 1996 veri-

851 2069 983 2145 tatem,
997 2069 1035 2129 et
1049 2053 1261 2158 inquestam
1276 2049 1461 2138 remittat,
1477 2066 1547 2125 etc.
1565 2047 1648 2124 Fiat
1662 2073 1775 2154 super
1789 2047 1863 2124 hoc
1877 2047 2003 2126 littera
2018 2050 2066 2126 ad
2076 2049 2271 2127 ballivum.

907 2186 1015 2261 Lune
1033 2183 1213 2288 predicta.

910 2317 961 2392 M.
983 2317 1024 2392 L.
1047 2316 1094 2392 de
1109 2314 1239 2420 Voyssi
1257 2313 1469 2430 reportavit.

910 2577 1032 2654 XLIV.
1063 2575 1247 2652 Effectum
1264 2573 1398 2679 aptisie
1418 2600 1485 2650 scu
1501 2572 1799 2663 informacionis,
1814 2573 1909 2650 lacte
1929 2573 1976 2650 de
1997 2573 2171 2652 mandato
2190 2601 2275 2682 pre·

852 2708 963 2812 positi
983 2707 1032 2784 de
1052 2707 1216 2783 Anverso
1236 2723 1274 2781 et
1292 2704 1455 2782 cantoris
1474 2703 1771 2793 Aurelianensis,
1793 2732 1907 2811 super
1924 2702 2047 2782 valore
2058 2703 2275 2813 jurisdicio-

855 2837 912 2913 nis
934 2837 1105 2915 locorum
1129 2836 1177 2913 de
1203 2836 1408 2913 Clraisnaco
1436 2835 1546 2913 etde
1574 2835 1771 2926 Tresnars,
1800 2863 1869 2940 pro
1896 2835 2099 2913 commodo
2131 2836 2274 2912 domini

854 2967 979 3074 Regis,
998 2967 1139 3044 debent
1154 2966 1202 3042 ad
1216 2966 1414 3043 dominum
1429 2968 1570 3072 Regem
1586 2981 1777 3071 reportare
1797 2966 1963 3072 magistri
1982 2965 2047 3072 qui
2066 2983 2154 3044 sunt
2170 2993 2277 3046 cons-

855 3098 955 3174 tituti
975 3096 1293 3206 adjudicandum
1321 3098 1527 3202 inquestas,
1555 3095 1620 3172 sed
1648 3112 1774 3173 tamen
1800 3097 1898 3173 bene
1920 3097 2069 3174 videtur
2095 3097 2149 3174 eis
2173 3099 2277 3204 quod

856 3227 1084 3335 supplicacio
1107 3228 1307 3305 hominum
1328 3228 1376 3304 de
1398 3226 1641 3305 Montelluto
1664 3227 1710 3304 sit
1733 3227 1965 3305 admittenda
1983 3256 2051 3335 pro
2074 3228 2275 3307 commodo

857 3357 1001 3434 domini
1016 3357 1142 3462 Regis,
1164 3357 1228 3462 qui
1248 3385 1315 3463 per
1332 3356 1466 3432 dolum
1483 3355 1807 3462 Templariorum,
1828 3358 1885 3434 vel
1901 3357 2030 3435 saltem
2049 3386 2089 3434 re
2106 3356 2200 3464 ipsa,
2219 3358 2277 3435 ul-

855 3507 911 3566 tra
928 3486 1127 3568 dimidiam
1147 3504 1184 3563 et
1203 3486 1290 3593 plus
1304 3487 1441 3564 dicitur
1454 3487 1568 3566 luisse
1587 3488 1765 3594 deceptus
1780 3487 1820 3562 in
1836 3488 2053 3565 venditione
2067 3515 2179 3595 quam
2195 3491 2274 3596 ipse

854 3619 943 3695 lecit
959 3596 1185 3723 Templariis
1198 3617 1247 3694 de
1261 3617 1376 3694 rebus
1392 3619 1580 3697 contentis
1598 3619 1637 3694 in
1654 3619 1754 3695 dicta
1771 3615 2059 3708 informacione3
2077 3618 2179 3694 unde
2193 3645 2276 3696 con·

856 3748 987 3826 solunt
999 3747 1089 3824 dicti
1104 3748 1269 3854 magistri
1289 3749 1391 3854 quod
1407 3749 1576 3854 predicta
1593 3750 1764 3827 vendicio
1781 3764 2002 3826 retractetur
2017 3766 2056 3826 et
2068 3748 2276 3855 applicetur

856 3880 967 3957 dictis
987 3876 1208 3956 bominibus
1224 3878 1295 3956 sub
1312 3880 1427 3957 modo
1443 3897 1481 3958 et
1497 3881 1617 3958 lorma
1631 3879 1772 3988 quibus
1790 3879 1924 3958 volunt
1942 3909 2024 3958 eam
2044 3880 2211 3986 recipere
2229 3880 2277 3956 ad

857 4009 1102 4086 commodum
1123 4010 1268 4088 domini
1286 4011 1395 4120 Regis
1410 4013 1519 4120 cujus
1537 4013 1710 4103 interest,
1727 4029 1770 4089 ut
1785 4012 1926 4089 dictum
1943 4029 2015 4100 est,
2032 4029 2187 4119 propter
2201 4010 2278 4087 dic-

856 4157 931 4216 tam
951 4139 1231 4245 decepcionem.
1994 4133 2001 4145 ¹

912 4273 1018 4348 Lune
1038 4289 1124 4378 post
1142 4273 1290 4350 octabas
1309 4273 1528 4378 Epiphanie.

912 4402 963 4477 M.
984 4403 1025 4478 L.
1045 4403 1093 4478 de
1110 4405 1239 4509 Voyssi
1259 4405 1472 4509 reportavit.

912 4664 1020 4740 XLV.
1051 4664 2274 4760 CuminterabbatemetconventumvilladeNantho,senescallie

857 4794 1124 4885 Rutbenensis‚
1142 4825 1184 4872 ex
1199 4813 1303 4902 parte
1318 4825 1409 4893 una,
1427 4813 1464 4872 et
1478 4796 1653 4874 homines
1668 4796 1769 4874 dicte
1785 4797 1890 4888 ville,
1908 4825 1951 4875 ex
1967 4798 2096 4887 altera,
2113 4797 2159 4875 lis
2172 4814 2274 4874 mota

856 4927 987 5006 luisset
1006 4955 1130 5006 coram
1149 4929 1324 5035 magistro
1343 4929 1552 5006 Bertrando
1569 4928 1742 5021 Galterii,
1764 4947 1917 5007 tenente
1937 4929 2064 5009 locum
2085 4927 2275 5007 senescalli

856 5060 973 5135 nostri
993 5059 1261 5150 Rutbenensis,
1283 5087 1397 5167 super
1411 5089 1457 5137 eo
1472 5061 1576 5168 quod
1591 5089 1675 5168 pars
1682 5059 1879 5180 'dictorum
1896 5060 2159 5169 religiosorum
2172 5076 2277 5166 pete-

854 5187 1034 5273 bat‚'cum
1046 5186 1241 5276 instancia,
1259 5191 1474 5268 execucioni
1485 5191 1654 5268 mandari
1666 5185 1830 5269 litteram
1839 5191 2061 5297 quamdam,
2075 5217 2190 5298 quam
2204 5190 2275 5297 ipsi

855 5315 1098 5394 obtinuerant
1112 5346 1132 5392 a
1147 5316 1258 5396 nobis
1270 5336 1398 5397 contra
1413 5321 1534 5400 dictos
1545 5322 1735 5409 homines,
1750 5322 1790 5398 in
1803 5347 1878 5428 qua
1891 5321 2157 5400 continebatur
2168 5321 2275 5427 quod

856 5447 1013 5524 acribus
1031 5448 1137 5524 annis
1156 5464 1194 5524 et
1213 5449 1374 5526 dimidio
1394 5451 1483 5527 citra
1502 5453 1570 5556 ipsi
1595 5452 1767 5530 homines
1787 5452 1835 5528 de
1858 5479 1970 5543 novo,
1993 5469 2122 5530 contra
2143 5451 2276 5559 prohi-
