5817 7292
1043 1087 1313 1196 saoneres
1338 1105 1402 1174 er
1429 1083 1639 1177 procus.
1977 1103 2048 1175 317

631 1253 834 1338 Andream,
855 1247 961 1356 quod
975 1247 1088 1324 abbas
1107 1265 1146 1324 et
1164 1260 1367 1323 conventus
1384 1243 1648 1331 Maciaccnses,
1665 1267 1873 1346 corumque
1886 1243 1990 1348 prior
2004 1243 2052 1322 de
2090 1250 2220 1304 mrum
2234 1251 2276 1314 tv,

628 1380 875 1461 Bretonneria
894 1396 933 1456 et
946 1376 1173 1482 capellanus,
1195 1391 1300 1455 erant
1317 1375 1355 1450 in
1373 1391 1501 1452 nostra
1521 1372 1634 1480 garda
1654 1368 1822 1476 speciali,
1845 1386 1883 1446 et
1902 1371 1940 1448 in
1951 1373 2053 1479 paci·
2152 1343 2214 1384 Μ’

605 1510 698 1588 ⁸lica
725 1509 960 1618 possessione
985 1506 1219 1615 percipiendi
1243 1506 1407 1584 decimas
1435 1506 1473 1582 in
1498 1504 1583 1581 loco
1609 1501 1796 1610 predicto,
1824 1518 1912 1606 post
1935 1503 2051 1588 eciam

630 1639 908 1718 inhibicionem'
930 1638 1075 1714 eisdem
1099 1635 1283 1745 religiosis
1311 1636 1360 1710 de
1385 1633 1684 1742 Burgo-Dolensi
1710 1659 1779 1738 per
1805 1629 1950 1707 dictum
1976 1658 2052 1708 ser·

628 1774 794 1848 rientem
817 1768 951 1846 laetam
974 1795 1022 1843 ne
1043 1766 1163 1844 dictos
1180 1766 1375 1874 religiosos
1394 1765 1643 1844 Maciacenses
1666 1763 1705 1838 in
1729 1791 1794 1838 sua
1818 1761 2052 1866 possessione

627 1899 908 2008 perturbarent,
925 1897 1060 2002 spretis
1079 1896 1373 1974 denunciacione
1391 1913 1432 1972 et
1446 1895 1678 1972 inhibicione
1689 1892 1886 1999 predictis,
1908 1893 1956 1969 ad
1975 1891 2054 1970 dic·

628 2050 711 2109 tum
732 2030 859 2109 locum
882 2044 1117 2106 accesserunt
1135 2027 1285 2115 armati,
1313 2044 1351 2103 et
1368 2025 1501 2132 gerbas
1523 2053 1593 2131 per
1619 2024 1739 2102 dictos
1758 2022 1955 2131 religiosos
1973 2025 2053 2102 Ma·

627 2163 814 2238 ciaceuses
836 2175 1047 2266 perceptas,
1069 2157 1219 2234 racione
1239 2156 1405 2244 decime,
1433 2156 1530 2233 etin
1550 2154 1711 2261 quadam
1730 2154 1879 2262 grangia
1898 2183 1966 2260 per
1986 2185 2050 2234 eos

627 2292 767 2399 positas
795 2307 834 2367 et
858 2316 927 2396 per
952 2288 1178 2367 servientem
1202 2291 1379 2366 nostrum
1401 2286 1452 2364 ad
1477 2313 1632 2364 manum
1658 2301 1824 2364 nostram
1848 2286 2049 2390 appositus,

628 2423 843 2500 levaverunt
863 2438 902 2498 et
917 2435 1217 2527 asportaverunt,
1236 2436 1273 2496 et
1288 2417 1448 2523 pluries,
1473 2445 1542 2525 per
1561 2417 1783 2495 servientem
1801 2433 1972 2494 nostrum
1991 2445 2051 2494 re-

628 2554 773 2660 quisiti,
799 2553 997 2630 restituere
1022 2549 1243 2638 noluerunt,
1272 2549 1341 2626 sed
1366 2549 1489 2626 adhuc
1517 2577 1578 2627 eas
1600 2548 1788 2636 detinent,
1815 2563 1852 2622 et
1877 2546 1951 2624 biis
1975 2574 2051 2622 non

629 2683 812 2770 contenti,
835 2682 897 2758 die
917 2682 1106 2788 sequenti,
1128 2709 1197 2787 per
1215 2680 1342 2758 locum
1361 2679 1574 2786 predictum
1595 2677 1725 2756 armati
1745 2694 1784 2754 et
1807 2676 1952 2782 equites
1977 2677 2051 2754 dis-

629 2829 840 2901 currentes,
865 2811 937 2889 nisi
962 2810 1116 2888 luerunt
1139 2810 1272 2917 gerbas
1293 2811 1340 2888 ab
1360 2808 1437 2918 agri
1463 2808 1674 2904 cultoribus,
1689 2808 1729 2882 in
1749 2834 1882 2912 campo
1900 2807 2050 2884 racione

629 2941 776 3019 decime
796 2940 987 3029 dimissas,
1008 2939 1130 3018 levare
1152 2956 1191 3016 et
1213 2955 1422 3046 asportare,
1449 2938 1519 3017 sed
1542 2965 1609 3043 per
1632 2937 1854 3014 servientem
1881 2954 2050 3015 nostrum

627 3071 782 3148 luerunt
797 3070 847 3147 ad
865 3097 1020 3146 manum
1036 3085 1208 3151 nostram,
1222 3069 1359 3175 posite,
1377 3097 1492 3174 quare
1510 3068 1688 3175 petebant
1707 3067 1824 3144 ablata
1844 3095 1912 3172 per
1931 3066 2050 3144 dictos

628 3202 826 3309 religiosos
848 3200 896 3277 de
915 3198 1213 3307 Burgo-Dolensi
1231 3199 1375 3276 eisdem
1396 3199 1560 3294 restitui,
1587 3215 1626 3275 et
1643 3197 1773 3306 gerbas
1794 3197 1979 3304 predictas
2002 3199 2050 3274 ad

628 3361 782 3410 manum
810 3347 977 3409 nostram
1002 3330 1141 3435 positas
1170 3330 1225 3406 eis
1247 3328 1464 3419 deliberari,
1494 3346 1532 3406 et
1555 3329 1801 3433 imposterum
1825 3355 1894 3433 per
1920 3356 1989 3406 nos
2011 3330 2049 3403 in

626 3462 861 3568 possessione
879 3459 1112 3566 percipiendi
1130 3458 1316 3569 decimam
1335 3457 1377 3533 in
1394 3457 1480 3536 loco
1499 3457 1670 3563 predicto
1684 3456 1843 3564 gardiari
1858 3456 1964 3536 :Visa
1982 3458 2050 3567 igi-

627 3609 691 3670 tur
707 3593 896 3700 inquesta,
916 3619 1030 3698 super
1043 3591 1117 3668 boc
1138 3591 1273 3669 vocatis
1296 3589 1481 3695 partibus,
1507 3589 1758 3666 demandato
1782 3605 1910 3696 nostro
1935 3589 2046 3681 lacta,

628 3716 844 3801 ordiuntum
863 3721 951 3811 fuit,
971 3750 1039 3828 per
1058 3721 1161 3797 curie
1179 3737 1305 3797 nostre
1319 3718 1523 3827 judicium,
1539 3719 1643 3825 quod
1657 3719 1755 3796 dicte
1770 3719 1900 3826 gerbe,
1922 3737 2050 3795 contra

628 3853 787 3957 predicti
814 3851 1007 3928 servientis
1035 3847 1338 3955 prohibicionem
1363 3865 1400 3924 et
1423 3876 1578 3924 manum
1603 3864 1767 3924 nostram
1790 3847 1830 3920 in
1858 3845 1911 3922 eis
1934 3874 2048 3950 appo-

554 3997 559 4006 ’
628 3982 736 4058 sitam
756 3998 958 4086 asportate,
974 4007 1044 4085 per
1067 3980 1186 4056 dictos
1202 3977 1398 4083 religiosos
1417 3977 1465 4054 de
1484 3975 1775 4082 BurgoDolensi
1795 3975 1971 4080 predictis
1990 4005 2050 4054 re·

630 4110 1075 4221 ligiosisblaciacensibus
1089 4110 1346 4199 restituentur,
1366 4125 1405 4186 et
1419 4107 1493 4184 alie
1514 4105 1630 4216 gerbe
1647 4133 1721 4212 que
1740 4104 1865 4182 adhuc
1880 4105 1918 4180 in
1934 4135 2049 4182 manu

629 4259 757 4322 n'ostra
783 4259 961 4320 tenentur
985 4241 1129 4316 eisdem
1155 4237 1479 4325 deliberabuntur,
1502 4253 1541 4314 et
1559 4236 1665 4342 quod
1688 4233 1758 4341 ipsi
1783 4233 1945 4340 religiosi
1974 4238 2051 4312 Ma-

630 4375 813 4451 ciaccuses
832 4373 872 4448 in
892 4371 1126 4477 possessione
1146 4398 1212 4447 sua
1229 4368 1464 4476 percipiendi
1491 4366 1674 4445 decimam
1698 4365 1739 4443 in
1762 4364 1854 4444 locis
1871 4365 2049 4471 predictis

628 4531 697 4610 per
716 4530 787 4580 nos
810 4502 850 4578 in
872 4501 1043 4578 flaturum
1062 4497 1344 4606 gcrdiabuntur,
1365 4497 1462 4576 salva
1481 4513 1608 4574 tamen
1626 4523 1740 4602 super
1759 4495 1832 4572 hoc
1850 4497 2047 4600 questione

628 4633 864 4740 proprietatis
883 4632 982 4707 inter
998 4646 1122 4737 partes
1139 4629 1324 4737 predictas
1340 4657 1466 4707 coram
1481 4626 1610 4736 judice
1630 4625 1871 4732 competenti.

685 4763 843 4843 Cuillier
860 4762 1074 4869 reportavit.

683 5027 808 5102 Llllll.
839 5026 953 5112 Cum,
973 5052 995 5100 a
1013 5022 1379 5131 quodam-judicato,
1396 5049 1465 5128 per
1483 5022 1669 5099 decanum
1689 5038 1727 5097 et
1745 5020 1949 5126 capitulum
1969 5019 2050 5098 Lin-

627 5183 812 5263 gonenses
830 5155 887 5234 vel
905 5181 1039 5234 eornm
1060 5154 1333 5232 commissarios
1351 5152 1450 5231 sacto
1473 5169 1600 5230 contra
1619 5151 1794 5230 homines
1810 5149 1982 5228 villarum
2001 5151 2048 5226 dc

628 5287 855 5395 Marmleyo,
880 5286 928 5363 de
955 5285 1109 5364 Planeto
1134 5303 1172 5364 et
1198 5285 1247 5362 de
1268 5283 1599 5390 Tribus-Campis,
1622 5301 1815 5390 tamquam
1834 5310 1854 5358 a
1873 5306 1984 5386 pravo
2008 5294 2045 5354 ct

630 5413 737 5505 falso,
752 5417 802 5494 ad
814 5434 980 5494 nostram
1000 5416 1141 5494 curiam
1154 5443 1224 5521 per
1233 5415 1354 5494 dictos
1369 5413 1545 5492 homines
1561 5413 1726 5492 extiterit
1741 5409 1987 5516 appellatum,
2004 5431 2046 5480 nc
