5817 7292
845 1112 916 1187 158
1419 1108 1511 1183 Lus
1553 1108 1693 1184 OLIM.

615 1262 745 1319 perenn
757 1264 800 1327 Ν,
840 1252 962 1335 duum
981 1254 1150 1333 duorum
1168 1251 1335 1331 millium
1354 1250 1536 1329 librarum
1557 1250 1832 1359 predictarum,
1852 1266 2040 1358 quantum
2059 1249 2109 1327 ad
2125 1249 2269 1331 dictum
2335 1284 2342 1297 ·

676 1356 739 1399 1806.

840 1386 1010 1495 Ogcrum
1036 1386 1215 1496 pertinet,
1243 1382 1316 1462 fuit
1346 1382 1449 1462 idem
1481 1382 1592 1463 miles
1619 1411 1688 1489 per
1719 1381 1879 1461 eandem
1906 1381 2135 1461 sentenciam
2160 1384 2271 1463 ahso-

838 1516 954 1599 lutus.

893 1648 993 1728 Jovis
1012 1666 1098 1757 post
1117 1646 1502 1729 Sanctum-Marcum.

892 1780 1046 1859 Dictum
1070 1796 1127 1857 est
1150 1777 1253 1856 curie
1277 1776 1383 1886 quod
1406 1776 1585 1855 dominus
1611 1778 1687 1855 Rex
1711 1776 1827 1855 debet
1848 1777 1990 1856 habere
2009 1778 2163 1856 terciam
2183 1808 2269 1887 par·

836 1927 913 1989 tem
942 1911 981 1987 in
1007 1910 1117 1987 dictis
1136 1910 1289 1989 duobus
1309 1906 1480 1986 millibus
1503 1906 1612 1986 libris
1632 1908 1915 1989 Parisiensibus.
1937 1909 2193 2017 lloquendum
2212 1930 2270 1991 est

836 2041 884 2119 de
910 2042 983 2119 hoc
1008 2070 1094 2119 cum
1115 2038 1348 2119 thesaurario
1373 2038 1630 2147 Andagavensi
1651 2056 1796 2117 etcum
1821 2040 1998 2149 magistro
2023 2043 2066 2120 ll.
2093 2041 2140 2121 de
2164 2042 2267 2120 Foil-

835 2169 934 2280 leyo.

891 2434 936 2514 11.
968 2434 1067 2514 Cum
1096 2434 1225 2515 datum
1246 2434 1379 2515 suisset
1396 2432 1508 2512 nobis
1526 2432 1689 2542 intelligi
1707 2434 1813 2542 quod
1832 2432 1996 2541 quedam
2018 2434 2173 2524 domus,
2194 2436 2265 2513 sita

823 2540 1051 2660 '‘pontisare,
1080 2596 1155 2675 que
1181 2567 1254 2646 fuit
1276 2566 1446 2647 defuncti
1475 2565 1653 2645 Bertaudi
1680 2564 1727 2644 de
1750 2565 1963 2656 Laheville,
1988 2582 2029 2643 et
2053 2593 2167 2673 quam
2195 2566 2265 2645 do-

833 2728 942 2777 mum
965 2700 1062 2805 ipse,
1083 2716 1255 2807 tempore
1275 2725 1353 2807 quo
1374 2697 1551 2789 decessit,
1571 2695 1805 2805 possidebat,
1827 2696 1954 2788 nobis,
1975 2714 2130 2804 propter
2149 2698 2267 2805 ipsius

832 2831 1011 2909 Bertaudi
1027 2830 1227 2922 delictum,
1241 2847 1394 2909 venerat
1411 2831 1451 2908 in
1469 2830 1715 2909 commissum
1733 2862 1742 2907 ι
1757 2830 1950 2928 Tandem,
1966 2829 2140 2936 inquesta
2152 2850 2267 2937 snper

832 2960 906 3040 hoc
926 2963 974 3040 de
994 2961 1172 3043 mandato
1191 2981 1322 3042 nostro
1342 2962 1454 3053 facta,
1471 2962 1548 3041 visa
1563 2979 1601 3041 et
1616 2961 1819 3070 diligenter
1838 2962 2064 3053 examinata,
2080 2988 2149 3069 per
2161 2962 2266 3039 curie

831 3110 958 3175 nostre
964 3095 1171 3204 judicium,
1188 3096 1332 3175 dictum
1346 3094 1421 3173 fuit
1438 3110 1476 3172 et
1490 3094 1784 3201 pronunciatum
1799 3095 1957 3173 domum
1974 3093 2182 3200 predictam
2199 3121 2267 3172 uo-

830 3226 948 3305 bisin
968 3227 1215 3305 commissum
1234 3254 1313 3308 non
1332 3224 1487 3303 venisse.

886 3358 1017 3437 Mense
1037 3356 1187 3464 Aprilis.

887 3618 948 3699 111.
980 3619 1079 3699 Cum
1098 3620 1290 3700 lohannes
1309 3620 1445 3703 Veillct
1467 3620 1712 3729 significasset
1737 3618 1848 3701 uobis
1872 3618 1978 3729 quod
1997 3619 2092 3726 ipse,
2112 3620 2262 3699 racione

830 3750 1026 3859 cujusdam
1053 3751 1234 3859 simplicis
1258 3752 1487 3862 cirographi,
1513 3781 1582 3860 per
1600 3751 1708 3861 quod
1729 3754 1809 3860 ipse
1831 3752 1971 3832 Jacobo
1995 3770 2035 3831 et
2056 3754 2174 3831 Petro
2187 3753 2262 3831 He·

828 3883 962 3973 ritiau,
990 3881 1186 3975 iratribus,
1214 3884 1255 3963 in
1281 3884 1443 3993 quadam
1470 3914 1619 3964 summa
1642 3884 1802 3993 pecunie
1825 3885 2037 3978 tenebatur,
2063 3882 2185 3963 isserat
2209 3885 2266 3961 in·

823 4013 925 4123 juste
945 4042 1013 4122 per
1031 4016 1269 4124 prepositum
1288 3993 1463 4097 nostruin
1482 4017 1815 4115 Smcti-Quintini,
1836 4016 1885 4096 ad
1903 4017 2125 4097 instanciam
2144 4017 2265 4098 dicto·

828 4176 916 4227 rum
935 4143 1113 4239 fratrum,
1130 4148 1269 4227 carceri
1287 4147 1523 4257 mancipatus
1541 4167 1581 4227 et
1597 4150 1637 4228 in
1654 4149 1764 4228 larris
1786 4167 1864 4229 tarn
1883 4150 1952 4228 diu
1967 4151 2143 4228 detentus
2159 4150 2265 4257 quod

829 4277 954 4385 ipsum
975 4295 1197 4385 oportuerat
1217 4281 1257 4358 in
1277 4280 1412 4390 majori
1431 4311 1597 4371 summa,
1618 4299 1697 4361 tam
1716 4282 1912 4390 principali
1933 4312 2050 4391 φιαιιι
2069 4282 2259 4370 usuraria,

829 4434 898 4513 por
915 4408 992 4485 rim
1010 4410 1189 4515 prisionis
1210 4410 1319 4491 dictis
1338 4411 1517 4491 fratribus
1535 4412 1723 4521 obligare3
1737 4442 1815 4522 quc
1833 4413 2070 4522 obligacione
2083 4414 2136 4492 sic
2149 4412 2260 4502 facta,

829 4537 969 4615 adicta
988 4540 1153 4644 prisione
1174 4541 1299 4619 adhuc
1318 4571 1398 4621 non
1417 4543 1544 4650 potuit
1557 4544 1726 4638 liberari,
1741 4546 1862 4626 immo
1880 4574 1951 4653 per
1965 4545 2108 4625 dictum
2128 4573 2264 4651 prepo-

829 4669 951 4748 situm·
965 4668 1004 4747 in
1024 4669 1124 4749 dicta
1143 4671 1310 4779 prisione
1329 4690 1501 4752 retrusus
1519 4692 1596 4753 tam
1616 4677 1685 4757 diu
1703 4678 1880 4757 detentus
1898 4675 2035 4767 extitit,
2056 4675 2163 4783 quod
2180 4674 2260 4781 ipse

828 4826 898 4908 per
921 4822 1097 4894 usuram,
1124 4801 1380 4882 othonorum
1407 4822 1564 4886 suorum
1580 4809 1907 4917 -expleetaoionem
1936 4825 1975 4886 et
1989 4806 2260 4885 uenditionem

828 4930 979 5042 laetam³
1002 4932 1082 5040 ipso
1103 4933 1143 5013 in
1161 4934 1328 5044 prisione
1348 4936 1549 5032 existente,
1568 4938 1645 5019 luit
1662 4941 1703 5018 iu
1715 4965 1909 5021 summam
1928 4938 2032 5042 mille
2056 4955 2095 5017 et
2114 4936 2262 5017 ducen-

828 5078 952 5141 tarum
972 5062 1155 5145 librarum
1174 5066 1234 5147 vel
1260 5067 1356 5151 circa
1376 5066 1668 5177 dampnificatus
1685 5072 1874 5166 indebite,
1896 5088 1941 5151 ut
1958 5070 2125 5161 dicebatr
2143 5097 2260 5177 super

828 5194 1008 5302 predictis
1025 5196 1165 5306 inquiri
1187 5199 1452 5281 mandarimus
1467 5203 1688 5283 veritatem-r
1708 5206 1885 5312 laqueata
1907 5202 2025 5311 igitur
2041 5198 2261 5309 superpen-

829 5323 952 5405 missis
978 5326 1091 5422 faeta,
1119 5347 1157 5409 et
1179 5358 1249 5438 per
1272 5332 1416 5414 curiam
1441 5350 1607 5415 nostram
1631 5334 1836 5416 examinata
1857 5332 2071 5441 diligenter,
2092 5330 2182 5441 quia
2200 5331 2259 5409 in-

828 5475 984 5542 ventum
996 5460 1357 5573 luitobligacionem
1371 5492 1439 5544 seu
1453 5466 1757 5574 retegaioionem
1771 5464 1880 5545 mille
1895 5464 2258 5574 quadringentarum
