5817 7292
1022 1095 1287 1200 suouurus
1314 1110 1379 1182 nr
1406 1091 1612 1183 esoces.
1954 1110 2025 1188 tun
2057 1157 2063 1168 .

605 1270 766 1360 quntuor
778 1253 943 1360 arpentis
956 1269 1071 1342 tene,
1086 1253 1168 1330 sitis
1178 1278 1223 1330 es
1233 1251 1344 1328 reiies
1358 1268 1397 1328 et
1414 1279 1462 1328 en
1476 1250 1680 1339 i'erdillier,
1691 1252 1767 1328 sive
1783 1252 1905 1343 vinee3
1919 1254 2027 1342 item,
2068 1261 2088 1314 P
2089 1279 2181 1316 ιιιιιι
2182 1280 2198 1318 ι
2210 1263 2252 1345 tt,

606 1384 653 1462 de
669 1384 829 1463 dimidio
844 1400 999 1490 erpento
1016 1401 1134 1473 terre,
1151 1384 1222 1461 sito
1237 1382 1276 1458 in
1290 1381 1385 1459 velle
1400 1381 1663 1490 Guignsbout3
1680 1381 1788 1473 item,
1804 1381 1854 1460 de
1871 1382 2031 1464 dimidio
2129 1356 2191 1398 Μ’

605 1531 762 1620 erpento
781 1531 898 1603 terre,
921 1515 994 1593 sito
1015 1515 1053 1590 in
1075 1515 1207 1592 eadem
1227 1512 1342 1610 valle,
1364 1512 1472 1604 item,
1490 1513 1538 1588 de
1556 1511 1679 1590 tribus
1697 1513 1897 1618 qrrnrteriis
1911 1531 2028 1606 terre,

606 1646 792 1753 contiguis
812 1647 869 1724 vie
896 1646 944 1723 de
963 1644 1242 1734 Viller-le-Sac3
1263 1644 1374 1733 item,
1401 1642 1450 1720 de
1471 1670 1550 1720 uno
1568 1643 1760 1751 quarterio
1779 1661 1897 1733 terre,
1915 1645 1989 1722 sito
2010 1676 2031 1720 a

605 1775 782 1866 Semelli3
801 1777 909 1864 item,
933 1776 980 1853 de
1003 1793 1154 1854 centum
1177 1793 1215 1853 et
1236 1803 1372 1852 novem
1393 1774 1536 1851 dizenis
1557 1775 1758 1881 gerbarum
1777 1775 1902 1866 bladi,
1917 1805 2031 1884 super

605 1905 713 1984 dietis
729 1906 840 1983 terris
861 1922 953 1984 tunc
975 1905 1235 1992 existentibus,
1257 1922 1296 1980 et
1316 1903 1399 1982 eliis
1416 1902 1602 1982 fructibus
1620 1904 1807 1982 dicturum
1823 1921 2027 1996 terrarum,

434 2137 437 2142 Ι
603 2065 719 2143 quare
737 2037 889 2144 petebat
914 2036 1039 2114 dictus
1061 2036 1243 2114 Henrieus
1268 2063 1325 2124 sc,
1354 2034 1511 2112 nomine
1537 2061 1614 2140 quo
1640 2062 1768 2141 supra,
1794 2035 1843 2112 ed
1863 2037 2031 2140 predicte

600 2167 763 2258 restitui,
781 2183 819 2244 et
833 2195 876 2244 es
895 2166 966 2244 sibi
986 2165 1111 2256 reddi,
1126 2193 1201 2242 une
1214 2193 1302 2242 cum
1319 2163 1505 2242 fructibus
1523 2164 1590 2270 qui
1609 2165 1776 2271 percepti
1791 2163 1947 2244 fuerunt
1961 2195 2029 2246 seu

600 2297 742 2402 percipi
760 2314 969 2403 potuerunt
988 2297 1136 2375 exinde.
1162 2297 1244 2374 Lite
1264 2323 1353 2374 vero
1372 2295 1541 2402 predicta
1556 2295 1763 2401 pendente,
1785 2296 1909 2376 dictus
1927 2299 2029 2378 Hen-

514 2423 519 2432 ’
601 2427 700 2506 ricus
716 2427 832 2506 rebus
849 2428 1024 2506 humanis
1041 2428 1114 2506 suit
1135 2444 1345 2534 exemptus,
1365 2426 1507 2514 relictis
1525 2444 1692 2533 quatuor
1713 2425 1860 2521 liberis,
1880 2429 2031 2508 heredi-2

602 2556 674 2638 bus
691 2558 789 2646 suis,
809 2586 978 2666 quorum
997 2557 1200 2647 Robertus,
1222 2585 1323 2636 unus
1341 2556 1518 2636 dedistis
1536 2555 1641 2646 filiis,
1662 2584 1731 2664 pro
1750 2587 1791 2636 se
1810 2576 1851 2636 ct
1868 2558 1951 2636 eliis
1967 2589 2030 2638 co-

602 2687 807 2765 heredibus
829 2687 923 2776 suis,
945 2689 1044 2766 dicte
1069 2715 1178 2767 cause
1199 2687 1363 2792 suscepit
1381 2686 1712 2793 prosequcionem,
1733 2688 1775 2764 in
1800 2716 1846 2766 eo
1865 2705 1965 2766 statu
1988 2692 2028 2767 in

602 2844 680 2923 quo
694 2834 790 2906 eret,
807 2835 975 2924 tempore
992 2845 1069 2925 quo
1083 2818 1209 2896 dictus
1228 2817 1414 2894 Henn'cus
1431 2816 1611 2908 decente
1633 2815 1731 2894 dicta
1746 2845 1835 2895 vero
1855 2818 2026 2910 domins,

600 2975 671 3054 pro
690 2975 731 3026 se
751 2965 790 3026 et
807 2947 936 3028 liberis
955 2948 1048 3040 suis,
1065 2949 1350 3028 incontrerium
1370 2975 1521 3025 causum
1538 2947 1762 3055 hujusmodi
1781 2947 2025 3040 defendente,

601 3095 640 3158 et
657 3078 807 3157 dicente
820 3079 1030 3185 predictum
1047 3081 1331 3158 restimcionem
1347 3078 1429 3156 fiesi
1449 3107 1528 3156 non
1548 3078 1705 3171 debere,
1721 3097 1776 3169 et,
1796 3079 1848 3156 sd
1865 3081 1969 3158 esurie
1990 3101 2029 3160 et

599 3209 830 3318 cognicionis
840 3209 931 3288 dieti
939 3213 1118 3318 prepositi
1132 3210 1442 3297 deelinncionem,
1455 3208 1584 3314 plures
1593 3210 1764 3288 raciones
1771 3230 2024 3316 proponente,

598 3319 873 3448 super‘quibus
892 3340 1125 3430 nacionibus,
1145 3342 1244 3418 dieta
1264 3340 1437 3428 domins,
1459 3341 1614 3416 nomine
1630 3368 1709 3447 quo
1728 3369 1857 3446 supra,
1875 3343 2029 3448 petebat

600 3489 686 3550 ante
714 3473 843 3550 omnis
867 3471 939 3550 sibi
968 3471 1052 3550 fieri
1070 3472 1221 3580 justicie
1245 3470 1592 3578 complementum
1620 3471 1792 3562 tandem,
1813 3472 2026 3578 judicatum
2125 3514 2136 3533 ·

597 3601 669 3680 init
696 3629 765 3710 per
790 3604 1004 3710 prodinunt
1033 3604 1267 3710 prepositum
1292 3599 1417 3708 quod,
1448 3589 1526 3679 non
1552 3601 1789 3681 obstantibus
1812 3602 2028 3684 redonibus

599 3733 697 3810 dicte
717 3733 889 3823 domine,
910 3733 1000 3810 dicti
1015 3734 1178 3814 heredes
1195 3732 1294 3809 bffle
1309 3731 1558 3836 probaverant
1572 3733 1834 3809 intencionem
1847 3762 1971 3826 suam,
1986 3757 2027 3815 et

599 3887 663 3939 eos
682 3859 822 3939 debere
847 3863 993 3940 restitui
1012 3861 1062 3939 de
1084 3863 1265 3968 predictis
1283 3861 1450 3966 arpentis
1471 3878 1570 3938 terre
1592 3878 1631 3938 et
1651 3861 1699 3938 de
1715 3862 1869 3938 duobus
1888 3865 2026 3942 modiis

447 4043 452 4054 ·
597 3989 719 4080 bladi,
737 4019 903 4082 necnon,
924 4021 994 4100 pro
1013 3993 1199 4072 fi'eenbns
1218 3990 1309 4068 inde
1328 3991 1531 4101 perceptis,
1548 3991 1726 4069 ducentes
1739 3990 1854 4069 libres
1872 4011 2026 4072 monete

598 4121 798 4210 currentis,
814 4122 914 4200 dicta
925 4122 1157 4232 spoliarione
1170 4122 1349 4210 dumne,
1361 4121 1503 4199 debere
1518 4120 1629 4199 reddi
1649 4122 1809 4213 eisdem,
1822 4151 1937 4230 super
1953 4125 2027 4204 biis

599 4251 735 4328 dietam
748 4253 958 4343 dominum,
971 4256 1213 4360 nomineque
1224 4281 1351 4359 supra,
1363 4252 1698 4360 condempnnnd03
1712 4281 1734 4329 a
1747 4282 1826 4360 quo
1836 4254 2023 4360 judicato,

597 4399 777 4490 nepum
797 4383 889 4462 falso
910 4401 949 4464 et
974 4411 1103 4492 pravo,
1123 4401 1346 4492 procurator
1363 4383 1466 4462 dicte
1486 4384 1659 4471 domine,
1682 4385 1838 4463 nomine
1861 4415 1939 4492 quo
1963 4415 2026 4464 su-

597 4541 679 4621 prs,
701 4515 754 4593 nd
772 4515 913 4593 curiam
940 4533 1106 4597 nostram
1125 4515 1347 4624 appellavit:
1364 4515 1515 4594 Auditis
1533 4515 1648 4622 igitur
1667 4515 1778 4594 dictis
1795 4516 1966 4623 pertibus
1985 4519 2024 4594 in
2113 4513 2119 4525 ’

597 4673 707 4724 censu
730 4646 998 4756 eppessecionis
1023 4649 1208 4755 predicte,
1233 4647 1388 4755 visoque
1413 4646 1616 4755 diligenter
1638 4675 1816 4752 processu
1835 4649 2022 4754 predicto,

596 4803 666 4882 por
688 4778 792 4856 curie
814 4796 944 4856 nostre
963 4778 1154 4888 judicium
1178 4779 1323 4856 dictum
1348 4777 1422 4854 fuit
1439 4777 1651 4885 predictum
1667 4778 1907 4884 ¹prepositum
1926 4779 2025 4856 mnle

595 4908 877 5015 pronunciasse,
904 4939 1008 5002 cum,
1036 4927 1123 4987 unte
1148 4910 1291 5002 onmis,
1320 4909 1514 4987 debuisset
1539 4935 1655 5014 super
1676 4908 1898 4987 reddicionc
1922 4911 2024 4987 curie

591 5037 797 5146 judicante,
817 5059 858 5120 et
877 5041 1092 5150 judicatum
1114 5040 1335 5150 hujumodi
1358 5057 1485 5120 nostra
1508 5041 1612 5118 euris
1636 5039 1833 5131 nnulicvit;
1856 5041 1947 5148 quia
1969 5060 2025 5119 ta—

596 5195 686 5248 men
703 5171 898 5250 inventum
917 5190 988 5263 est,
1010 5201 1078 5280 per
1098 5174 1241 5252 dictum
1262 5200 1495 5280 processu,
1522 5172 1661 5250 dictem
1678 5171 1890 5262 dominam,
1907 5201 2027 5279 super

597 5300 792 5410 principaii
818 5331 927 5382 erese
950 5304 1133 5410 predicte,
1158 5332 1285 5382 comm
1311 5304 1412 5382 dicto
1440 5303 1647 5410 preposito,
1673 5302 1927 5409 respondisse,
1949 5319 2026 5379 tes-

598 5444 729 5538 tesque
748 5433 795 5512 ab
815 5451 975 5541 utreque
989 5453 1094 5543 perte
1115 5436 1153 5513 in
1174 5435 1307 5514 eadem
1327 5463 1436 5514 enum
1450 5436 1655 5544 productos
1669 5433 1802 5522 fuisse,
1819 5459 1926 5509 causa
1940 5458 2025 5535 pre-
