5817 7292
1053 1159 1318 1270 srootrss
1344 1177 1408 1254 rr
1433 1161 1634 1255 raocss.
2007 1180 2053 1256 cr

634 1337 752 1400 cesset
770 1318 932 1428 dampna
948 1319 1036 1412 sibi,
1059 1321 1213 1401 ecclesie
1231 1349 1296 1399 sue
1311 1340 1350 1400 et
1361 1321 1582 1400 bominibus
1594 1319 1888 1430 justiciabilibus
1902 1319 1994 1410 suis,
2012 1339 2057 1400 ut
2094 1333 2226 1388 rernm
2239 1335 2281 1398 tv,

634 1455 871 1546 dictumest,
900 1453 1020 1549 illata,
1042 1481 1110 1562 per
1134 1455 1325 1562 predictos
1342 1481 1463 1562 usque
1490 1457 1539 1533 ad
1556 1452 1729 1562 quinque
1745 1453 1852 1531 milia
1870 1454 2054 1534 libmrmn
2157 1426 2220 1467 ’Μ’

633 1586 825 1664 emendari
853 1603 891 1666 et
921 1587 1089 1665 resarciri
1122 1585 1196 1664 sive
1229 1584 1359 1676 reddi,
1388 1586 1559 1693 factaque
1581 1583 1749 1691 predicta
1779 1602 1857 1662 tam
1885 1587 2056 1663 enormia

632 1717 766 1826 corrigi
793 1735 832 1795 et
854 1719 983 1824 puniri
1007 1735 1121 1825 prout
1141 1718 1288 1825 justum
1315 1736 1412 1796 esset
1436 1736 1474 1795 et
1493 1740 1704 1796 cumanum
1726 1717 1887 1805 racionis
1909 1744 2057 1824 nosque

631 1877 743 1955 super
759 1849 970 1926 excessibus
984 1848 1164 1954 predictis
1179 1848 1320 1956 inquiri
1337 1847 1556 1941 fecerimus,
1572 1848 1710 1925 vocatis
1729 1846 1914 1954 partibus,
1927 1847 2057 1924 verita·

630 1996 706 2058 tem
723 2013 732 2057 :
751 1978 939 2070 Tandem,
960 1979 1037 2057 visa
1053 1979 1225 2087 inquesta
1244 2007 1358 2086 super
1373 1979 1462 2068 biis,
1483 1978 1531 2056 de
1547 1975 1730 2056 mandato
1742 1995 1889 2066 nostro,
1905 1976 2001 2054 facta
2018 1995 2057 2054 et

629 2111 828 2219 diligenter
856 2109 1081 2204 examinata,
1115 2109 1374 2216 omnibusque
1401 2109 1656 2188 sollemnitate
1679 2137 1756 2215 qua
1786 2108 1960 2187 conuenit
1983 2109 2056 2185 rite

628 2244 735 2333 actis,
758 2241 952 2316 inventum
977 2255 1035 2317 est
1062 2239 1189 2317 omnia
1209 2255 1247 2316 et
1273 2237 1419 2347 singula
1438 2239 1649 2346 supradicta
1669 2238 1709 2314 in
1727 2238 1966 2347 querimonia
1987 2265 2056 2316 seu

625 2369 711 2447 sacti
731 2371 950 2448 narracione
971 2369 1061 2448 dicti
1080 2369 1212 2449 decani
1233 2386 1423 2459 contenta,
1445 2369 1546 2446 bene
1565 2385 1604 2446 et
1622 2369 1852 2448 sufficienter
1869 2397 1952 2447 esse
1968 2397 2056 2475 pro-

626 2500 728 2592 bata3
743 2501 1032 2608 propterquod,
1048 2527 1118 2606 per
1133 2500 1236 2577 curie
1252 2517 1378 2578 nostre
1388 2498 1599 2608 judicium,
1619 2499 1740 2580 dictos
1753 2499 2002 2609 Reginaldum
2018 2520 2056 2579 et

626 2633 831 2740 complices
850 2661 940 2711 suos
961 2631 1321 2737 condempnavimus
1340 2632 1387 2708 ad
1410 2630 1631 2719 emendam,
1652 2634 1744 2709 item
1768 2633 1815 2709 ad
1842 2631 2055 2710 restitucio·

537 2738 541 2744 Ι
626 2789 714 2839 nem
735 2791 802 2840 seu
826 2761 1071 2842 relectionem
1090 2760 1318 2846 herciarum,
1347 2761 1553 2840 domorum
1573 2777 1611 2838 et
1632 2760 1848 2839 molendini
1865 2761 2054 2867 predicto·

625 2920 730 2984 rum,
763 2909 803 2969 et
832 2893 881 2969 ad
912 2889 1097 2969 dictarum
1126 2890 1341 2968 lurcharum
1366 2890 1744 2967 restitucionem·-seu
1778 2889 2053 2997 reposicionem

625 3050 711 3098 cum
740 3021 858 3130 figura
885 3023 1052 3099 duorum
1082 3019 1285 3098 bominum
1315 3020 1354 3096 in
1384 3021 1438 3096 eis
1464 3047 1754 3126 suspensorum,
1788 3021 2052 3126 dictorumque

624 3151 814 3231 bonorum
841 3154 1130 3230 combustorum
1154 3168 1192 3228 et
1216 3167 1407 3257 raptorum
1435 3151 1719 3230 restitucioncm
1746 3180 1815 3228 seu
1842 3152 2054 3228 estimacio-

624 3311 710 3361 nem
740 3283 984 3372 corrundem,
1004 3309 1154 3360 necnon
1173 3281 1221 3357 ad
1241 3279 1415 3359 omnium
1436 3280 1597 3358 aliorum
1622 3281 1875 3386 dampnorum
1902 3282 2054 3358 restitu-

622 3414 775 3491 cionem
790 3439 866 3519 que
887 3409 1010 3488 dictos
1028 3412 1219 3496 decanumw
1235 3427 1273 3488 et
1291 3409 1471 3487 homines
1482 3408 1728 3516 justiciabiles
1746 3439 1835 3489 suos
1854 3438 1923 3516 pro
1943 3411 2053 3488 dictis

621 3543 831 3634 violenciis,
866 3542 1046 3620 incendic
1077 3559 1115 3619 et
1146 3541 1358 3622 excessibus
1390 3541 1559 3649 legitime
1591 3543 1802 3620 constiterit
1836 3542 2050 3620 iucurrisse.

529 3667 535 3680 ’
621 3674 731 3767 Item,
752 3675 896 3753 dictum
915 3673 1164 3782 Reginaldum
1181 3675 1229 3751 de
1245 3675 1366 3750 Ponte
1381 3673 1757 3779 condempnavimus,
1777 3689 1906 3751 contra
1926 3673 2051 3778 ipsum

621 3805 821 3882 emendem
840 3805 1001 3882 taxando
1021 3805 1244 3910 predictam,
1266 3804 1305 3878 in
1322 3803 1491 3909 quinque
1507 3802 1678 3882 millibus
1691 3803 1798 3882 libris
1817 3803 2052 3882 Turonensi-

510 4023 513 4028 λ
620 3932 693 4039 bus
720 3933 847 4026 nobis,
881 3950 920 4012 et
947 3933 1047 4012 dicto
1078 3935 1220 4012 decano
1249 3935 1294 4010 in
1317 3933 1423 4010 mille
1451 3931 1559 4012 libris
1585 3935 1754 4042 ejusdem
1781 3950 1950 4024 monete,
1979 3961 2050 4040 pro

622 4063 781 4141 emenda
803 4064 972 4169 predicta
1000 4063 1210 4154 solvendis;
1235 4079 1380 4141 retenta
1407 4063 1520 4144 nobis
1547 4063 1739 4142 taracione
1767 4063 1867 4140 dicte
1888 4065 2049 4140 emende

621 4212 749 4270 contra
769 4193 862 4270 alios
880 4193 1053 4300 superius
1072 4195 1288 4271 nominatos
1312 4192 1503 4288 iacienda,
1525 4223 1611 4273 canu
1633 4195 1681 4272 de
1702 4192 1911 4300 quantitate
1929 4190 2051 4268 bono·

621 4353 707 4401 rum
727 4323 931 4431 cujuslibet
944 4324 1168 4402 eorumdem
1185 4323 1371 4400 fuerimus
1387 4321 1596 4398 informati.

677 4457 806 4533 Mense
825 4454 1015 4532 lanuario.

675 4717 736 4797 xl.
767 4717 863 4798 Cum
889 4713 1114 4797 senescallus
1138 4727 1266 4796 noster
1295 4711 1625 4827 Petregoricensis,
1653 4747 1767 4828 super
1793 4717 1956 4832 injuriis,
1986 4753 2049 4804 ex·

621 4849 785 4928 cessibus
800 4869 839 4928 et
855 4851 1010 4929 vulnere
1026 4848 1344 4958 denunciatisper
1358 4827 1609 4930 Guillelmum
1624 4851 1802 4931 Gmbaldi
1816 4874 1947 4934 contra
1957 4857 2050 4937 Gas·

618 4976 772 5058 beram
790 4983 839 5060 de
860 4981 972 5072 Salis,
993 4977 1134 5089 inquiri
1151 4981 1320 5072 fecisset,
1341 5000 1380 5059 et
1398 4983 1555 5060 uadem
1569 4981 1714 5060 buum
1732 4983 1957 5066 (imbertum
1977 5015 2048 5094 pro

621 5109 728 5189 dictis
741 5113 905 5222 injuriis,
924 5111 1134 5191 excessibus
1150 5129 1190 5191 et
1202 5111 1357 5194 vulnere
1369 5139 1438 5220 per
1453 5113 1577 5220 ipsum
1591 5112 1706 5193 illatis
1723 5116 1824 5195 dicto
1837 5117 2047 5200 Guillelmo

618 5260 774 5347 pensato
788 5242 932 5324 -insidio
957 5273 1024 5324 seu
1046 5273 1090 5322 ex
1111 5244 1306 5351 proposito
1332 5270 1422 5323 eum
1447 5244 1715 5341 interficiendi,
1736 5249 2050 5357 condempnasset

619 5372 657 5448 iu
674 5393 826 5454 centum
845 5375 1116 5484 quinquaginta
1130 5374 1237 5454 libris
1251 5371 1379 5466 nobis,
1400 5394 1442 5453 et
1456 5375 1559 5456 dicto
1572 5377 1781 5458 Guillelmo
1799 5380 1841 5457 in
1861 5382 2048 5488 quinqua·

618 5506 720 5609 ginta
739 5505 866 5597 libris,
888 5534 973 5585 cum
994 5503 1104 5616 gagio
1121 5505 1236 5616 bajuli
1259 5503 1473 5586 (lassatam
1493 5506 1626 5586 dandis
1646 5536 1723 5586 sou
1738 5506 1946 5598 solvendis3
1968 5508 2047 5585 dic-
