5817 7292
1008 954 1280 1079 'suootrus
1305 975 1368 1047 nr
1395 957 1603 1050 Procas.
1943 980 2016 1052 aas

597 1112 765 1220 quisivit;
787 1112 1034 1220 inquestaque
1054 1142 1122 1220 per
1135 1141 1222 1191 eum
1238 1113 1331 1192 sacta
1346 1116 1393 1193 de
1408 1105 1601 1222 predictis,
1619 1117 1697 1224 ipse
1712 1118 1880 1225 precepit
1894 1116 2018 1195 eidem
2055 1130 2184 1183 aarum
2198 1128 2240 1192 tv,
2326 1148 2329 1152 ·

595 1243 761 1323 Amaldo
778 1244 883 1351 quod
902 1244 1048 1321 dictum
1063 1244 1191 1322 locum
1211 1244 1257 1320 de
1280 1247 1474 1353 Tyranno,
1497 1276 1584 1325 cum
1606 1247 1688 1354 ejus
1701 1247 1957 1354 pertinentiis,
1980 1266 2018 1326 et
2118 1220 2182 1262 Μ’

597 1373 862 1452 molendinum
878 1374 967 1453 dicti
984 1375 1058 1453 loci
1078 1375 1291 1453 restitueret
1309 1375 1408 1454 dicte
1428 1377 1556 1465 Ande,
1575 1406 1678 1467 cum,
1694 1397 1780 1485 post
1795 1378 2019 1487 appellacio-

599 1532 686 1581 nem
703 1504 923 1611 predictam,
946 1534 1029 1583 eam
1044 1534 1111 1583 scu
1132 1506 1214 1613 ejus
1229 1505 1408 1583 familiam
1430 1506 1520 1584 inde
1541 1506 1697 1614 ejectam
1716 1538 1784 1616 per
1804 1509 1929 1616 ipsum
1950 1511 2020 1587 Ar-

598 1633 756 1711 naldum
770 1632 901 1724 luisse,
918 1664 986 1741 per
1003 1664 1109 1713 suam
1131 1636 1340 1743 inquestam
1361 1635 1504 1713 diceret
1517 1636 1719 1729 invenisse,
1737 1639 1840 1717 dicto
1856 1668 1944 1719 vero
1958 1640 2021 1717 Ar·

598 1764 712 1843 naldo
732 1764 805 1843 hoc
824 1764 945 1843 facere
971 1766 1171 1869 recusavit,
1194 1766 1292 1843 dicta
1314 1793 1401 1842 vero
1426 1766 1598 1874 inquesta
1625 1767 1672 1844 ad
1695 1769 1835 1846 curiam
1854 1787 2019 1848 nostram

598 1911 792 2000 asportata,
805 1912 844 1972 et
853 1896 962 1973 Auda
974 1896 1142 2001 predicta
1154 1896 1335 1972 instanter
1347 1896 1563 2000 requirente
1576 1925 1659 1973 eam
1670 1897 1787 1975 videri
1797 1915 1836 1974 et
1842 1899 2017 2007 judicari,

596 2052 665 2130 per
681 2040 863 2101 arrestum
884 2040 1010 2101 nostre
1031 2023 1149 2111 curie,
1165 2023 1310 2101 dictum
1327 2022 1459 2100 suisset
1474 2024 1513 2099 in
1528 2026 1728 2103 novissime
1741 2028 1922 2133 preterito
1937 2059 2021 2136 par·

596 2152 760 2231 lamento
780 2152 885 2259 quod
902 2151 997 2229 dicta
1014 2152 1186 2259 inquesta
1205 2152 1407 2240 videretur,
1430 2153 1501 2229 nisi
1518 2183 1602 2261 pars
1622 2156 1773 2235 adversa
1793 2186 1942 2235 causam
1966 2188 2019 2237 ra-

596 2283 819 2362 cionabilem
832 2300 1061 2391 proponeret
1069 2312 1185 2390 quare
1196 2311 1273 2360 non
1290 2283 1447 2361 deberet
1460 2285 1598 2378 videri3
1617 2288 1783 2381 tandem,
1799 2288 1908 2369 linito
1918 2288 2019 2368 dicto

596 2414 839 2522 parlamento,
849 2444 919 2511 nos
927 2414 1074 2492 dilectis
1084 2412 1306 2492 etfidelibus
1316 2414 1493 2521 gentibus
1503 2418 1652 2506 nostris,
1662 2419 2021 2527 Parisiusrequestas

596 2545 831 2647 tenentibus,
843 2543 1117 2632 mandavimus,
1131 2559 1169 2619 et
1182 2572 1225 2619 ex
1238 2570 1363 2632 causa,
1379 2544 1500 2648 quod,
1512 2574 1741 2653 quamquam
1754 2546 1904 2624 linitum
1925 2568 2021 2627 esset

599 2673 740 2750 dictum
751 2674 1040 2779 parlamentum,
1053 2673 1124 2778 ipsi
1135 2672 1386 2777 procederent
1398 2672 1446 2749 ad
1455 2673 1708 2780 judicandum
1718 2677 1855 2755 dictam
1867 2678 2021 2783 inques‘·

597 2820 688 2893 tam,
706 2804 777 2881 nisi
789 2833 872 2909 pars
884 2804 1037 2881 adversa
1049 2802 1194 2908 aliquid
1204 2801 1432 2879 racionabile
1447 2824 1676 2910 proponeret
1685 2834 1801 2911 quare
1815 2834 1893 2883 non
1903 2806 2020 2885 debe-

597 2949 655 3010 ret
665 2933 827 3042 judicari
839 2967 849 3024 3
863 2932 1002 3012 vocatis
1016 2933 1129 3041 igitur
1143 2931 1314 3039 partibus
1329 2948 1367 3007 et
1380 2932 1477 3009 dicta
1492 2933 1599 3011 Anda
1616 2952 1659 3011 ut
1669 2936 1773 3041 prius
1786 2937 2018 3045 requirente,

595 3092 681 3171 pars
700 3064 853 3141 adversa
871 3063 979 3170 plura
998 3063 1038 3139 in
1058 3062 1286 3141 contrarium
1309 3060 1500 3170 allegavit;
1521 3064 1660 3171 quibus
1678 3065 1832 3157 auditis,
1854 3069 2021 3176 precepit

596 3196 698 3273 curia
709 3213 850 3284 nostra,
863 3223 940 3273 non
953 3192 1188 3274 obstantibus
1200 3192 1402 3300 propositis
1418 3222 1462 3270 ex
1475 3194 1645 3285 adverso,
1659 3195 1796 3273 dictam
1809 3198 2019 3305 inquestam
2058 3222 2064 3227 ’

595 3326 711 3407 videri
734 3344 771 3405 et
785 3327 946 3437 judicari
970 3358 978 3403 ε
1002 3326 1088 3406 Visa
1108 3325 1222 3432 igitur
1244 3340 1282 3401 et
1300 3322 1504 3432 diligenter
1522 3327 1728 3405 examinata
1747 3328 1918 3435 inquesta
1934 3358 2020 3436 pre-

596 3457 710 3547 dicta,
732 3487 817 3535 cum
839 3486 906 3564 per
928 3485 1010 3535 earn
1034 3473 1228 3563 repertum
1249 3455 1298 3531 sit
1317 3454 1547 3537 sufficienter
1564 3453 1768 3562 probatum
1788 3457 1927 3535 dictam
1944 3461 2020 3537 Au-

597 3586 699 3675 dam,
717 3605 759 3663 ut
777 3587 1002 3691 premissum
1022 3602 1093 3674 est,
1118 3582 1324 3689 appellasse
1339 3584 1534 3690 ipsamque
1550 3585 1706 3661 existere
1726 3583 1766 3659 in
1784 3588 2019 3689 possessione

597 3715 687 3793 dicti
708 3714 780 3793 loci
802 3714 849 3791 de
870 3715 994 3821 Tyran
1020 3712 1415 3819 pertinenciarumque
1444 3711 1635 3819 ejusdem,
1660 3729 1832 3817 tempore
1856 3716 2017 3820 appella-

597 3846 715 3925 cionis
727 3845 906 3952 predicte,
921 3842 1115 3951 ipsamque
1131 3870 1198 3919 seu
1216 3842 1295 3949 ejus
1310 3841 1501 3932 familiam,
1514 3860 1761 3948 nostrumque
1778 3844 2017 3936 servientem,

598 3974 645 4053 ad
657 3974 904 4084 gardiandum
918 3974 1036 4084 ipsam
1050 3972 1287 4080 deputatum,
1302 3973 1349 4050 de
1362 3972 1464 4051 dicto
1477 3974 1561 4052 loco
1574 3972 1622 4050 de
1632 3974 1772 4080 Tyran,
1785 3991 1870 4080 post
1883 3974 2020 4054 dictam

597 4105 894 4214 appellaciouem
920 4106 1057 4214 ejectos
1076 4102 1190 4183 luisse
1210 4130 1279 4211 pcr
1298 4103 1442 4181 dictum
1460 4102 1688 4193 Amaldum,
1705 4120 1743 4181 et
1761 4105 1927 4183 eundem
1951 4107 2020 4185 Ar-

597 4237 753 4314 naldum
783 4235 957 4315 animalia
978 4252 1016 4312 et
1039 4233 1140 4312 bona
1161 4234 1385 4342 quamplura
1402 4233 1559 4312 mobilia
1580 4233 1678 4311 dicte
1702 4232 1811 4312 Ande
1837 4252 1876 4312 et
1895 4236 2019 4314 homi-

598 4395 692 4444 num
715 4394 872 4445 suorum
895 4365 1037 4442 ibidem
1070 4364 1284 4455 existencia,
1316 4356 1509 4472 usquead
1535 4364 1699 4444 valorem
1726 4363 2018 4472 quingentarum

598 4496 779 4575 librarum
794 4480 1088 4584 Turonensitim,
1099 4524 1167 4602 per
1176 4494 1397 4573 violenciam
1414 4495 1556 4602 cepisse
1572 4512 1746 4573 etsecum
1760 4495 1924 4590 duxisse,
1941 4527 2020 4576 cer-

595 4645 731 4736 tosque
751 4626 927 4706 homines
945 4622 1060 4734 ipsius
1085 4626 1193 4703 Aude
1216 4625 1367 4704 deloco
1388 4624 1492 4705 dicto
1512 4624 1579 4703 del
1594 4628 1689 4704 Bosc
1711 4644 1839 4732 captos
1857 4630 2020 4709 tamdiu-

596 4786 671 4865 que
692 4757 865 4836 detentos
885 4757 1017 4847 fuisse,
1045 4757 1181 4835 carceri
1209 4758 1438 4864 mancipatos
1461 4784 1531 4864 per
1549 4755 1756 4835 Amaldum
1782 4757 2016 4864 predictum,

596 4916 793 4995 quousque
804 4889 992 4967 dederunt
1005 4888 1147 4975 eidem,
1162 4915 1232 4994 pro
1242 4916 1308 4965 sua
1321 4886 1614 4977 deliberacione,
1631 4903 1770 4964 certam
1782 4888 2015 4980 caucionem,

597 5036 682 5123 post
701 5018 836 5096 dictam
858 5018 1171 5125 appellacionem,
1194 5033 1232 5095 et
1251 5018 1523 5099 inhibicionem
1553 5018 1625 5096 sibi
1651 5017 1784 5095 factam
1803 5036 2018 5127 pergentes

598 5164 741 5227 nostras
759 5177 825 5239 ne,
846 5150 1036 5255 pendente
1057 5148 1312 5256 appellacione
1325 5149 1509 5256 predicta,
1524 5148 1650 5228 eidem
1666 5146 1775 5228 elude
1793 5147 1931 5226 faceret
1949 5148 2019 5225 ali·

598 5278 701 5382 quod
720 5280 972 5386 prejudicium
987 5281 1044 5360 vel
1065 5308 1279 5389 gravamen,
1296 5308 1364 5387 per
1383 5281 1486 5360 curie
1500 5298 1628 5360 nostre
1642 5279 1850 5388 judicium,
1873 5277 2017 5356 dictum
2131 5279 2135 5285 ’

705 5452 756 5493 aas
777 5453 860 5494 octat.
884 5456 929 5496 ιιι.
1850 5450 1889 5513 79
