5817 7292
907 1117 981 1194 3411
1490 1118 1579 1191 LES
1610 1113 1751 1190 otltt.
1836 1162 1841 1174 ·

625 1280 629 1292 ·
683 1279 812 1332 aarum
824 1273 868 1335 tv,
906 1277 1001 1350 erat,
1024 1277 1063 1338 et
1082 1288 1126 1337 ex
1142 1277 1234 1337 tunc
1253 1259 1377 1336 dictus
1395 1257 1621 1336 senescallus
1641 1254 1821 1334 concessit
1834 1253 1943 1331 dictis
1957 1247 2210 1361 burgensibus
2222 1258 2329 1338 Mon-

743 1367 806 1410 Μ’
906 1390 1160 1471 tis-Pessulani
1176 1393 1366 1468 marcham
1386 1406 1515 1467 contra
1528 1387 1620 1466 alios
1635 1403 1875 1474 mercatores,
1893 1385 1990 1463 cives
2002 1414 2071 1464 seu
2081 1387 2328 1495 justiciabiles

906 1527 1024 1600 lanue
1049 1540 1087 1599 et
1112 1550 1244 1598 eorum
1264 1520 1470 1608 districtus,
1493 1516 1733 1596 decernendo
1758 1515 1863 1622 quod
1894 1544 1937 1592 ex
1961 1532 2068 1606 tunc,
2090 1516 2181 1624 ipsis
2204 1519 2327 1625 primo

907 1653 1135 1740 certificatis,
1148 1667 1356 1729 memorata
1370 1649 1539 1727 defensio
1554 1663 1721 1725 curreret
1734 1663 1861 1722 contra
1874 1645 1992 1751 ipsos3
2006 1676 2119 1754 super
2131 1677 2209 1757 quo
2220 1651 2329 1728 certi-

907 1783 1006 1860 ficati
1016 1782 1170 1860 fuerunt
1178 1797 1356 1888 potestas,
1370 1778 1506 1870 abbas,
1523 1776 1713 1856 Octo-Viri
1731 1793 1769 1853 et
1781 1802 1982 1853 commune
1994 1779 2197 1867 Januense,
2214 1796 2328 1886 prout

908 1915 955 1992 de
972 1915 1045 1991 hoc
1057 1927 1200 1990 constat
1213 1939 1282 2017 per
1294 1908 1492 2014 publicum
1513 1908 1825 1995 instrumentum,
1843 1935 1952 2013 aqua
1967 1908 2155 1985 sentencia
2173 1937 2240 1986 seu
2258 1910 2329 1988 im-

907 2043 1097 2149 posicione
1121 2041 1272 2118 marche
1289 2068 1356 2116 seu
1381 2037 1533 2116 defense
1554 2036 1713 2116 Pascalis
1734 2034 1782 2114 de
1806 2037 1919 2114 Porta
1942 2053 1979 2112 et
1999 2038 2191 2117 Romanus
2212 2040 2328 2120 Otho

811 2256 815 2264 Α
906 2175 1020 2263 viani,
1033 2173 1130 2250 cives
1143 2153 1365 2260 Januenses',
1382 2169 1542 2277 syndici,
1562 2185 1606 2246 ut
1623 2166 1820 2258 dicebaut,
1842 2167 2054 2245 communis
2075 2185 2112 2246 et
2128 2171 2326 2248 hominum

906 2307 1024 2381 Janue
1045 2320 1084 2381 et
1098 2303 1289 2381 districtus
1307 2301 1495 2407 ejusdem,
1513 2299 1658 2377 nullam
1676 2315 1803 2375 tamen
1822 2297 1939 2378 fidem
1959 2296 2137 2378 facientes
2156 2299 2203 2376 de
2224 2301 2325 2380 dicto
2446 2362 2452 2370 .

908 2435 1117 2542 syndicatu,
1138 2433 1246 2539 quasi
1263 2433 1359 2509 circa
1377 2429 1492 2508 finem
1512 2431 1599 2507 anni
1619 2429 1800 2536 predicti,
1821 2430 1861 2506 in
1881 2430 2070 2534 presencia
2087 2431 2249 2510 tenentis
2268 2433 2327 2512 lo-

909 2594 995 2643 cum
1014 2564 1206 2642 senescalli
1224 2561 1467 2651 Belli-Cadri,
1487 2575 1734 2667 protestantes
1750 2560 1798 2637 de
1811 2588 1909 2639 novo
1930 2561 1976 2638 ad
1995 2560 2172 2638 noticiam
2191 2562 2326 2642 civium

909 2693 1106 2771 hominum
1123 2711 1160 2770 et
1169 2692 1456 2801 justiciabilium
1467 2693 1584 2770 Jauue
1594 2691 1800 2799 predictam
1813 2690 2085 2769 inhibicionem
2098 2693 2326 2798 pervenisse,

908 2853 927 2900 a
949 2825 1047 2902 dicta
1065 2821 1253 2902 sentencia
1273 2834 1345 2899 'seu
1364 2819 1612 2927 imposicione
1631 2823 1782 2900 marche
1809 2850 1877 2899 seu
1903 2821 2074 2911 defense,
2094 2840 2288 2931 tamquam
2308 2853 2329 2902 a

908 2953 1029 3044 nulla,
1052 2971 1107 3042 et,
1128 2952 1160 3030 si
1180 2951 1306 3058 aliqua
1321 2969 1437 3040 esset,
1457 2967 1650 3058 tamquam
1666 2951 1792 3029 afalsa
1807 2969 1846 3030 et
1863 2981 1989 3059 prava,
2007 2954 2057 3030 ad
2072 2982 2141 3033 nos
2159 2983 2227 3033 seu
2242 2985 2328 3035 nos-

907 3104 1002 3164 tram
1021 3085 1165 3162 curiam
1178 3081 1476 3189 appellaveruut3
1496 3099 1549 3171 et,
1570 3109 1658 3158 cum
1675 3060 1798 3161 dictus
1820 3083 2062 3178 senescallus,
2079 3085 2248 3191 predicte
2267 3116 2331 3193 ap-

907 3214 1108 3322 pellacioni
1124 3241 1203 3291 non
1212 3211 1412 3304 deferens,
1432 3210 1564 3290 multis
1578 3211 1793 3292 nacionibus
1808 3212 1847 3289 in
1866 3241 2044 3320 processu
2064 3213 2245 3322 allegatis,
2259 3218 2331 3296 vel·

906 3346 962 3423 let
980 3344 1118 3422 dictam
1138 3344 1366 3422 sentenciam
1386 3343 1600 3420 execucioni
1622 3341 1865 3433 demandare,
1884 3371 2050 3422 excausa
2071 3345 2329 3425 mandavimus

907 3491 1032 3552 totum
1059 3501 1277 3580 processum
1297 3501 1410 3578 super
1432 3473 1624 3580 premissis
1649 3471 1823 3550 habitum
1849 3473 1897 3550 ad
1914 3472 2054 3552 curiam
2078 3490 2244 3552 nostram
2267 3505 2328 3556 ra·

908 3606 1027 3693 mitti,
1046 3604 1310 3682 execucionem
1327 3602 1425 3681 dicte
1443 3603 1595 3682 marche
1612 3603 1881 3710 suspendentes
1899 3631 2096 3711 quousque
2114 3633 2229 3712 super
2244 3637 2329 3714 pre-

909 3737 1032 3814 missis
1051 3764 1120 3843 per
1138 3751 1304 3814 nostram
1323 3733 1467 3812 curiam
1488 3735 1703 3814 ordinatum
1724 3733 1855 3814 fuisset
1876 3766 1884 3812 ε
1906 3735 1995 3814 Viso
2016 3735 2130 3840 igitur
2149 3765 2327 3843 processu

907 3866 1078 3973 predicto
1099 3884 1138 3943 et
1157 3865 1358 3974 diligenter
1376 3865 1606 3959 examinato,
1624 3865 1774 3944 attentis
1792 3864 2109 3974 requisicionibus
2124 3885 2162 3946 et
2173 3897 2329 3976 respon·

906 3999 1077 4077 sionibus
1090 3999 1272 4076 dictarum
1287 3998 1467 4104 parcium,
1486 4014 1524 4076 et
1538 3997 1749 4105 specialiter
1763 3997 2050 4078 OctoVirorum
2071 3999 2328 4104 predictorum

907 4155 1020 4234 super
1032 4125 1303 4206 informacione
1320 4129 1368 4207 de
1382 4128 1492 4205 dictis
1507 4128 1667 4206 roberiis
1686 4127 1830 4205 eisdem
1847 4127 1955 4217 facta,
1974 4127 2234 4236 scilicetquod
2251 4129 2329 4208 suf·

906 4257 1076 4337 licienter
1095 4276 1201 4336 erant
1212 4257 1420 4345 informati,
1433 4275 1471 4336 et
1490 4257 1596 4364 quod
1611 4286 1688 4336 non
1709 4257 1931 4367 indigebant
1951 4259 2032 4336 aliis
2051 4259 2328 4340 informacioni-

906 4386 994 4478 bus,
1017 4409 1055 4467 et
1072 4390 1178 4498 quod
1193 4389 1298 4498 galee
1313 4389 1431 4498 ipsius
1442 4381 1643 4467 Percevalli
1657 4405 1694 4466 et
1704 4387 1884 4466 Anthonii
1899 4405 2003 4466 erant
2017 4390 2057 4466 in
2069 4391 2257 4469 terminali
2272 4393 2330 4469 la·

907 4546 1000 4610 uue,
1014 4547 1093 4597 non
1107 4548 1175 4627 per
1189 4518 1306 4626 ipsos,
1319 4521 1468 4627 sed-per
1477 4548 1680 4597 commune
1692 4522 1812 4596 Janue
1828 4535 2023 4612 arrestata,
2041 4521 2191 4600 attentis
2212 4522 2327 4598 eciam

906 4665 984 4725 tam
1003 4649 1086 4726 aliis
1104 4650 1395 4757 probacionibus
1418 4679 1533 4759 quam
1553 4667 1687 4728 tenore
1707 4650 2049 4728 instrumentorum
2068 4651 2324 4757 publicorum,

908 4805 976 4885 per
1000 4778 1119 4856 dictos
1145 4779 1354 4888 burgenses
1378 4809 1493 4888 super
1516 4781 1625 4860 dictis
1653 4779 1815 4858 roberiis
1840 4781 1879 4858 in
1909 4780 2068 4860 modum
2092 4779 2328 4888 probacionis

907 4910 1201 5016 productorum,
1225 4928 1264 4988 et
1287 4911 1394 5018 quod
1418 4911 1510 4991 dicti
1524 4915 1738 4992 ,lanuenses
1764 4913 1939 4990 Nemausi
1969 4913 2163 5021 degentes,
2191 4911 2329 4989 dictam

908 5039 1097 5116 marcham
1115 5058 1247 5147 sponte
1265 5058 1507 5148 receperunt,
1529 5061 1568 5122 et
1592 5043 1697 5151 quod
1718 5039 1810 5122 dicti
1829 5059 2009 5149 potestas,
2036 5041 2151 5121 abbas
2171 5059 2209 5119 et
2226 5069 2329 5120 com-

908 5198 1042 5259 mune,
1060 5198 1081 5245 a
1095 5187 1266 5277 tempore
1281 5172 1535 5250 intimacionis
1554 5175 1754 5280 superbae
1770 5173 1841 5250 sibi
1856 5173 1951 5254 facte
1969 5173 2064 5251 infra
2085 5173 2214 5252 decem
2231 5171 2328 5268 dies,

908 5329 986 5378 non
1006 5299 1301 5408 appellaverunt,
1322 5301 1501 5408 qualitate
1522 5319 1559 5380 et
1577 5321 1709 5382 natura
1729 5304 1817 5382 dicti
1837 5304 1923 5382 facti
1939 5304 2137 5411 diligenter
2149 5303 2328 5409 pensatis,

909 5461 976 5538 per
994 5433 1096 5511 curie
1118 5449 1246 5511 nostre
1262 5431 1470 5540 judicium,
1492 5435 1784 5539 pronunciatum
1804 5435 1877 5514 fuit
1895 5435 2032 5514 dictam
2052 5434 2242 5512 marcham
2264 5461 2340 5528 seu,
