5817 7292
1046 1083 1317 1192 nsoudrns
1343 1105 1407 1177 nr
1433 1086 1640 1178 Procas.
1980 1107 2054 1182 sss

633 1244 740 1354 quod
759 1243 1093 1351 impedimentum,
1111 1244 1260 1322 racione
1275 1246 1565 1351 premissorum,
1582 1243 1708 1322 eidem
1722 1245 1900 1326 Anselmo
1917 1248 1965 1325 ad
1979 1249 2056 1326 ins-
2094 1263 2224 1318 Parrum
2238 1263 2280 1328 Ν.

633 1376 794 1454 tanciam
815 1376 905 1452 dicti
928 1375 1094 1482 magistri
1108 1375 1245 1453 Yvonis
1261 1368 1476 1482 appositum
1497 1377 1536 1452 in
1556 1375 1665 1453 dictis
1683 1375 1795 1454 bonis
1815 1394 1853 1454 et
1872 1378 2056 1458 fructibus
2157 1355 2219 1398 ’Μ’

635 1507 877 1600 eorumdem,
894 1508 1129 1586 amovebitur
1148 1507 1289 1615 absque
1309 1507 1547 1598 difficultate,
1570 1507 1620 1584 ita
1642 1505 1747 1614 quod
1762 1507 1841 1613 ipse
1860 1508 1968 1586 dictis
1987 1510 2057 1588 ho-

531 1747 542 1769 .
634 1640 693 1718 nIs
712 1655 752 1716 et
769 1667 903 1718 eorum
917 1637 1102 1716 fructibus
1115 1638 1233 1744 possit
1246 1639 1428 1748 gaudere,
1445 1656 1484 1718 et
1497 1665 1540 1715 ea
1555 1665 1629 1744 que
1651 1636 1773 1714 dictus
1787 1638 1864 1714 Yvo
1881 1637 1928 1714 de
1946 1637 2057 1716 bonis

632 1769 811 1877 predictis
829 1786 1015 1846 eteorum
1033 1768 1216 1846 fructibus
1233 1769 1384 1862 habuit,
1408 1769 1558 1848 racione
1574 1766 1756 1874 predicta,
1775 1768 1935 1846 reddere
1952 1786 2058 1846 tenc-

633 1919 698 1979 tur
716 1898 896 1976 Anselmo
916 1900 1098 2006 predicto.

691 2029 869 2109 Mercurii
888 2028 1069 2135 predicta.
1149 2104 1154 2110 .

689 2159 865 2238 Bocellus
884 2161 1098 2265 reportavit.

688 2421 816 2500 XVIII.
847 2421 945 2500 Cum
959 2423 1189 2502 habitatores
1203 2424 1292 2502 ville
1312 2425 1361 2502 de
1376 2425 1561 2532 Mayriaco
1580 2424 1781 2532 quamdam
1799 2452 1934 2531 penam
1956 2424 2057 2502 mille

632 2549 834 2641 librarum,
850 2569 1045 2659 tamquam
1060 2554 1300 2632 commissam
1321 2582 1366 2632 ex
1379 2555 1490 2633 certis
1506 2554 1640 2647 causis,
1657 2554 1833 2632 videlicet
1852 2555 1963 2632 nobis
1983 2583 2058 2634 me·

633 2680 829 2772 dietatem,
845 2699 884 2758 et
895 2682 986 2787 ipsis
997 2682 1108 2760 aliam
1121 2684 1385 2774 medietatem,
1398 2683 1605 2790 adjudicari
1617 2700 1655 2760 et
1664 2683 1774 2760 reddi
1785 2701 1957 2791 peterent
1969 2713 2058 2762 con·

632 2827 690 2886 tra
705 2811 934 2889 habitatores
946 2811 1034 2889 ville
1054 2812 1394 2902 Smmfiermm,
1416 2812 1516 2891 dicta
1533 2830 1640 2918 parte
1657 2813 1809 2891 adversa
1829 2814 2058 2892 contrarium

632 2958 870 3048 proponente
881 2974 890 3016 :
901 2941 1088 3035 Tandem,
1103 2943 1276 3050 inquesta
1286 2943 1521 3020 demandato
1533 2960 1662 3020 nostro
1674 2971 1790 3050 super
1800 2945 1873 3022 hoc
1886 2943 1979 3022 sacta
1992 2972 2060 3050 per

632 3071 815 3150 ballivum
825 3073 1167 3152 viromandensem
1179 3092 1217 3151 et
1235 3073 1282 3152 ad
1298 3090 1465 3153 nostram
1478 3073 1620 3150 curiam
1640 3091 1845 3181 reportata,
1860 3075 1934 3152 visa
1955 3092 1994 3152 et
2006 3074 2060 3151 di-

633 3201 795 3310 ligenter
807 3203 1030 3292 examinata,
1042 3232 1111 3311 per
1120 3204 1223 3282 curie
1238 3219 1366 3281 nostre
1374 3203 1582 3310 judicium,
1597 3203 1825 3283 habitatores
1836 3205 1996 3312 predicti
2010 3203 2059 3282 de

635 3331 979 3412 Sancto-Germano
999 3362 1020 3409 a
1040 3334 1138 3412 dicta
1156 3362 1255 3442 pene
1274 3333 1463 3442 peticione
1482 3332 1644 3432 absoluti
1664 3334 1832 3414 luerunt.

689 3461 867 3542 Mercurii
887 3462 1068 3570 predicta.

670 3645 674 3652 ·
691 3595 792 3703 Roya
810 3595 1021 3700 reportavit,

693 3857 786 3934 11111.
823 3857 947 3964 Super
969 3858 1109 3966 quihus
1139 3858 1313 3964 dampnis
1338 3886 1414 3965 que
1437 3856 1619 3964 petebant
1650 3855 1877 3934 habitatores
1899 3856 1987 3933 ville
2013 3857 2060 3934 de
2195 3900 2207 3916 ·

637 3987 822 4094 Mayriaco
843 4005 971 4064 contra
992 3988 1223 4067 habitatores
1240 3987 1330 4065 ville
1355 3986 1697 4075 Sancti-Germani,
1723 4004 1760 4062 et
1779 4014 1893 4092 super
1910 3986 2060 4064 racione

636 4115 832 4195 reddenda
855 4118 904 4195 de
923 4118 1151 4226 quibusdam
1170 4119 1417 4227 pecuniarum
1435 4117 1594 4196 summis
1613 4145 1634 4194 a
1654 4116 1764 4195 dictis
1784 4117 1970 4224 partibus,
1991 4117 2059 4194 vir·

635 4264 719 4325 tute
745 4247 911 4324 mandati
936 4250 1074 4342 nostri,
1100 4267 1145 4326 ut
1166 4249 1315 4342 dicitur,
1336 4248 1466 4326 levatis
1487 4279 1496 4324 ε
1515 4247 1602 4328 Visa
1620 4247 1790 4355 inquesta
1812 4246 1859 4324 de
1882 4246 2059 4326 mandato

636 4394 766 4456 nostro
784 4375 897 4466 facta,
911 4378 1000 4484 quia
1014 4378 1179 4484 quedam
1193 4379 1344 4456 inventa
1359 4395 1447 4456 sunt
1461 4377 1501 4454 in
1518 4405 1561 4454 ea
1575 4376 1723 4484 plenius
1735 4377 1977 4484 inquirenda,
1992 4407 2060 4486 per

637 4508 742 4587 curie
760 4525 887 4588 nostre
903 4509 1110 4616 judicium,
1126 4510 1271 4588 dictum
1286 4509 1360 4588 fuit
1373 4510 1495 4617 quod,
1507 4509 1644 4586 vocatis
1660 4509 1871 4600 evocandis,
1886 4509 1984 4588 dicta
1999 4509 2058 4586 in·

637 4657 769 4747 questa
790 4639 1045 4747 complebitur
1064 4655 1103 4720 et
1122 4641 1339 4722 remittetur
1352 4642 1401 4720 ad
1420 4640 1563 4720 curiam
1575 4638 1793 4747 judicanda.

693 4772 872 4852 Mercurii
890 4772 1070 4881 predicta.

694 4905 797 5011 Roya
813 4905 1026 5011 reportavit.

692 5165 770 5244 xx
801 5165 898 5245 Cum
907 5166 1071 5246 Guiotus
1082 5165 1348 5246 deLemovicis
1362 5184 1402 5245 et
1416 5167 1846 5276 sororejusMnrgareta,
1860 5194 1953 5245 uxor
1968 5167 2056 5243 Ber·

637 5295 760 5374 trandi
781 5296 831 5375 de
847 5297 1025 5391 Ralastre,
1046 5326 1171 5376 coram
1192 5295 1392 5406 Radulpho
1413 5299 1460 5376 de
1479 5301 1594 5389 Vsus,
1615 5317 1706 5378 tunc
1725 5298 1897 5376 auditore
1915 5293 2056 5376 Castel-

637 5423 704 5504 lcti
715 5426 948 5520 Parisiensis,
963 5429 1264 5536 proposuissent,
1276 5446 1408 5509 contra
1417 5431 1572 5512 Petrum
1587 5429 1634 5508 de
1646 5427 1806 5510 Senonis
1820 5444 1858 5506 et
1873 5427 1953 5534 ejus
1965 5448 2058 5500 uxo·
