5817 7292
868 1106 943 1181 208
1285 1164 1289 1172 .
1446 1102 1536 1176 LES
1568 1100 1708 1175 OLIM.

642 1268 773 1322 rmum
785 1262 829 1326 tv,
868 1244 1131 1324 emolumento
1146 1242 1237 1321 dicti
1252 1240 1366 1352 sigilli
1382 1243 1528 1350 integre
1539 1270 1618 1320 non
1635 1241 1798 1330 reddito,
1815 1241 1975 1320 durante
1990 1259 2162 1350 tempora
2177 1245 2289 1326 officii

704 1361 766 1402 1³0⁶.

866 1378 926 1456 sui
935 1376 1107 1484 predicti,
1119 1403 1189 1482 pro
1199 1373 1486 1481 quatuordecim
1497 1372 1694 1461 nundinis,
1708 1372 1813 1451 mille
1824 1390 1862 1452 et
1872 1373 2166 1483 quadringentas
2178 1377 2291 1456 libras

867 1513 1109 1587 Turonenses
1125 1505 1261 1585 debilis
1279 1521 1449 1597 monete,
1468 1506 1578 1596 item,
1598 1532 1667 1612 pro
1688 1505 1928 1585 estimacione
1950 1506 2137 1584 dictorum
2158 1537 2293 1586 mune-

865 1669 953 1718 rum
972 1640 1018 1717 ab
1039 1640 1120 1745 ipso
1139 1637 1268 1715 illicite
1287 1652 1544 1743 receptorum,
1561 1651 1747 1713 trecentas
1761 1635 1875 1714 libras
1892 1638 2136 1718 Turonenses
2156 1638 2293 1718 debilis

866 1788 1041 1854 monete;
1063 1785 1276 1886 ceterorum
1298 1767 1488 1846 bonorum
1507 1793 1684 1855 suorum,
1704 1783 1782 1843 tam
1800 1767 2004 1845 mobilium
2025 1798 2140 1876 quam
2158 1770 2294 1850 immo-

864 1901 1020 1988 bilium,
1043 1886 1262 1987 medietate,
1284 1896 1531 2004 praemanda
1553 1896 1743 1974 dictorum
1759 1925 1998 1989 excessuum,
2021 1899 2131 1978 nobis
2149 1901 2292 2007 integre

865 2030 1097 2138 applicanda.
1112 2031 1223 2118 ltem,
1238 2058 1326 2106 cum
1342 2030 1465 2106 dictus
1476 2029 1562 2106 lluo
1577 2044 1706 2106 contra
1721 2027 1932 2133 predictum
1943 2029 2154 2108 Jobannem
2167 2031 2293 2138 plures

866 2188 1037 2237 excessus
1053 2160 1330 2266 proposuisset,
1353 2186 1424 2237 nos
1443 2186 1557 2264 super
1577 2157 1787 2236 excessibus
1806 2157 2025 2264 hujusmodi
2047 2174 2086 2236 et
2106 2159 2292 2238 defensio-

866 2292 980 2369 nibus
1007 2291 1123 2398 ipsius
1147 2290 1343 2382 lobannis,
1368 2290 1506 2369 vocatis
1529 2287 1713 2396 partibus,
1738 2287 1877 2395 inquiri
1895 2287 2053 2368 fecimus
2073 2291 2289 2368 veritatem:

757 2507 760 2516 ,
865 2423 953 2501 Visa
965 2422 1079 2529 igitur
1092 2437 1130 2498 et
1145 2420 1345 2527 diligenter
1361 2421 1567 2497 examinate
1583 2418 1756 2526 inquesta
1772 2419 1950 2526 predicte,
1967 2449 2036 2525 per
2048 2421 2290 2500 curie-nostre

862 2553 1068 2660 judicium,
1098 2552 1221 2630 dictus
1241 2551 1432 2630 lohannes
1460 2579 1481 2626 a
1508 2550 1684 2658 predictis
1708 2566 1836 2627 contra
1856 2551 1981 2656 ipsum
2000 2551 2201 2658 propositis
2221 2551 2293 2629 fuit

865 2682 1142 2761 sentencialiter
1155 2681 1366 2772 absolutus,
1381 2683 1483 2758 etad
1499 2682 1712 2789 predictum
1727 2680 1896 2760 officium
1911 2681 2080 2760 custodie
2096 2683 2293 2762 restitutus

866 2813 906 2890 in
927 2813 1085 2896 eodem,
1107 2812 1293 2919 quamdiu
1312 2812 1423 2889 nobis
1442 2811 1640 2919 placuerit,
1662 2841 1916 2892 remansurus.

923 2944 1101 3020 Mercurii
1121 2960 1206 3050 post
1224 2942 1459 3022 Nativitatem
1478 2943 1647 3022 Domini.

924 3074 1112 3152 Martillus
1129 3074 1243 3152 habet
1258 3073 1366 3152 istam
1380 3075 1606 3182 inquestam.

853 3417 859 3429 ,
926 3337 1067 3416 XXXV.
1099 3337 1196 3416 Cum
1212 3337 1346 3418 Petrus
1358 3337 1407 3416 de
1420 3340 1594 3449 Bougon,
1613 3356 1797 3419 mereator
1809 3367 2030 3446 porcorum,
2046 3338 2293 3446 Reginaldum

869 3467 1011 3557 Buille,
1040 3469 1159 3545 civem
1182 3469 1475 3559 Bituricensem,
1497 3471 1667 3550 traxisset
1688 3471 1728 3548 in
1752 3498 1917 3562 causam,
1939 3469 2168 3577 peticionem
2187 3497 2293 3548 suam

868 3600 1008 3678 faciens
1025 3617 1153 3678 contra
1171 3601 1296 3709 ipsum
1312 3631 1427 3710 super
1444 3603 1623 3682 trecentis
1635 3603 1789 3710 triginta
1808 3619 1846 3680 et
1864 3617 2027 3710 quatuor
2040 3600 2179 3707 porcis,
2195 3627 2294 3707 quos

870 3733 1020 3812 dicebat
1038 3734 1205 3812 eundem
1221 3737 1282 3827 R.‚
1303 3751 1476 3840 tempore
1497 3761 1574 3842 qno
1594 3735 1691 3841 ipse,
1713 3762 1784 3842 pro
1805 3733 1915 3813 nobis
1930 3749 1968 3811 et
1986 3732 2151 3812 exercitu
2164 3749 2292 3811 nostro

869 3864 1063 3955 flandrie,
1088 3866 1263 3944 victualia
1288 3866 1475 3974 capiebat,
1499 3866 1539 3942 in
1560 3866 1723 3973 quadam
1746 3865 1898 3958 foresta,
1927 3841 2061 3973 inqua
2082 3864 2294 3971 impingua-

871 3994 1018 4085 bantur,
1038 3998 1195 4104 cepisse,
1211 3998 1314 4077 dicto
1329 4000 1372 4075 R.
1394 3997 1612 4103 capcionem
1628 3994 1816 4078 dictorum
1836 4023 2040 4103 porcorum
2060 4011 2239 4101 negante,
2257 4011 2295 4072 et

871 4127 919 4204 ad
938 4127 997 4206 sui
1018 4127 1278 4208 defensionem
1294 4130 1415 4208 multa
1429 4146 1682 4237 proponente3
1703 4127 1873 4235 factaque
1888 4157 2002 4234 super
2015 4127 2087 4206 hoc
2106 4126 2292 4233 inquesta,

870 4276 910 4334 et
928 4278 1057 4338 nostre
1070 4262 1173 4340 curie
1188 4279 1394 4370 reportata,
1409 4261 1487 4338 visa
1501 4276 1539 4338 et
1555 4259 1757 4370 diligenter
1772 4259 1995 4348 examinata,
2014 4258 2137 4340 dictus
2157 4261 2214 4350 R.‚
2232 4286 2297 4365 per

872 4389 975 4464 curie
996 4407 1123 4469 nostre
1138 4392 1345 4499 judicium,
1367 4391 1667 4500 condempnatus
1686 4390 1819 4470 fuisset
1830 4389 1886 4468 ad
1905 4389 2146 4468 reddendum
2172 4388 2296 4468 eidem

870 4518 981 4597 Petro
1003 4518 1191 4600 dictorum
1213 4550 1416 4628 porcorum
1437 4522 1620 4611 valorem,
1642 4539 1680 4599 et
1701 4524 1863 4629 dampna
1883 4521 2011 4598 omnia
2031 4547 2107 4627 que
2123 4520 2202 4626 ipse
2217 4547 2296 4598 sus-

870 4649 1037 4728 tinuerat
1053 4651 1092 4728 in
1107 4652 1303 4760 predictis,
1327 4653 1446 4759 ipsius
1460 4654 1666 4760 punicione
1685 4653 1846 4732 ulterius
1866 4652 1978 4731 nobis
1998 4632 2141 4730 retenta
2163 4681 2171 4724 :
2195 4651 2295 4728 Tan-

873 4779 977 4870 dem,
1000 4783 1105 4860 curia
1124 4801 1267 4874 nostra,
1289 4811 1403 4891 super
1421 4783 1496 4860 hoc
1515 4783 1643 4862 habita
1663 4784 1942 4864 deliberacione
1956 4781 2170 4869 nobiscum,
2185 4796 2225 4857 et
2242 4780 2298 4856 ei·

836 4901 844 4914 ’
874 4913 962 4989 dem
980 4913 1023 4988 R.
1039 4914 1079 4988 in
1093 4913 1167 4991 vita
1182 4931 1221 4990 et
1240 4913 1422 4992 membris
1437 4915 1647 5021 parcendo,
1664 4933 1819 5022 propter
1836 4913 2060 4992 clericorum
2079 4927 2296 4990 nostrorum

871 5043 1104 5147 presenciam
1122 5045 1189 5151 qui
1204 5045 1322 5152 priori
1342 5045 1589 5124 interfuerant
1603 5046 1775 5155 judicato
1793 5047 1898 5151 (ro),
1916 5041 2194 5124 sentencialiter
2212 5069 2299 5148 pro·

872 5173 1062 5251 nunciavit
1084 5176 1212 5254 omnia
1236 5175 1337 5255 bona
1363 5178 1454 5254 dicti
1479 5180 1539 5268 R.‚
1560 5183 1640 5255 tam
1659 5177 1815 5256 mobiba
1841 5205 1956 5285 quem
1983 5174 2195 5263 inmobilia,
2221 5191 2299 5250 ten·

871 5329 985 5411 quam
1006 5307 1219 5399 commissa,
1240 5305 1352 5386 nobis
1372 5335 1452 5386 esse
1473 5308 1618 5416 integre
1639 5305 1871 5414 applicanda.

929 5435 1105 5516 Mercurii
1125 5456 1212 5546 post
1230 5437 1466 5518 Nativitatem
1487 5439 1655 5518 Domini.
