5817 7292
968 1038 973 1049 ⁵
1021 1079 1290 1186 nvoutrns
1316 1098 1380 1169 nr
1406 1081 1614 1175 esoces.
1956 1105 2028 1175 377

608 1258 693 1347 post
716 1236 1011 1346 appellacionem
1033 1238 1256 1345 predictam,
1284 1268 1351 1345 per
1376 1239 1498 1318 dictos
1518 1238 1693 1318 dominos
1714 1268 1781 1320 seu
1804 1268 1936 1320 eorum
1963 1243 2030 1321 ba·
2070 1256 2200 1315 rursum
2210 1258 2254 1323 tv,

603 1372 707 1479 julos
725 1396 925 1476 suspensos
939 1370 1070 1463 fuisse,
1086 1386 1222 1477 etpost
1234 1370 1506 1449 inhihicionem
1519 1370 1743 1478 predictam,
1760 1400 1829 1479 per
1840 1372 2031 1481 judicium
2133 1350 2195 1393 ’Μ’

609 1504 711 1581 curie
728 1518 874 1593 nostre,
892 1500 1014 1581 dictus
1033 1501 1231 1609 episcopus
1251 1502 1489 1581 Caturcensis
1512 1502 1560 1578 ad
1579 1503 1692 1579 vitam
1713 1532 1837 1593 suam,
1862 1503 1925 1581 alii
1942 1534 2030 1583 vero

609 1632 826 1711 condomini
860 1630 1019 1738 predicti
1049 1632 1350 1739 imperpetuum,
1374 1632 1525 1741 justicia
1553 1633 1773 1711 omnimoda
1804 1633 1893 1711 dicti
1923 1635 2030 1713 castri

609 1762 904 1841 Montis-Pensati
924 1760 1078 1839 fuerunt
1095 1762 1244 1867 privati,
1262 1779 1300 1841 et
1313 1761 1386 1841 fuit
1402 1761 1582 1869 applicata
1604 1762 1760 1841 domino
1774 1764 1866 1872 Regi
1882 1764 2033 1873 justicia

609 1910 835 1985 memorata;
849 1894 933 1982 sed,
948 1893 1037 2000 quia
1052 1920 1129 1969 non
1149 1892 1339 1971 invenitur
1351 1920 1419 2000 per
1433 1893 1572 1971 dictam
1591 1893 1806 2000 inquestam
1821 1894 1927 2000 quod
1941 1922 2032 1972 con-

606 2042 664 2102 tra
679 2024 799 2103 dictos
811 2022 983 2101 consules
995 2022 1313 2115 Montis-Pensati,
1331 2051 1445 2129 super
1457 2022 1637 2129 predictis
1649 2024 1901 2112 denuncietis,
1919 2023 2033 2103 suerit

606 2154 828 2261 inquisitum
851 2169 978 2231 contra
999 2152 1115 2258 ipsos,
1132 2180 1246 2257 super
1265 2152 1337 2229 hoc
1356 2152 1569 2259 inquiretur
1589 2152 1637 2231 de
1659 2181 1756 2232 nove
1776 2154 1825 2230 ad
1838 2152 1959 2232 linem
1978 2157 2032 2233 ci-

607 2283 731 2363 vilem.

664 2416 814 2495 sabbati
828 2417 1007 2523 predicta.

664 2546 715 2625 Μ.
737 2549 812 2683 va
842 2547 890 2625 de
909 2547 1137 2626 Lauduneco
1161 2549 1363 2653 reportavit
1382 2564 1420 2625 et
1438 2548 1593 2627 treddiit
1615 2577 1697 2627 eam
1719 2550 1790 2627 sibi
1810 2551 2030 2660 Negaretus.

663 2811 789 2889 XVIII.
819 2808 917 2887 Cum
930 2810 1105 2916 magister
1115 2808 1330 2887 Gaubertus
1339 2806 1624 2912 Pelphi,rector
1634 2806 1876 2885 ecclesiarum
1890 2810 1938 2887 de
1947 2811 2034 2889 Cor-

610 2968 702 3019 neco
722 2957 764 3018 et
778 2938 879 3017 beuti
895 2938 1045 3017 Martini
1062 2965 1179 3045 prope
1194 2940 1390 3025 Bretenos,
1411 2937 1651 3015 Caturcensis
1667 2936 1850 3045 dyocesis,
1871 2968 2031 3047 quarum

611 3100 684 3149 une
699 3070 892 3177 dependet
903 3069 950 3147 ab
964 3068 1095 3159 altere,
1110 3068 1220 3146 nobis
1235 3066 1498 3145 denunciasset
1508 3067 1614 3173 quod
1628 3066 1838 3148 Ademarus
1848 3070 2030 3161 Girberti3

610 3203 782 3292 clericus,
795 3201 918 3308 ipsum
932 3216 1133 3286 rectorem,
1148 3200 1188 3275 in
1203 3214 1329 3277 nostra
1341 3197 1493 3303 speciali
1505 3197 1650 3304 gardia,
1664 3228 1752 3276 cum
1764 3200 1943 3306 predictis
1955 3202 2032 3279 suis

611 3333 795 3421 eeclesiis,
812 3331 1050 3421 existentem,
1064 3327 1300 3436 possessione
1316 3328 1415 3405 dicte
1431 3325 1589 3405 ecclesie
1603 3326 1702 3405 beati
1718 3330 1869 3409 Martini
1879 3332 2034 3439 spolias

610 3484 681 3557 set,
691 3453 759 3545 seu
766 3463 913 3542 lecisset
921 3488 990 3571 per
996 3460 1217 3539 violenciam
1227 3458 1396 3564 spoliari,
1407 3477 1445 3537 et
1452 3460 1554 3538 bona
1562 3458 1660 3539 dicte
1669 3460 1827 3539 ecclesie
1835 3464 2030 3570 rapuisset,

611 3599 825 3704 dissipasset
849 3611 888 3673 et
908 3594 1025 3671 eciam
1047 3592 1287 3683 devastasset,
1307 3619 1349 3669 ac
1365 3590 1527 3669 dilectus
1550 3606 1589 3667 et
1603 3588 1731 3669 fidelis
1747 3610 1875 3671 noster
1891 3594 2034 3702 episco-

610 3724 941 3839 pusCaturcensis,
951 3722 1232 3829 asserensquod
1239 3722 1362 3801 dictus
1373 3721 1803 3827 Ademnruspredictum
1813 3725 2032 3831 magistrum

611 3858 862 3943 Gaubertum,
884 3870 1011 3933 contm
1025 3853 1234 3960 justiciam,
1256 3852 1296 3928 in
1315 3852 1550 3959 possessione
1569 3851 1737 3957 predicte
1757 3852 1913 3931 ecclesie
1931 3854 2032 3932 beati

612 3986 762 4067 Martini
776 3984 920 4075 turbat,
937 3982 1096 4091 impedit
1116 4000 1154 4061 et
1172 3981 1363 4072 molestat,
1381 3982 1627 4089 supplicasset
1640 3982 1822 4059 instanter
1834 3983 1941 4089 quod
1953 4001 2034 4062 tur-

611 4117 803 4207 baciones,
821 4114 1107 4220 impedimenta,
1129 4112 1414 4191 molestaeiones
1434 4112 1691 4190 etviolencias
1709 4141 1731 4189 a
1747 4112 1917 4220 predicto
1940 4114 2034 4193 Ade-

613 4276 719 4327 mero
743 4245 879 4335 illatas,
900 4245 1121 4323 auctoritate
1139 4244 1241 4351 regia
1267 4242 1476 4322 faceremus
1499 4244 1681 4331 amoveri,
1704 4272 1793 4321 cum
1811 4270 1890 4321 non
1907 4264 2035 4351 posset

614 4381 717 4458 idem
727 4379 925 4485 episcopus
937 4375 1159 4455 violenciam
1172 4375 1264 4453 dicti
1277 4375 1453 4453 uldemari
1465 4392 1504 4454 et
1516 4375 1705 4454 lautomm
1722 4404 1880 4454 suorum
1897 4404 1963 4454 sua
1973 4379 2036 4485 ju-

613 4508 832 4589 risdictione
847 4534 1100 4613 compescere,
1119 4534 1203 4595 nos,
1219 4523 1297 4584 tam
1316 4507 1421 4613 regio
1431 4507 1519 4614 jure
1534 4522 1681 4597 nostro,
1698 4508 1738 4583 in
1752 4524 1957 4614 quantum,
1978 4536 2037 4584 ra·

614 4643 722 4721 cione
737 4640 840 4739 ,dicte
859 4636 987 4746 gerdie
1007 4664 1050 4713 ac
1065 4635 1249 4715 violencie
1270 4634 1459 4725 antelios,
1478 4636 1526 4712 ad
1546 4662 1617 4715 nos
1635 4637 1841 4743 spectabat,
1858 4640 2035 4744 quemad

614 4770 905 4881 requisicionem
926 4765 1059 4874 prefati
1085 4766 1249 4873 episcopi
1276 4783 1313 4845 et
1338 4767 1451 4873 pertis
1475 4766 1674 4873 utriusque
1698 4766 2032 4874 supplicacionem,

614 4904 725 4985 certis
744 4900 920 4979 dedimus
940 4898 1207 4977 commissoriis
1221 4897 1260 4973 in
1281 4896 1466 4975 mandatis
1480 4896 1602 5003 quod,
1619 4897 1665 4974 ed
1681 4898 1808 4976 Iocum
1822 4900 2036 4978 contencio·

614 5063 698 5113 sum
717 5030 964 5141 personaliter
983 5029 1218 5117 aecedentes,
1235 5028 1473 5136 inquirerent
1491 5028 1540 5107 de
1557 5027 1736 5136 predictis
1753 5029 2035 5109 ttubacionibus

615 5182 653 5242 et
666 5162 874 5252 violenciis,
893 5178 931 5238 et
946 5162 1156 5267 inquestem
1174 5159 1264 5237 inde
1282 5156 1415 5237 lectam
1434 5159 1482 5237 ad
1497 5160 1639 5237 curiam
1653 5176 1836 5249 nostram,
1853 5160 2031 5249 Perisius,
2051 5181 2062 5193 ‘

615 5310 868 5401 reportarent:
890 5294 999 5371 Facta
1018 5291 1132 5400 igitur
1149 5290 1320 5397 inquesta
1343 5316 1457 5395 super
1479 5290 1553 5368 hoc
1574 5288 1623 5367 de
1645 5307 1792 5382 nostro,
1818 5307 1862 5367 ut
1882 5292 2035 5397 premit-

615 5428 719 5512 titur,
742 5424 917 5501 mandato
936 5440 974 5501 et
992 5424 1040 5500 sd
1057 5437 1222 5499 nomam
1236 5420 1377 5517 citriam
1395 5436 1599 5526 reportata,
1615 5449 1658 5497 ac
1677 5420 1762 5497 visis
1776 5436 1815 5496 et
1828 5420 2034 5526 ‘diligenter

724 5597 775 5640 css
794 5597 877 5639 ocur¹
902 5598 948 5639 ur.
1889 5572 1930 5640 48
