5817 7292
842 1119 913 1197 rsr
1337 1200 1346 1219 ,
1422 1125 1515 1197 nus
1544 1121 1686 1199 oum.

614 1276 801 1341 rsrnmlv,
840 1281 880 1343 et
898 1261 1058 1344 heredes
1073 1262 1248 1347 defuncti
1267 1266 1435 1375 magistri
1454 1266 1554 1345 Petri
1574 1267 1623 1345 de
1644 1264 1818 1354 Biterris,
1839 1264 2035 1371 quondam
2057 1286 2273 1373 procruste-

676 1370 738 1412 ’Μ
839 1396 891 1474 ris
917 1396 1035 1475 nostri
1059 1398 1100 1475 in
1129 1398 1345 1479 senescallia
1366 1398 1553 1509 predicta,
1581 1398 1631 1477 ad
1657 1395 1901 1476 reddendum
1930 1413 1969 1474 et
1993 1398 2272 1481 restituendum

840 1526 1048 1609 Guillelmo
1068 1530 1213 1621 Ricani,
1234 1532 1366 1625 militi,
1391 1548 1556 1609 castmm
1583 1548 1623 1608 et
1645 1528 1850 1638 pedagium
1877 1528 2200 1638 Sancti-Stephani
2224 1535 2273 1613 de

840 1660 949 1749 Sors,
968 1690 1055 1740 cum
1072 1690 1206 1740 eorum
1222 1662 1484 1769 pertinenciis,
1502 1680 1540 1740 et
1554 1661 1786 1771 quibusdam
1801 1660 1904 1754 aliis,
1920 1662 1962 1739 in
1975 1660 2167 1768 peticione
2181 1666 2273 1745 dicti

839 1792 967 1869 Ricani
987 1793 1190 1884 contentis,
1212 1794 1491 1872 sentencialiter
1510 1795 1839 1885 condemnassent,
1863 1809 1902 1873 et
1920 1792 2180 1902 predictorum
2205 1799 2275 1876 sai-

840 1922 959 2001 sinam
978 1925 1103 2003 eidem
1126 1926 1265 2007 llioano
1283 1925 1548 2019 tradidissent,
1576 1954 1794 2035 quanquam
1818 1925 1890 2034 ipsi
1912 1924 2120 2034 ajudicato
2140 1928 2274 2038 hujus·

841 2056 946 2135 modi
965 2058 1013 2135 ad
1028 2086 1098 2136 nos
1117 2057 1387 2166 appellassent,
1406 2057 1604 2166 dictosque
1623 2056 1755 2136 fratres
1774 2058 1823 2136 ad
1844 2056 2138 2167 proponendum
2156 2063 2275 2140 racio·

794 2258 798 2265 .
841 2216 907 2267 nes
927 2218 1014 2267 suas
1033 2206 1163 2268 contra
1181 2189 1395 2298 judicatum
1415 2190 1631 2297 predictum
1649 2191 1834 2297 perviam
1855 2187 2161 2296 supplicacionis,
2184 2220 2271 2270 cunr

840 2320 1117 2428 appellaciones
1136 2352 1157 2399 a
1173 2322 1314 2401 talibus
1333 2320 1623 2428 inquisitoribus
1637 2322 1878 2429 interpositas
1898 2348 1977 2397 non
2000 2320 2269 2427 reciperemus,

842 2452 889 2530 de
909 2454 1060 2559 speciali
1080 2454 1201 2562 gracia
1216 2454 1516 2545 admisissemus,
1533 2471 1573 2532 et
1586 2472 1708 2533 certos
1727 2454 1918 2533 auditores
1937 2478 2051 2558 super
2070 2452 2144 2531 boc
2163 2455 2273 2534 dictis

840 2585 1009 2691 partibus
1030 2586 1292 2665 dedissemus=
1313 2586 1504 2674 Tandem,
1526 2587 1664 2668 auditis
1683 2586 1771 2665 hinc
1790 2583 1882 2663 inde
1901 2583 2105 2691 propositis
2129 2602 2168 2665 et
2186 2588 2273 2666 visis

840 2716 1077 2823 processibus
1096 2734 1134 2794 et
1150 2717 1324 2825 inquesta
1340 2746 1454 2825 super
1471 2718 1545 2796 hoc
1563 2717 1685 2812 sactis,
1701 2746 1852 2798 necnon
1871 2716 1995 2795 littera
2013 2717 2274 2798 transactionis

842 2878 928 2926 cum
941 2848 1234 2955 interposicione
1242 2849 1450 2958 juramenti
1466 2878 1580 2959 super
1594 2850 1668 2929 hoc
1684 2850 1812 2929 habite
1825 2850 1926 2927 inter
1938 2862 2063 2955 partes
2075 2846 2271 2956 predictas,

726 2976 729 2983 ’
839 3008 908 3085 per
937 2980 1039 3058 curie
1068 2997 1195 3060 nostre
1210 2980 1417 3091 judicium,
1447 2981 1594 3061 dictum
1618 2982 1691 3061 luit
1710 3000 1749 3062 et
1767 2978 2060 3091 pronunciatum
2084 2978 2274 3087 predictos

842 3111 1083 3219 inquisitores
1102 3113 1202 3192 male
1216 3113 1424 3223 judicasse,
1447 3133 1488 3193 et
1505 3115 1629 3194 dictos
1647 3113 1781 3193 fratres
1799 3114 1901 3193 bene
1920 3109 2170 3217 supplicasse,
2193 3114 2274 3192 dic·

840 3260 923 3322 tum
944 3243 1194 3323 Guillelmum
1214 3244 1263 3323 ad
1285 3244 1562 3325 restituendum
1580 3274 1642 3325 res
1660 3245 1849 3354 predictas
1873 3246 1986 3325 dictis
2005 3244 2182 3325 fratribus
2205 3274 2274 3353 per

842 3373 945 3452 idem
959 3374 1150 3482 judicium
1170 3377 1448 3456 sentencialiter
1468 3375 1797 3486 condempnando.

795 3510 800 3519 '
898 3505 1053 3586 Sabbati
1072 3524 1158 3615 post
1174 3508 1438 3589 Reminiscere.

896 3772 1038 3851 XXXII.
1070 3775 1168 3854 Cum
1188 3775 1395 3886 Gregorius
1414 3774 1464 3853 de
1483 3774 1678 3864 Bonilace,
1708 3775 1756 3853 de
1769 3774 1960 3903 ⁸societate
1986 3774 2056 3853 des
2071 3771 2269 3883 Caraools.

842 3904 1029 3983 Marinum
1051 3908 1099 3986 de
1119 3908 1274 4003 Marius,
1297 3910 1415 3987 civem
1433 3910 1678 4002 Januensem,
1695 3936 1822 3986 coram
1841 3906 2065 3987 custodibus
2087 3903 2274 3983 nundina-

841 4064 927 4113 rum
950 4037 1152 4149 Campanis
1174 4039 1334 4149 ajomari
1354 4041 1523 4131 lecisset,
1546 4057 1585 4119 et
1603 4039 1651 4119 ab
1672 4067 1718 4117 eo
1740 4054 1888 4145 peteret
1911 4040 2138 4148 quingentas
2158 4036 2273 4119 libras

841 4168 1099 4266 Turonenses,
1115 4189 1295 4280 tanquam
1310 4173 1359 4251 de
1376 4200 1534 4281 corpore
1549 4171 1825 4261 nundinarum,
1842 4199 1938 4277 quas
1952 4170 2056 4248 idem
2068 4168 2271 4277 Gregorius

839 4298 1032 4380 Bonisacio
1061 4302 1109 4381 de
1133 4303 1296 4394 Marius,
1330 4304 1420 4382 dicti
1453 4303 1588 4382 Marini
1616 4302 1810 4411 quondam
1839 4302 1944 4392 lilio,
1974 4330 2044 4417 seu
2072 4300 2155 4410 ejus
2183 4328 2272 4406 pro·

842 4432 1004 4507 curatori
1030 4433 1068 4509 in
1095 4436 1277 4515 nundinis
1304 4436 1509 4545 Campanis
1532 4450 1784 4529 mutuaverat,
1808 4452 1855 4513 ut
1877 4434 2047 4524 dicebat,
2074 4433 2273 4538 dictusque

841 4560 1028 4653 Marinus,
1050 4565 1277 4647 declinando
1297 4596 1411 4676 super
1436 4570 1510 4646 hoc
1533 4568 1676 4649 curiam
1698 4568 1890 4646 dictorum
1910 4565 2127 4654 custodum,
2154 4561 2274 4669 pluri·

840 4690 913 4769 bus
931 4693 1163 4790 nacionibus,
1184 4714 1332 4804 peteret
1355 4727 1395 4777 se
1420 4727 1534 4807 super
1548 4698 1770 4807 hujusmodi
1785 4697 1974 4805 peticione
1992 4694 2040 4772 ad
2059 4695 2186 4772 locum
2210 4692 2271 4768 sui

835 4822 976 4930 judicis
1001 4827 1161 4919 remitti,
1193 4845 1231 4907 et
1256 4830 1401 4908 dictum
1421 4830 1669 4938 Gregorium‚
1695 4830 1847 4909 ndens
1873 4826 1973 4905 dicte
1995 4843 2141 4903 temere
2164 4849 2272 4899 voca·
2357 4844 2362 4851 ·

841 4953 978 5047 cionis‚
1000 4957 1071 5035 sibi
1093 4959 1132 5037 in
1153 4962 1324 5069 expensis
1346 4961 1556 5072 legittimis,
1572 4963 1679 5072 juxta
1703 4962 1888 5040 dictarum
1908 4956 2167 5035 nundinarum
2183 4980 2272 5032 con-

841 5087 1097 5183 suetudinem,
1122 5092 1414 5199 condempnari;
1435 5093 1537 5173 dicto
1557 5093 1742 5201 Gregorio
1755 5089 1930 5198 pluribus
1948 5085 2164 5165 racionibus
2183 5113 2271 5162 con·

840 5216 996 5295 trarium
1016 5238 1250 5329 proponente
1266 5222 1440 5301 :Auditis
1460 5198 1548 5302 hinc
1563 5223 1653 5301 inde
1667 5219 1886 5328 propositis,
1903 5216 2079 5295 custodes
2091 5215 2268 5325 predicti,

841 5377 910 5455 por
918 5379 1032 5430 suum
1035 5353 1244 5461 judicium,
1259 5353 1603 5460 pronunciaverunt
1613 5353 1825 5464 predictum
1837 5348 2028 5429 Marinum
2037 5376 2116 5428 non
2125 5346 2268 5427 debere

840 5484 1015 5589 compelli
1036 5485 1084 5562 ad
1101 5483 1410 5592 respondendum
1430 5515 1556 5565 coram
1575 5486 1631 5565 eis
1648 5508 1763 5588 super
1779 5480 1969 5587 peticione
1987 5480 2176 5588 predicta,
2198 5478 2268 5558 sed
