5817 7292
1051 1158 1321 1264 nnonnrns
1347 1178 1412 1249 er
1438 1161 1645 1255 esoces.
1990 1186 2060 1258 rao

635 1311 739 1387 sibus
758 1328 796 1387 et
816 1311 999 1416 inquestis
1018 1342 1133 1423 super
1152 1317 1225 1395 hiis
1249 1318 1354 1396 lactis
1378 1319 1478 1397 inter
1501 1339 1626 1428 partes
1643 1322 1849 1429 predictas,
1871 1353 1939 1431 per
1957 1328 2062 1406 curie
2101 1337 2232 1393 Pomm
2244 1340 2288 1403 tv,

633 1458 761 1519 nostre
768 1442 974 1550 judicium,
988 1445 1132 1523 dictum
1146 1450 1328 1559 majorem
1343 1452 1570 1531 absolvimus
1583 1454 1631 1531 ab
1643 1453 1883 1559 impeticione
1895 1458 2062 1563 predicta
2163 1430 2225 1471 ’Μ’

633 1575 817 1651 Johannis
831 1592 869 1653 et
879 1579 1035 1655 rectoris
1051 1581 1318 1686 predictorum.

693 1706 846 1784 Sabbati
866 1725 952 1785 ante
967 1711 1201 1791 Nativitatem
1224 1714 1333 1793 beate
1350 1716 1483 1808 Mane,
1509 1746 1609 1797 anno
1629 1720 1894 1797 trecentesimo
1914 1740 2061 1828 quarto.

631 2024 2065 2065 Q

910 2244 916 2255 '
989 2286 1263 2401 moeurs
1296 2290 1364 2377 er
1394 2290 1707 2384 processus

910 2550 1068 2615 sueretu
1090 2566 1123 2614 ut
1143 2566 1373 2618 runnsunnro
1394 2569 1778 2634 ousion-semmam,

1218 2802 1312 2842 ANNO
1334 2802 1472 2848 uccclv.

742 3016 818 3091 Quia
832 3037 910 3077 enno
925 3014 1107 3099 precedenti.
1125 3028 1244 3101 propter
1258 3036 1396 3099 guerram
1411 3016 1563 3085 Flandrie.
1580 3038 1639 3077 uon
1654 3016 1710 3077 luit
1724 3016 1951 3102 parlamentum.

685 3274 712 3347 Ι.
745 3271 1188 3364 Visainformacionc‚de
1199 3272 1377 3350 mandato
1389 3272 1672 3349 Suessioncnsis
1683 3272 1868 3380 episcopi,
1882 3275 1928 3350 ad
1939 3293 2062 3382 partes

630 3403 924 3513 burdegalenses
948 3404 1140 3493 destinati,
1163 3402 1256 3481 lacta
1282 3404 1329 3479 ad
1349 3404 1643 3510 requisicionem
1662 3402 1820 3481 Baudeti
1846 3407 2058 3513 Burgundi‚

629 3536 824 3614 servientis
851 3535 995 3614 domini
1020 3536 1147 3643 Regis,
1171 3564 1285 3643 super
1308 3535 1484 3642 dampnis
1510 3535 1584 3613 sibi
1609 3533 1740 3625 illatis,
1762 3553 1806 3613 ut
1830 3534 1993 3627 dicebat,
2021 3539 2060 3615 in

630 3668 837 3745 rebellione
857 3666 944 3744 ville
960 3664 1266 3775 Burdogalensis‚
1289 3696 1356 3773 per
1377 3667 1519 3743 curiam
1535 3666 1678 3744 dictum
1694 3667 1768 3759 luit
1780 3668 1886 3775 quod
1898 3669 1977 3776 ipse
1994 3698 2061 3775 per

630 3802 723 3875 viam
745 3816 921 3906 requeste
940 3828 1054 3906 super
1078 3800 1151 3877 hoc
1174 3827 1252 3876 uon
1273 3798 1466 3887 audietur,
1494 3826 1563 3875 nec
1577 3797 1814 3905 judicabitur
1838 3798 2059 3876 informacio

630 3930 811 4035 predicta,
834 3930 901 4007 sed
919 3959 987 4039 per
1000 3930 1097 4007 viam
1118 3930 1275 4008 actionis
1291 3930 1479 4017 audietur,
1502 3929 1531 4005 si
1552 3929 1653 4006 velit.

687 4062 814 4137 Martis
833 4078 919 4167 post
938 4062 1087 4139 octabas
1104 4062 1547 4141 Omnium-Sanctorum.

685 4326 728 4403 ll.
761 4325 846 4403 Visa
865 4326 1053 4430 inquesta‚
1071 4323 1118 4401 de
1141 4324 1320 4401 mandato
1341 4323 1508 4431 magistri
1523 4323 1734 4430 Raymundi
1749 4323 1918 4413 Boudin,
1936 4325 2055 4433 depu-

627 4459 693 4533 tati
716 4486 782 4564 per
801 4456 999 4533 dominum
1012 4458 1154 4561 Regem
1167 4484 1281 4562 super
1295 4454 1393 4532 lacto
1407 4453 1585 4533 falsarum
1598 4470 1852 4545 monetarum,
1869 4484 1938 4562 per
1952 4486 2054 4535 com-

628 4590 815 4667 missarios
834 4588 881 4666 ab
903 4588 985 4693 ipso
1005 4585 1214 4693 superboc
1236 4568 1452 4693 deputatos,
1475 4585 1570 4664 facta
1589 4604 1718 4663 contra
1737 4585 1981 4693 Radulpbum
2005 4592 2052 4667 de

628 4722 722 4809 Viri,
740 4722 821 4827 ejus
838 4748 1011 4808 uxorem,
1028 4718 1146 4826 ipsius
1161 4719 1286 4797 uxoris
1299 4717 1459 4808 liberos,
1474 4748 1517 4797 ac
1528 4719 1739 4795 Jobannem
1754 4717 1790 4798 le
1805 4720 1959 4826 Meque,
1977 4720 2053 4798 dic-

626 4872 753 4931 torum
773 4853 978 4961 conjugum
998 4851 1238 4941 servientem,
1260 4876 1439 4957 supereo
1460 4851 1566 4957 quod
1585 4851 1641 4929 eis
1662 4850 1928 4958 imponebatur
1947 4853 2052 4959 quod

628 4986 696 5093 ipsi
725 5002 830 5063 erant
855 4984 1061 5093 culpabiles
1087 5000 1126 5060 et
1144 4984 1306 5090 suspecti
1334 4984 1382 5060 de
1406 4981 1498 5061 salsa
1522 5000 1689 5073 moneta,
1718 4982 1837 5060 nichil
1857 4984 2051 5061 inventum

626 5118 698 5195 fuit
717 5118 919 5223 probatum
945 5144 1059 5222 super
1079 5114 1152 5193 hoc
1172 5132 1301 5192 contra
1324 5115 1441 5221 ipsos,
1472 5133 1549 5193 eta
1574 5114 1753 5222 predictis
1771 5114 1843 5195 sibi
1864 5115 2049 5222 impositis

625 5276 693 5354 per
713 5248 817 5325 curie
833 5246 1022 5357 judicium
1042 5245 1205 5325 absoluti
1225 5245 1396 5332 fuerunt;
1422 5263 1459 5324 et
1475 5244 1548 5323 luit
1570 5245 1716 5324 dictum
1733 5246 1838 5352 quod
1858 5246 1959 5373 bona
1982 5274 2048 5323 eo-

625 5408 725 5469 rum,
749 5378 943 5457 occasione
963 5378 1183 5486 hujusmodi
1201 5396 1322 5485 capta,
1344 5376 1657 5457 deliberabuntur
1677 5377 1833 5457 eisdem.

684 5510 836 5589 Sabbati
855 5528 940 5616 post
960 5512 1140 5589 Sanctum
1162 5512 1366 5590 Martinum
1387 5510 1611 5617 hyemalem.

1876 5660 1920 5721 18.
