5817 7292
1046 1123 1314 1232 saoneres
1339 1143 1403 1216 ar
1429 1123 1641 1224 otacus.
1983 1147 2058 1220 aas

635 1286 746 1365 dante
765 1301 804 1362 et
825 1284 1103 1373 consenciente,
1125 1302 1189 1362 aut
1203 1297 1327 1362 ratum
1343 1282 1524 1376 habente,
1547 1299 1712 1362 castrum
1730 1299 1904 1362 nostrum
1921 1285 2059 1364 Castri-
2097 1295 2227 1352 Parum
2240 1298 2284 1362 tv,

634 1417 827 1495 Sarraceni
852 1415 1054 1522 fregerant,
1076 1433 1115 1493 ct
1137 1415 1350 1504 Heliotum,
1371 1414 1516 1492 ibidem
1543 1415 1815 1497 incarceratum
1834 1414 1881 1490 ad
1901 1441 2058 1521 suspen·
2160 1395 2221 1438 '³⁰⁸'

635 1546 742 1624 dium
754 1564 911 1653 propter
926 1546 1192 1636 homicidium,
1209 1564 1255 1627 ut
1266 1546 1416 1634 dicitur,
1437 1545 1777 1652 condempnatum,
1798 1563 1835 1622 et
1855 1546 2059 1651 quemdam

634 1676 767 1766 alium,
784 1675 923 1753 abinde
937 1705 1066 1754 secum
1082 1693 1331 1766 extraxerant,
1343 1693 1382 1754 et
1397 1676 1532 1764 emam,
1550 1675 1640 1784 quin
1656 1674 1826 1766 eosdem,
1844 1675 1892 1752 ad
1912 1703 2060 1754 monas·

634 1807 774 1884 terium
785 1807 998 1915 predictum
1014 1808 1165 1896 ductos,
1182 1807 1305 1885 dictus
1320 1808 1435 1885 abbas
1451 1824 1490 1884 et
1501 1806 1674 1884 monachi
1692 1808 1750 1884 sui
1765 1823 2057 1914 receptavermt,

635 1939 851 2026 emendam,
870 1955 1027 2044 propter
1043 1936 1133 2028 hoc,
1155 1966 1280 2015 coram
1300 1938 1503 2016 senescallo
1523 1938 1710 2045 predicto,
1731 1939 1931 2045 gagiasset,
1951 1938 2061 2016 salvis

635 2087 674 2148 et
698 2068 855 2147 retentis
880 2069 959 2146 suis
982 2067 1263 2146 defensionibus
1282 2067 1495 2176 legittimis,
1520 2070 1549 2146 si
1578 2096 1670 2176 quas
1695 2068 1868 2158 haberet,
1889 2069 2095 2158 tandem,.··

633 2227 760 2278 eoram
769 2180 1007 2278 auditoribus
1018 2227 1039 2276 a
1049 2198 1153 2276 dicto
1164 2198 1369 2276 senescallo
1384 2200 1583 2305 snperbuc
1596 2198 1801 2305 deputetis,
1815 2201 1936 2277 dicam
1947 2199 2060 2280 abbae

633 2357 717 2408 sota
735 2328 976 2408 defensiones
994 2331 1210 2436 proposuit,
1230 2348 1270 2406 et
1288 2330 1337 2406 ad
1355 2357 1417 2407 eas
1431 2330 1644 2436 probandas
1663 2347 1778 2408 testes
1791 2359 1879 2408 suos
1893 2330 2058 2422 induxit,

633 2479 686 2549 et,
712 2463 801 2568 quia
821 2462 946 2540 dictus
970 2461 1197 2540 senescallus
1215 2461 1424 2569 predictam
1449 2461 1649 2540 emendam
1674 2489 1794 2569 usque
1821 2463 1869 2539 ad
1893 2463 2059 2570 quinque

631 2590 755 2671 millia
769 2592 954 2670 librarum
973 2593 1255 2670 Turonemium
1269 2588 1407 2670 debilis
1425 2609 1578 2670 monete
1596 2609 1688 2670 tunc
1707 2591 1892 2668 currentis
1907 2594 2057 2682 taxavit,

633 2721 758 2800 dicum
780 2721 965 2820 abbasab
989 2723 1209 2830 hujusmodi
1233 2722 1597 2828 condempnacione,
1623 2739 1814 2828 tamquam
1842 2720 1988 2828 iniqna,
2013 2725 2061 2798 ad

632 2869 798 2930 nostram
812 2853 1049 2931 audiendiam
1063 2853 1263 2960 appellavit
1274 2883 1284 2927 ι
1297 2852 1394 2932 Visis
1408 2853 1526 2959 igitur
1539 2851 1721 2930 omnibus
1727 2851 1963 2959 processibus
1976 2879 2060 2960 pre·

633 2966 762 3074 dietis,
783 2999 822 3061 et
839 2982 1017 3062 omnibus
1035 3013 1113 3091 qne
1133 2985 1257 3062 dictos
1273 2983 1392 3062 abbas
1407 2999 1445 3061 et
1464 2999 1684 3089 procurator
1700 2999 1831 3060 noster
1842 2982 2059 3064 senescallie

631 3115 802 3221 predicte
817 3141 1029 3221 proponere
1046 3115 1265 3206 voluerunt,
1285 3115 1427 3193 taxacio
1445 3115 1607 3192 amende
1625 3114 1809 3220 predicte,
1831 3142 1899 3220 per
1917 3115 2059 3192 dictum

631 3244 877 3322 senescallum
896 3243 1009 3334 lacta,
1034 3243 1108 3324 fuit
1125 3273 1193 3352 per
1210 3262 1376 3324 nostram
1396 3246 1539 3324 curiam
1558 3271 1679 3352 usque
1698 3243 1750 3320 ad
1765 3243 1870 3331 mille
1891 3262 1930 3323 et
1947 3247 2059 3351 quin-

604 3463 609 3472 *
630 3393 760 3485 gentas
775 3375 891 3454 libras
907 3377 1148 3454 Turonensm
1167 3375 1275 3454 fortis
1293 3393 1447 3455 monete
1462 3391 1691 3482 temperata,
1712 3391 1766 3465 et,
1788 3403 1857 3480 per
1869 3375 2059 3482 judicium

632 3506 734 3584 curie
755 3507 943 3613 predicte,
964 3506 1036 3584 luit
1059 3507 1351 3614 pronunciatum
1371 3506 1477 3611 quod
1496 3505 1659 3613 gagiacio
1686 3504 1869 3613 predicta,
1893 3534 1962 3611 per
1980 3505 2059 3584 dic-

631 3655 713 3714 turn
732 3637 908 3716 abbatem
933 3639 1151 3716 monauerii
1173 3637 1433 3716 Belli-Pertice
1460 3635 1571 3726 beta,
1594 3665 1715 3744 mque
1739 3636 1786 3716 ad
1811 3638 2056 3742 quantitatem

632 3768 857 3873 predictam,
874 3769 931 3845 sie
945 3768 1194 3857 moderatam,
1212 3767 1457 3844 mandabitur
1477 3766 1706 3844 execucioni.

690 3901 819 3978 Martis
834 3898 1015 4006 predicta.

691 4028 848 4106 Cuillier
861 4028 1072 4135 reportavit.

689 4293 751 4368 lx.
782 4289 880 4368 Cum
901 4290 1016 4368 abbas
1034 4308 1074 4367 et
1092 4307 1299 4368 conventos
1320 4289 1636 4397 Sancti-Dyonisii
1657 4288 1697 4365 in
1716 4287 1869 4365 Francia
1891 4287 2060 4364 dicerent

633 4421 725 4516 sibi,
742 4449 813 4528 per
828 4419 1016 4528 judicium
1040 4420 1144 4497 curie
1165 4437 1310 4509 nostre,
1333 4419 1585 4527 adjudicatam
1607 4419 1723 4498 luisse
1744 4419 1914 4496 saisinam
1938 4420 2059 4496 omni-

633 4553 747 4632 mode
766 4551 916 4659 justicie
942 4551 1017 4628 alte
1039 4561 1080 4628 'ct
1102 4549 1210 4628 basse
1234 4551 1276 4628 in
1299 4550 1485 4656 villaque
1514 4550 1654 4629 dicitur
1679 4551 1727 4628 ad
1754 4553 1868 4639 Loca,
1892 4568 1930 4628 et
1955 4550 2059 4657 quod

503 4776 506 4780 ¹
632 4701 788 4791 propter
800 4683 983 4760 debaurm
999 4682 1201 4789 superbos
1218 4697 1347 4790 postea
1363 4700 1511 4760 motum
1529 4681 1629 4760 inter
1647 4682 1766 4789 ipsos,
1784 4711 1830 4760 cx
1846 4711 1920 4760 una
1935 4699 2056 4788 parte,

634 4832 673 4893 et
690 4814 873 4892 ballivum
892 4814 1223 4907 silvanectensem,
1239 4844 1285 4892 ex
1303 4813 1392 4907 alia,
1408 4813 1577 4921 predicta
1595 4815 1731 4892 misina
1744 4815 1864 4922 posita
1885 4813 2007 4891 luerat
2021 4831 2060 4890 et

634 4945 758 5023 adbuc
779 4945 981 5024 tenebatur
1007 4945 1055 5022 ad
1081 4971 1237 5022 manum
1265 4963 1451 5033 nostram,
1474 4949 1667 5053 tamquam
1690 4945 1910 5052 strperioris,
1932 4945 2059 5052 requie

633 5092 758 5153 rerum
770 5076 877 5183 quod
886 5137 896 5169 ,
906 5103 1023 5157 manu
1038 5093 1166 5154 nostra
1180 5076 1270 5154 inde
1287 5095 1426 5165 amota,
1440 5077 1539 5154 dicta
1554 5077 1691 5156 εαίεἱιιει
1705 5075 1978 5154 deliberaretur
1992 5077 2059 5154 eis

581 5207 591 5216 '
634 5205 742 5297 dem,
760 5223 834 5284 ete
850 5225 978 5285 contra
994 5207 1118 5284 dictus
1134 5208 1296 5286 ballivus
1314 5225 1445 5286 noster
1462 5227 1707 5317 proponeret,
1723 5237 1795 5315 pro
1810 5207 1938 5300 nobis,
1954 5208 2056 5313 quod

634 5363 719 5428 nos,
730 5337 819 5444 jure
832 5355 962 5417 nostro
973 5354 1013 5415 et
1024 5353 1216 5443 tamquam
1233 5365 1333 5444 pars,
1352 5367 1485 5416 murus
1507 5356 1545 5416 et
1563 5339 1746 5418 bactenus
1759 5335 1901 5416 suimus
1921 5337 1959 5414 in
1978 5362 2058 5442 pre·

636 5467 837 5547 missuum
857 5470 1017 5550 saisina:
1034 5471 1316 5562 rantwic
1334 5470 1509 5578 inquesta
1526 5471 1574 5550 de
1594 5472 1771 5548 mmdato
1791 5487 1921 5546 nocuo
1944 5492 2056 5570 super
