5817 7292
951 1199 954 1206 Α
1050 1138 1315 1247 saoneres
1342 1154 1406 1228 nr
1432 1138 1633 1231 esoces.
2011 1157 2053 1223 ιτ

632 1297 742 1376 nobis
765 1296 966 1402 placuerit,
995 1313 1115 1376 certas
1142 1297 1335 1375 mittemus
1359 1323 1538 1401 personas
1564 1294 1613 1373 ad
1637 1295 1831 1373 sciendum
1861 1298 2056 1375 veritatem
2098 1297 2217 1352 raram
2238 1299 2282 1362 ¹V·

633 1454 747 1535 super
767 1426 963 1533 predictis,
989 1445 1065 1506 tam
1087 1455 1201 1535 super
1222 1425 1457 1534 possessione
1481 1456 1596 1534 quam
1616 1453 1730 1532 super
1750 1426 1994 1532 proprietate,
2018 1445 2057 1505 et
2156 1391 2219 1434 Μ’

633 1586 746 1665 super
766 1557 841 1636 hiis
858 1558 922 1666 jus
944 1575 1117 1638 nostrum
1143 1575 1181 1635 et
1206 1559 1374 1665 ipsorum
1394 1555 1540 1634 civium
1570 1573 1608 1633 et
1635 1556 1851 1635 communie
1878 1554 2057 1632 faciemus

636 1686 787 1766 iltesum
806 1691 954 1767 seruari.

690 1817 790 1895 Iovis
804 1834 890 1896 ante
904 1819 1069 1897 Cineres.
1161 1811 1164 1818 ⁴

691 2081 847 2166 XXVIII.
869 2082 953 2159 Visa
979 2083 1170 2188 inquesta‚
1191 2084 1239 2160 de
1265 2087 1442 2162 mandato
1465 2086 1568 2162 curie
1589 2084 1699 2171 sacta,
1724 2083 1772 2160 ad
1794 2080 2056 2157 denunciacio-

636 2240 722 2288 nem
741 2209 868 2287 ballivi
883 2209 1079 2304 Arvernie,
1099 2213 1146 2290 dc
1165 2213 1392 2319 quibusdam
1412 2212 1686 2292 inobedienciii
1705 2231 1744 2290 et
1766 2211 1914 2322 injuriis
1933 2211 2054 2301 Iactis,

636 2358 679 2417 ut
698 2339 905 2431 dicebatur,
927 2342 1117 2449 preposito
1140 2361 1270 2422 nostro
1294 2343 1554 2425 Belle-Garde
1575 2373 1642 2452 per
1665 2346 1818 2421 Petrum
1841 2343 1889 2421 de
1911 2342 2056 2419 Bechea

637 2488 674 2546 et
692 2470 923 2550 Germanum
944 2473 1150 2562 Peneteris,
1172 2475 1373 2552 servientes
1397 2477 1544 2554 comitis
1563 2475 1750 2563 Marchie,
1772 2476 1963 2551 inventum
1988 2473 2059 2547 suit

635 2601 836 2705 probatum
852 2601 1079 2682 sufficienter
1090 2603 1195 2710 quod
1212 2605 1334 2682 dictus
1348 2606 1494 2694 Petrus,
1512 2635 1534 2682 a
1551 2606 1653 2683 dicto
1669 2605 1876 2710 preposito,
1894 2633 1938 2679 ex
1953 2621 2057 2707 parte

636 2751 779 2818 nostra,
803 2735 1004 2840 requisitus
1023 2735 1128 2841 quod
1147 2736 1273 2814 eidem
1294 2755 1440 2841 portam
1461 2738 1569 2814 castri
1589 2737 1638 2813 de
1657 2734 1877 2812 Albussione
1899 2733 2060 2838 aperiret

638 2878 676 2936 ct
693 2863 928 2965 permitteret
947 2864 1125 2942 eumdem
1140 2867 1294 2951 intrare,
1317 2865 1410 2942 dixit
1432 2866 1558 2941 cidem
1577 2863 1768 2970 preposito
1789 2862 1892 2968 quod
1908 2891 1984 2938 non
2005 2863 2059 2936 in-

637 3009 768 3081 traret,
785 3009 823 3069 et
834 3011 980 3098 portam
997 2993 1087 3071 dicti
1101 2995 1207 3072 castri
1223 2997 1432 3101 impetuose
1449 2995 1581 3071 clausit
1592 2996 1631 3071 in
1646 2994 1738 3071 secie
1753 2993 1842 3070 dicti
1857 2994 2057 3099 prepositi,

638 3150 866 3229 quamquam
890 3121 1015 3228 plures
1038 3123 1129 3200 elios
1145 3125 1382 3229 permitteret
1400 3125 1544 3202 ibidem
1565 3126 1722 3214 intrare3
1749 3140 1786 3201 et
1805 3122 1894 3200 ideo
1914 3123 1987 3201 tuit
2007 3125 2061 3199 in-

633 3253 807 3359 junctum
831 3251 965 3329 ballivo
993 3241 1169 3330 Arvemie
1193 3253 1298 3358 quod
1318 3254 1461 3331 dictum
1480 3255 1653 3342 Petrum,
1680 3252 1751 3330 sub
1776 3254 1852 3330 fida
1877 3255 2058 3342 custodia,

638 3385 761 3460 mittat
789 3384 968 3474 Parisios,
990 3384 1029 3459 in
1055 3382 1298 3471 Casteletum,
1329 3403 1366 3461 et
1385 3385 1550 3490 inquirat
1569 3402 1607 3461 et
1625 3383 1762 3462 referat
1790 3386 1981 3461 veritatem
2013 3387 2060 3461 de

638 3513 874 3592 facultatibus
895 3512 1093 3620 ejusdem
1115 3531 1153 3591 et
1172 3532 1299 3592 contra
1320 3515 1463 3592 dictum
1482 3513 1714 3594 Germanum
1730 3512 1846 3591 nichil
1866 3516 2061 3592 inventum

639 3643 711 3721 fuit
729 3644 945 3750 probatum,
968 3661 1006 3720 et
1025 3644 1113 3722 ideo
1133 3643 1206 3722 fuit
1224 3673 1337 3750 super
1356 3645 1429 3722 hoc
1449 3644 1654 3723 absolutus.

697 3911 820 3986 XXIX.
852 3912 937 3990 Visa
961 3913 1131 4020 inquesta
1156 3913 1249 3989 sacta
1268 3930 1394 3989 contra
1414 3911 1500 3990 illos
1518 3913 1584 4018 qui
1604 3912 1715 3989 blada
1734 3931 1837 4017 capta
1856 3941 1924 3988 seu
1944 3938 2063 3986 arres-

640 4055 715 4116 tata
739 4067 807 4144 per
830 4042 983 4119 eosdem
1004 4044 1043 4119 in
1069 4042 1215 4120 ballivia
1235 4045 1444 4120 Senonensi
1464 4071 1532 4149 pro
1552 4041 1827 4150 gamisionibus
1846 4042 1984 4118 nostris
2005 4043 2063 4116 di-

642 4187 788 4260 cuntur,
807 4191 958 4276 propter
978 4172 1075 4251 dona
1090 4174 1179 4251 inde
1199 4191 1362 4278 recepta,
1380 4174 1428 4251 ab
1443 4174 1498 4249 eis
1516 4173 1712 4257 relaxasse,
1734 4199 1802 4274 per
1821 4170 1961 4246 curiam
1979 4198 2064 4246 nos-

641 4319 737 4378 tram
759 4303 797 4376 in
818 4302 977 4378 modum
998 4305 1063 4410 qui
1084 4292 1255 4409 sequitur
1275 4303 1395 4380 extitit
1411 4302 1649 4410 judicatum:

699 4434 890 4526 Quantum
912 4433 960 4508 ad
986 4432 1189 4538 Symonem
1209 4434 1257 4510 de
1278 4432 1509 4520 Courceaus‚
1530 4450 1619 4509 tunc
1637 4431 1868 4537 prepositum
1892 4428 2065 4508 Meledu-

642 4591 813 4651 oensem,
840 4562 1047 4640 Robertum
1066 4562 1114 4641 de
1134 4564 1311 4671 Buysiau‚
1340 4563 1421 4671 ejus
1445 4561 1649 4650 sororium,
1672 4562 1875 4670 burgenses
1894 4560 2066 4638 Meledu-

642 4721 791 4782 nenses,
823 4711 861 4770 et
886 4694 1113 4782 Iohannem,
1146 4693 1316 4802 ejusdem
1345 4695 1519 4802 Symonis
1548 4693 1741 4780 clericum,
1771 4693 1966 4798 quia-non
1997 4692 2069 4769 tuit

643 4827 834 4903 inventum
859 4825 897 4900 in
923 4825 1020 4903 dicta
1045 4826 1213 4932 inquesta
1239 4824 1342 4932 quod
1371 4827 1441 4931 ipsi
1471 4826 1518 4903 ad
1542 4824 1615 4902 hoc
1639 4824 1780 4902 suerint
1803 4824 1937 4911 vocati,
1966 4825 2066 4900 dicta

645 4956 814 5063 inquesta
833 4955 905 5034 tuit
924 4955 1095 5034 anullata.

700 5089 892 5182 Quantum
913 5088 960 5164 ad
982 5088 1208 5166 Richardum
1227 5089 1416 5196 Chalipot,
1434 5088 1578 5166 dictum
1592 5079 1913 5195 Chiere-La'ynne,
1930 5088 2067 5166 Johan-

645 5246 732 5296 nem
752 5219 800 5296 de
819 5217 1133 5308 Fonte-Bliaudi,
1155 5221 1405 5298 Bertrandum
1428 5218 1675 5306 Conversum,
1698 5217 1841 5296 dictum
1861 5219 2070 5297 BouleCo-

645 5350 754 5455 tigni,
772 5350 792 5423 J
794 5349 982 5429 ohannem
996 5350 1158 5441 Picardi,
1174 5353 1385 5431 Johannem
1401 5349 1637 5438 Geolarium,
1655 5348 1842 5428 Audream
1858 5349 1906 5426 de
1918 5346 2066 5435 ruello,

647 5479 812 5558 Hnetnm
833 5481 881 5558 de
904 5481 1124 5574 PaIeIredis,
1151 5483 1270 5562 Adam
1291 5485 1339 5561 de
1362 5479 1529 5572 biennis,
1555 5484 1778 5587 Jacquetum
1797 5477 2069 5567 elane-vilain,

732 5655 786 5696 nra
806 5655 887 5701 ouri.
910 5661 956 5702 ιιι.
1931 5635 1951 5696 3
