5817 7292
1023 1095 1290 1207 enontrns
1315 1119 1378 1190 er
1405 1097 1612 1192 rnoets.
1957 1123 2030 1198 tta

609 1257 724 1366 pleno
743 1260 847 1368 jure,
870 1275 908 1336 et
925 1257 1029 1366 quod
1049 1257 1158 1336 dictis
1182 1256 1361 1337 fratribus
1379 1246 1530 1337 nullirm
1546 1261 1610 1366 jus
1634 1257 1815 1364 competit
1834 1267 2030 1344 exercendi
2069 1277 2199 1334 Ριιιιηι
2212 1279 2256 1342 ιν,

603 1391 908 1496 jurisdictionem
928 1389 968 1466 in
989 1389 1090 1468 dicto
1104 1387 1209 1477 loco,
1228 1417 1343 1496 quare
1363 1390 1516 1497 petebat
1534 1390 1656 1468 dictus
1670 1409 1889 1495 procurator
1904 1415 2033 1474 noster
2131 1372 2194 1414 ’Μ’

608 1521 884 1600 sentencialiter
893 1505 1133 1628 pronunciari
1148 1520 1267 1599 dictos
1278 1539 1540 1628 preceptorem
1553 1540 1592 1601 et
1605 1520 1751 1612 lratres,
1764 1525 1920 1605 nomine
1935 1527 2031 1605 dicte

608 1655 762 1746 domus,
779 1655 844 1762 jue
868 1681 945 1734 non
972 1653 1111 1732 hebere
1133 1652 1331 1731 exercendi
1350 1654 1539 1732 minorem
1557 1652 1861 1760 jurisdictionem
1883 1655 1922 1734 in
1948 1655 2032 1734 loeo

607 1787 794 1891 predicto,
822 1801 877 1872 et,
905 1812 954 1862 ne
980 1784 1028 1862 de
1054 1801 1180 1862 cetero
1206 1784 1343 1862 dictam
1361 1784 1666 1892 jurisdictionem
1689 1785 1729 1862 in
1755 1786 1840 1864 loco
1862 1787 2032 1895 predicto

608 1932 817 2004 exerceant,
840 1915 895 1993 eis
916 1913 1193 1994 sentencialiter
1208 1915 1420 2021 prohiberi,
1444 1933 1483 1994 et
1499 1916 1564 2022 jus
1583 1917 1779 1995 exercendi
1799 1945 1954 1996 omnem
1970 1923 2034 2028 ju·

606 2045 862 2124 risdictioncm
877 2046 917 2122 in
932 2046 1016 2123 loco
1033 2045 1203 2152 predicto
1222 2046 1270 2124 ad
1285 2075 1355 2124 nos
1368 2033 1559 2152 pertinere
1572 2046 1851 2126 sentencialiter
1866 2079 2034 2155 pronun-

606 2176 695 2252 ciari
709 2194 746 2253 et
762 2175 960 2265 declararir
974 2175 1127 2283 petebat
1139 2176 1257 2254 eciam
1268 2177 1446 2256 interesse
1457 2178 1564 2284 quod
1576 2179 1615 2256 iu
1626 2204 1804 2284 processu
1814 2180 1913 2258 dicte
1924 2211 2031 2260 cause

605 2334 645 2384 sc
659 2303 936 2384 declaraturum
947 2305 1123 2394 retinuitr
1141 2323 1247 2411 parte
1260 2306 1411 2386 adversa
1422 2308 1552 2414 plures
1565 2309 1734 2388 raciones
1745 2310 1786 2388 in
1803 2313 2032 2389 contrarium

604 2451 840 2542 proponente
856 2465 866 2510 r
882 2435 1069 2522 Tandem,
1092 2435 1264 2540 inquesta
1282 2463 1396 2541 super
1416 2437 1489 2516 hoe
1507 2466 1576 2542 per
1594 2439 1872 2518 commissarios
1886 2459 2032 2520 nostros

604 2565 714 2657 facta,
734 2566 782 2645 ad
801 2568 944 2645 curiam
964 2577 1131 2644 nostram
1153 2582 1354 2673 asportata,
1376 2585 1414 2645 et
1430 2568 1519 2644 dato
1538 2568 1674 2656 eciam,
1698 2599 1767 2676 per
1784 2572 1926 2649 curiam
1946 2603 2032 2653 nos·

604 2714 718 2784 nam,
741 2713 844 2776 certo
862 2696 1042 2784 termino,
1065 2695 1175 2774 dictis
1190 2696 1402 2802 preceptori
1418 2714 1457 2774 et
1473 2696 1667 2786 fratribus,
1694 2700 1790 2777 infra
1809 2729 1925 2807 quem
1945 2733 2031 2808 pos-

605 2843 707 2917 sent,
729 2826 760 2904 si
780 2824 937 2914 vellent,
955 2825 1214 2905 attasuciones
1236 2842 1274 2903 et
1295 2824 1367 2904 alia
1391 2826 1438 2904 ad
1464 2826 1803 2912 eausamfacieucia
1821 2830 2030 2936 producere

605 2975 642 3034 et
658 2957 762 3034 curie
775 2973 902 3035 nosue
917 2957 1084 3046 tradere,
1105 2957 1277 3044 demum,
1293 2955 1419 3063 elapso
1437 2958 1538 3036 dicto
1551 2959 1732 3047 termino,
1752 2959 1937 3068 dictisque
1951 2992 2032 3068 pre

604 3069 756 3195 ecptore
771 3105 810 3166 et
824 3088 1001 3171 fratribus
1022 3087 1140 3167 nichil
1159 3089 1243 3166 novi
1263 3090 1580 3196 proponentibus,
1599 3093 1750 3200 visaque
1765 3092 1937 3200 inquesta
1952 3124 2031 3201 pre·

605 3220 717 3308 dieta,
734 3247 804 3326 per
818 3220 921 3298 curie
939 3236 1067 3298 nostre
1077 3219 1269 3327 judicium
1287 3220 1430 3298 dictum
1446 3219 1520 3299 luit
1535 3221 1641 3328 qaod
1653 3223 1719 3330 jus
1736 3211 1933 3302 exercendi
1948 3255 2030 3304 om·

602 3367 692 3430 nem
706 3349 1011 3459 jurisdictionem
1034 3352 1075 3429 in
1097 3351 1183 3430 loco
1205 3351 1377 3457 predicto
1398 3350 1447 3430 ad
1466 3379 1537 3431 noa
1557 3352 1722 3457 pertinet
1735 3354 1849 3461 pleno
1866 3355 1970 3460 jure,
1992 3376 2031 3434 et

601 3485 708 3593 quod
722 3482 832 3562 dictis
843 3483 1055 3592 preceptori
1074 3500 1113 3561 et
1124 3481 1300 3563 fratribus
1315 3481 1468 3562 nullum
1479 3483 1544 3589 jus
1554 3485 1735 3590 competit
1747 3486 1945 3564 exercendi
1958 3489 2026 3564 mi·

603 3644 736 3696 norem
752 3617 1060 3724 jurisdictionem
1077 3616 1117 3704 in
1135 3614 1219 3694 loco
1234 3615 1422 3721 predicto,
1446 3631 1484 3692 et
1504 3614 1648 3694 eisdem
1663 3615 1751 3704 fuit,
1766 3645 1836 3721 per
1852 3617 1955 3694 idem
1969 3620 2030 3723 ju·
2067 3638 2071 3646 ·

603 3746 762 3835 dicium,
779 3747 982 3824 inhibitum
997 3775 1046 3824 ne
1058 3747 1128 3854 ipsi
1145 3747 1192 3823 de
1209 3762 1334 3824 cetero
1350 3745 1490 3823 minori
1502 3745 1765 3850 jurisdictione
1777 3762 1977 3822 uterentur
1989 3749 2028 3824 in

603 3875 686 3954 loco
705 3877 938 3983 supradicto,
962 3877 1304 3982 condempnatique
1324 3874 1480 3955 luerunt
1498 3874 1587 3954 dieti
1606 3890 1806 3980 preceptor
1824 3892 1862 3952 et
1879 3873 2026 3968 lutras,

507 4081 512 4087 .
602 4007 757 4084 nomine
773 4007 958 4114 predicto,
976 4008 1024 4085 ad
1041 4007 1282 4086 reddendum
1302 4023 1341 4086 et
1355 4005 1634 4086 restituendum
1648 4003 1759 4084 nohis
1771 4003 2029 4082 emolumenta

603 4164 678 4244 que
689 4138 776 4244 ipsi,
792 4139 839 4218 ab
849 4165 948 4219 auno
962 4139 1116 4218 Domini
1128 4137 1333 4216 millesimo
1343 4135 1607 4214 ducentesimo
1617 4134 1847 4242 octogesimo
1861 4136 2028 4217 secundo

604 4285 640 4344 et
660 4269 767 4361 citra,
788 4287 1039 4378 perceperunt
1063 4297 1107 4348 ex
1130 4269 1299 4376 predicta
1316 4265 1584 4377 jurisdictione
1604 4283 1643 4344 et
1661 4263 1817 4371 expletis
1836 4265 1964 4370 ipatus

659 4400 812 4479 Sabbati
828 4418 915 4508 post
932 4401 1195 4479 Reminiscere.

659 4531 804 4610 Cuiller
823 4532 1033 4639 reportavit.

658 4795 749 4874 LlV.
780 4796 898 4882 Cum,
914 4820 1039 4872 coram
1053 4787 1320 4874 commissoriis
1340 4794 1478 4874 nostris
1497 4810 1601 4872 mota
1620 4791 1753 4873 fuisse
1767 4795 1915 4900 questio
1928 4792 2028 4871 inter

601 4944 883 5036 procuratorem
897 4941 1069 5012 nottmm
1086 4924 1313 5032 inpartibus
1331 4924 1572 5013 Tholoaanis,
1593 4953 1639 5003 ex
1656 4952 1733 5003 una
1749 4942 1872 5031 parte,
1893 4939 1931 5002 et
1943 4952 2029 5032 pre·

601 5076 790 5166 ceptorem
808 5075 847 5136 et
860 5056 992 5138 lratres
1011 5056 1149 5136 domus
1164 5056 1366 5164 Hospitalis
1383 5055 1709 5137 Sancti-lobannis
1723 5055 2024 5164 lerosolymitmi

602 5189 650 5268 dc
670 5191 852 5280 Balbona,
872 5217 916 5270 er
935 5188 1068 5277 altera,
1091 5215 1205 5296 snper
1224 5215 1270 5266 eo
1290 5187 1396 5297 quod
1413 5188 1563 5268 dicebat
1580 5187 1684 5268 idem
1698 5203 1920 5295 procurator
1938 5213 2026 5262 aoe-

600 5339 659 5400 ter
676 5321 782 5429 <prod
802 5337 1001 5428 preceptor
1019 5337 1058 5398 et
1076 5318 1208 5400 tanes
1226 5319 1402 5428 predicti,
1420 5320 1576 5400 nomine
1591 5319 1692 5398 dicte
1706 5318 1862 5406 domus,
1878 5343 2025 5395 exerce·

601 5449 692 5528 bant
711 5452 898 5530 minorem
913 5450 1216 5559 jurisdictionem
1232 5452 1273 5530 in
1292 5449 1378 5534 loro
1395 5477 1464 5532 seu
1481 5450 1569 5532 villa
1588 5450 1637 5529 de
1657 5449 1841 5538 Anhaais,
1858 5470 2024 5526 arcerem

1848 5600 1896 5662 56.
