5817 7292
846 1099 889 1168 12
1423 1093 1513 1165 Les
1543 1091 1685 1166 OLIM.

614 1250 744 1304 emmer
758 1248 801 1312 tv,
842 1250 1007 1324 crotum,
1022 1263 1089 1313 seu
1108 1231 1293 1311 habulum
1307 1233 1354 1310 de
1367 1233 1508 1323 Leure‚
1527 1250 1565 1312 et
1578 1233 1684 1341 quod
1697 1262 1766 1340 per
1780 1232 1918 1312 dictam
1934 1237 2171 1346 trancbeyam
2187 1239 2261 1316 im-

675 1340 738 1382 12⁹9.

840 1367 995 1476 peditur
1011 1384 1050 1443 et
1064 1365 1229 1442 totaliter
1247 1364 1425 1442 avertitur
1439 1364 1562 1442 dictus
1579 1393 1724 1456 cursus,
1741 1364 1780 1440 in
1800 1364 1892 1441 dicti
1906 1366 2037 1444 habnli
2054 1368 2260 1447 detrimen-

837 1517 922 1578 tum
940 1515 978 1576 et
999 1497 1188 1574 dictorum
1209 1494 1466 1573 habitancium
1481 1495 1539 1576 de
1563 1496 1686 1572 Leure
1707 1494 1959 1602 prejudicium
1983 1515 2022 1574 et
2044 1527 2259 1608 gravamen,

839 1659 908 1740 per
927 1628 1029 1712 curie
1048 1644 1175 1706 nostre
1190 1625 1400 1732 judicium,
1424 1625 1715 1730 pronunciatum
1739 1625 1813 1703 fuit
1832 1625 1970 1705 dictam
1999 1631 2257 1738 trancbeyam,

839 1778 1024 1870 quatenus
1045 1758 1176 1836 avertit
1197 1774 1236 1834 et
1258 1774 1313 1834 est
1330 1755 1424 1834 sacta
1446 1774 1576 1833 contra
1595 1756 1805 1834 naturalem
1827 1776 1866 1836 et
1879 1760 2088 1868 antiquum
2106 1790 2259 1840 cursum

842 1893 940 1970 dicte
970 1890 1091 1968 dulcis
1115 1915 1211 1995 aque
1238 1903 1275 1963 et
1297 1887 1336 1962 in
1362 1885 1633 1963 detrimentum
1664 1885 1753 1964 dicti
1779 1886 1909 1966 babuli
1939 1907 1979 1994 et
2005 1891 2259 2000 prejudicium

841 2022 1028 2102 dictorum
1047 2019 1303 2098 habitancium
1325 2018 1372 2095 de
1391 2017 1531 2108 Leure,
1548 2018 1711 2096 amoveri
1731 2017 1883 2098 debere.

896 2288 988 2364 XIX.
1021 2287 1117 2366 Cum
1133 2271 1257 2362 'abbas
1281 2299 1318 2361 et
1344 2298 1547 2360 conventus
1567 2282 1615 2360 de
1634 2282 1790 2375 Alneto,
1811 2314 1880 2393 pro
1907 2286 2016 2364 firma
2035 2287 2143 2365 barre
2162 2305 2262 2366 vete·

842 2419 892 2496 ris
912 2417 1083 2526 Semylli,
1106 2445 1172 2523 per
1193 2414 1374 2494 ballivum
1394 2410 1689 2510 Cadomensem,
1713 2416 1956 2496 demandato
1977 2418 2204 2497 dilectorum
2226 2435 2263 2494 et

842 2547 1014 2627 fidelium
1031 2565 1246 2627 nostrorum
1262 2544 1527 2652 magistrorum
1546 2545 1712 2637 scacarii,
1732 2576 1800 2655 pro
1822 2565 1925 2626 certo
1943 2577 2069 2628 annuo
2089 2550 2261 2636 redditu,

841 2681 976 2758 tradita
1003 2680 1127 2758 abbati
1154 2697 1191 2757 et
1218 2675 1416 2756 conventui
1442 2676 1728 2767 Sancti-Laudi,
1750 2679 2050 2758 Constanciensis
2077 2681 2263 2790 dyocesis,

841 2809 926 2917 plus
939 2811 1100 2890 offerent
1111 2808 1357 2918 quadraginta
1371 2807 1486 2885 libras
1496 2807 1671 2887 redditus
1683 2810 1817 2898 annui,
1830 2810 1997 2888 dicentes
2009 2839 2079 2890 nos
2089 2813 2266 2917 deceptos

842 2940 973 3030 luisse,
988 2970 1029 3018 ac
1038 2941 1323 3047 solempnitates
1336 2938 1483 3017 debitas
1496 2968 1574 3017 non
1587 2939 1701 3019 fuisse
1716 2958 1875 3020 servatas
1888 2942 1928 3018 in
1936 2941 2146 3020 tradicione
2156 2939 2265 3018 firme

841 3071 1024 3178 predicte,
1048 3089 1295 3178 petentesque
1313 3071 1451 3146 dictam
1469 3069 1618 3146 firmam
1638 3071 1710 3148 sibi
1730 3073 1825 3148 tradi
1841 3101 1911 3177 per
1929 3071 2265 3148 inchariamentum

840 3203 1074 3307 predictum3
1090 3218 1127 3276 et
1143 3215 1305 3276 econtra
1325 3197 1415 3273 dicti
1436 3194 1551 3272 abbas
1572 3215 1610 3274 et
1628 3214 1834 3276 conventus
1849 3200 2115 3276 Sancti-Laudi
2131 3227 2267 3305 propo·

841 3347 975 3406 nerent
995 3329 1132 3404 dictam
1153 3325 1261 3402 firme
1280 3323 1527 3402 tradicionem
1542 3324 1642 3402 bene
1663 3343 1702 3404 et
1718 3326 1977 3430 solempniter,
1993 3327 2090 3405 sicut
2105 3355 2265 3406 consue·

838 3477 921 3535 tum
944 3473 1001 3533 est
1022 3457 1062 3532 in
1077 3453 1231 3542 talibus,
1254 3453 1368 3531 luisse
1389 3452 1542 3542 factam,
1566 3482 1608 3530 ac
1619 3481 1689 3560 per
1702 3481 1771 3531 nos
1786 3453 2045 3530 confirmatam
2066 3472 2104 3533 et
2122 3485 2162 3532 se
2178 3483 2264 3533 ean·

841 3591 928 3667 dem
949 3617 1016 3694 per
1034 3586 1163 3693 plures
1196 3612 1314 3662 annos
1333 3583 1501 3662 tenuisse
1522 3601 1560 3660 et
1583 3583 1825 3691 quamplures
1844 3585 2127 3664 melioraciones
2153 3587 2194 3664 in
2222 3615 2264 3665 ea

840 3720 987 3810 secisse,
1009 3717 1185 3825 pluribus
1199 3715 1414 3793 racionibus
1427 3713 1697 3820 pretendentes
1711 3714 1832 3793 dictos
1845 3716 2051 3794 monachos
2064 3717 2112 3794 de
2128 3715 2265 3795 Alneto

842 3880 918 3928 non
934 3849 1074 3927 debere
1088 3847 1236 3924 admitti
1252 3846 1299 3922 ad
1314 3844 1656 3923 inchariamentum
1669 3845 1904 3950 predictum:
1920 3845 2111 3936 Tandem,
2125 3845 2266 3932 auditis

841 3984 1009 4089 parcium
1028 3979 1244 4058 racionibus
1263 3978 1353 4056 hinc
1372 3995 1411 4056 et
1430 3977 1520 4055 inde
1541 3993 1581 4055 et
1601 3977 1677 4055 visa
1695 3978 1859 4083 quadam
1877 3978 2040 4085 apprisia
2060 4005 2175 4084 super
2192 3976 2266 4056 hoc

841 4112 950 4201 sacta,
976 4112 1139 4218 visisque
1164 4109 1299 4187 litteris
1319 4109 1409 4186 dicti
1428 4107 1555 4186 ballivi
1579 4137 1694 4215 super
1717 4107 1925 4186 tradicione
1947 4107 2047 4185 dicte
2070 4107 2199 4200 firme,
2223 4137 2266 4186 ac

841 4243 978 4322 litteris
1004 4241 1141 4320 nostris
1160 4269 1274 4348 super
1298 4239 1471 4348 ejusdem
1497 4236 1786 4317 confirmacione
1815 4237 2011 4328 confectis,
2033 4267 2185 4317 necnon
2208 4269 2266 4317 an

841 4391 941 4451 resto
956 4372 1122 4478 quodam
1142 4399 1256 4478 super
1269 4374 1342 4450 hoc
1357 4371 1452 4448 sacto
1468 4371 1508 4447 in
1520 4370 1680 4450 scacario
1696 4369 1835 4448 Pasche
1850 4370 2052 4448 novissime
2066 4370 2262 4477 preterito,

844 4532 884 4580 ac
904 4501 1157 4608 quorumdam
1181 4501 1259 4578 fide
1277 4500 1482 4608 dignorum
1506 4501 1634 4579 audita
1654 4527 1768 4607 super
1788 4502 1862 4580 hoc
1885 4501 2091 4589 relacione,
2111 4529 2181 4606 per
2198 4499 2264 4605 ju·

844 4631 986 4711 dicium
1005 4648 1132 4710 nostre
1162 4631 1284 4719 curie,
1307 4632 1450 4708 dictum
1477 4629 1550 4708 fuit
1576 4648 1615 4709 et
1638 4631 1930 4739 pronunciatum
1950 4631 2088 4707 dictam
2113 4628 2262 4704 firmam

842 4762 1022 4871 predictis
1041 4759 1165 4838 abbati
1186 4776 1224 4838 et
1242 4760 1449 4838 conventui
1463 4761 1745 4853 Sancti-Laudi,
1767 4761 1865 4840 sicut
1883 4775 1940 4836 est
1959 4756 2014 4834 eis
2031 4755 2183 4845 tradita,
2205 4783 2265 4834 re·

843 4921 996 4974 manere
1023 4892 1178 4982 debere,
1203 4907 1241 4970 et
1264 4890 1455 4997 predictos
1476 4892 1651 4971 abbatem
1677 4909 1714 4970 et
1734 4906 1960 4969 conventum
1984 4886 2033 4964 de
2052 4884 2188 4966 Alneto
2215 4886 2263 4965 ad

842 5024 1180 5104 inchariamentum
1202 5021 1372 5130 ejusdem
1398 5023 1508 5100 firme
1531 5053 1610 5101 non
1634 5023 1775 5100 debere
1792 5018 1953 5098 admitti.
1973 5019 2016 5096 ln
2041 5017 2165 5124 cujus,
2187 5033 2260 5096 etc.

843 5155 997 5246 Actum,
1019 5153 1196 5242 Parisius,
1218 5179 1334 5242 anno,
1358 5168 1428 5234 etc.
1451 5181 1581 5234 mense
1599 5151 1792 5232 lanuario.

901 5419 979 5496 XX.
1009 5419 1182 5526 lnquesta
1203 5419 1296 5500 sacta
1316 5439 1443 5500 contra
1469 5420 1555 5499 illos
1578 5421 1626 5498 de
1648 5415 1860 5504 Exelduno,
1887 5441 2002 5520 super
2020 5408 2203 5490 mortaliis
2223 5427 2263 5488 et
