5817 7292
1060 1145 1323 1255 nuoutrns
1348 1160 1411 1234 er
1436 1143 1642 1236 eneces.
2013 1162 2059 1236 tt

643 1306 787 1384 curiam
800 1304 938 1380 lactum
951 1291 1435 1412 superquadaminquesta,
1449 1303 1543 1380 lacta
1556 1303 1784 1408 interipsos,
1802 1322 2062 1412 eusunpate,
2101 1311 2232 1368 Ριιιιιιι
2244 1311 2288 1374 tv,

644 1455 682 1516 et
708 1435 890 1514 dilectum
910 1454 950 1514 et
967 1437 1120 1514 fidelem
1148 1453 1318 1515 nostrum
1344 1431 1563 1542 episcopum
1583 1433 1888 1526 Laudunensein,
1909 1440 1953 1513 eri
1972 1437 2061 1530 alin,
2163 1405 2227 1448 Μ’

645 1595 759 1674 super
774 1565 886 1646 bonis
906 1568 995 1645 dieti
1017 1567 1182 1646 defuncti
1198 1564 1828 1658 Johannis;·exeeucionimanda1i,
1846 1582 1886 1655 et
1899 1593 1922 1642 e
1936 1585 2064 1644 contra

645 1699 768 1775 dictus
787 1698 983 1805 episeopus
1002 1714 1229 1806 proponeret
1243 1697 1348 1804 quod
1367 1694 1720 1802 inquestuprediota
1733 1723 1812 1774 non
1825 1694 2065 1776 luerat-com-

643 1827 761 1936 pleta,
781 1844 1001 1936 peteretque
1025 1829 1167 1906 dictum
1192 1829 1404 1934 judicatum
1431 1825 1691 1934 suspendiset
1708 1827 2065 1932 probacionessuas

644 1987 758 2065 super
785 1959 859 2036 boc
882 1959 1006 2036 adhuc
1026 1959 1191 2047 admitti,
1211 1959 1270 2036 vel
1290 1959 1392 2036 diem
1416 1956 1563 2036 consilii
1581 1985 1649 2034 seu
1668 1959 1965 2064 appensamenti‚
1984 1975 2067 2037 tan·

642 2119 757 2196 quam
778 2117 873 2167 novo
893 2089 1086 2196 episcopo,
1105 2090 1177 2167 sibi
1193 2119 1307 2197 super
1321 2091 1394 2168 boo
1407 2088 1581 2166 concedi:
1597 2089 1785 2181 Tandem,
1803 2089 1942 2167 auditis
1953 2089 2067 2198 pis'rti·
2145 2080 2150 2089 ⁴

644 2219 714 2296 bus
729 2219 817 2296 hinc
834 2235 873 2297 et
890 2219 991 2310 inde,
1007 2236 1045 2298 et
1064 2221 1197 2298 iterato
1213 2220 1414 2328 diligenter
1427 2220 1502 2296 visa
1516 2218 1691 2325 inquesta
1707 2220 1893 2327 predicta,
1909 2222 2065 2329 visoque

642 2367 772 2427 tenore
798 2351 1008 2428 litterarum
1037 2369 1075 2429 et
1093 2351 1377 2459 privilegiorum
1400 2352 1439 2428 in
1466 2378 1509 2427 ea
1534 2350 1828 2456 productomm,
1856 2381 1924 2457 per
1948 2352 2066 2458 ipsius

643 2481 746 2558 curie
765 2500 892 2560 nostre
908 2482 1114 2588 judicium,
1134 2483 1278 2560 dictum
1298 2482 1370 2558 fuit
1388 2481 1500 2587 quod-
1509 2481 1725 2588 predictum
1737 2483 1950 2589 judicatum
1964 2511 2068 2560 man·

644 2609 796 2688 dabitur
811 2613 1040 2690 execucioni.
1061 2612 1102 2689 In
1123 2614 1246 2719 cujus,
1265 2629 1335 2690 etc.
1356 2613 1487 2690 Mense
1504 2612 1736 2691 Decembris.
1921 2643 1950 2712 q

700 2875 758 2951 lll.
790 2875 887 2952 Cum
908 2877 1010 2954 curie
1025 2895 1151 2954 nostre
1169 2875 1418 2982 significatum
1436 2875 1569 2952 luisset
1582 2875 1688 2980 quod
1704 2901 1817 2980 super
1836 2875 2065 2980 quibusdam

644 3007 767 3112 prisiis
780 3007 981 3084 hominum
999 3025 1037 3085 et
1051 3033 1258 3114 equorum,
1275 3033 1367 3112 quas
1381 3003 1547 3082 Erardus
1566 3022 1604 3082 et
1616 3003 1847 3083 Guillelmus
1862 3004 1910 3082 de
1925 3006 2067 3082 Tbien-

643 3137 728 3243 giis,
759 3135 906 3223 fratres,
931 3166 1033 3214 nunc
1061 3137 1218 3224 milites,
1245 3165 1313 3244 per
1340 3165 1379 3214 se
1409 3155 1607 3213 eteorum
1630 3152 1761 3243 gentes
1782 3137 1885 3242 apud
1908 3134 1943 3212 la
1967 3137 2067 3214 Vau·
2150 3167 2153 3171 ’

644 3265 965 3345 Sancti-Germani
982 3284 1020 3345 et
1035 3267 1480 3358 Sanctum-Germanum,
1496 3268 1536 3342 in
1545 3261 1802 3344 terraahbatis
1813 3283 1852 3343 et
1860 3285 2066 3361 conventus

643 3395 1169 3476 Sancti-Germani·de-Pratis
1192 3397 1422 3490 Parisiensis‚
1448 3395 1676 3475 dicebantur·
1693 3397 1823 3479 secisse
1840 3397 2064 3476 vindicando

643 3555 681 3603 se
706 3555 774 3632 per
800 3557 954 3606 manum
984 3559 1091 3606 suam
1117 3530 1165 3607 de
1189 3528 1415 3636 quibusdam
1437 3529 1601 3636 injuriis,
1627 3529 1819 3636 surprisiis
1836 3546 1876 3605 et
1893 3527 2065 3606 malefac-

642 3657 690 3734 tis
710 3658 852 3736 eisdem
876 3659 1054 3738 fratribus
1072 3687 1141 3767 per
1171 3661 1292 3740 dictos
1315 3660 1513 3766 religiosos
1538 3678 1603 3738 aut
1630 3689 1762 3738 eorum
1789 3677 1937 3768 gentes,
1968 3662 2066 3738 sieut

644 3788 733 3864 dicti
753 3788 885 3867 fratres
902 3791 1181 3899 proponebant,
1202 3791 1331 3880 illatis,
1348 3789 1507 3868 ballivus
1522 3793 1765 3884 Sunonensis,
1785 3793 1823 3869 in
1843 3792 1925 3899 ejus
1940 3791 2065 3869 assisia

644 3917 921 4013 llleledunensi‚
952 3950 1020 4028 pro
1049 3922 1158 3999 dictis
1184 3922 1362 3999 fratribus
1384 3921 1617 4027 judicaverat
1641 3924 1746 4026 quod
1773 3923 1843 4027 ipsi
1870 3951 2065 4002 remanere

644 4044 835 4124 dehebant
850 4050 889 4126 in
907 4051 1041 4129 saisina
1056 4053 1254 4160 prisiarum
1270 4051 1491 4158 hujusmodi
1508 4051 1563 4127 sio
1576 4049 1772 4139 laetarum,
1784 4068 1847 4138 et,
1865 4071 1994 4129 eontra
2004 4055 2067 4160 ju-

644 4175 807 4254 dicatum
829 4180 1067 4287 hujusmodi,
1090 4200 1369 4291 proponeretur
1395 4182 1500 4287 quod
1522 4179 1674 4258 nullum
1687 4197 1780 4256 :erat
1800 4181 1881 4286 ipso
1902 4181 2005 4288 jore,
2028 4201 2067 4260 et

642 4309 747 4412 quod
759 4309 793 4386 ei
810 4327 907 4387 stare
921 4340 997 4389 non
1014 4313 1192 4403 debebat,
1213 4341 1299 4391 cum
1317 4311 1456 4388 factum
1471 4328 1570 4388 esset
1584 4328 1713 4387 contra
1720 4312 1784 4418 jus
1795 4329 1835 4387 et
1847 4309 1968 4389 bonos
1983 4341 2066 4390 mo·

640 4465 701 4514 res
721 4456 757 4516 et
774 4440 989 4547 generalem
1004 4444 1200 4550 antiquam
1216 4460 1254 4520 et
1273 4441 1515 4552 approbatam
1531 4441 1843 4521 consuetudinem
1858 4444 1962 4552 regni
1975 4471 2066 4523 nos-
2150 4456 2154 4464 '

639 4568 705 4660 tri3
723 4586 776 4658 et,
794 4599 863 4677 pro
880 4589 986 4678 parte
1002 4574 1189 4652 dictorum
1211 4575 1385 4661 fratrum,
1408 4590 1684 4680 proponeretur
1704 4602 1746 4652 ex
1767 4574 1923 4652 adverso
1942 4577 2064 4682 quod,

641 4728 727 4777 eum
748 4701 817 4808 ipsi
836 4701 978 4809 pluries
999 4706 1277 4785 consuevissent
1295 4734 1335 4784 se
1356 4722 1484 4783 contra
1503 4705 1624 4783 dictos
1642 4704 1838 4814 religiosos
1850 4706 1976 4784 taliter
1988 4707 2067 4784 vin·

641 4831 781 4924 dicare,
804 4853 917 4941 prout
936 4864 1003 4943 per
1018 4836 1229 4944 inquestam
1247 4836 1379 4914 factam
1400 4863 1513 4944 super
1530 4837 1606 4914 hoc
1620 4835 1839 4942 apparebat,
1851 4835 2066 4943 judicatum

640 4962 855 5068 predictum
873 4965 1039 5044 validum
1060 4985 1139 5045 erat
1158 4986 1196 5047 et
1214 4985 1344 5046 tenere
1363 4967 1542 5056 debebat,
1563 4967 1725 5044 maxime
1745 4995 1832 5044 cum
1853 4966 1900 5045 ab
1922 4996 2067 5048 eonon

639 5091 754 5173 luerit
765 5096 996 5204 appellatum
1012 5131 1020 5176 ε
1034 5099 1222 5190 Tandem,
1247 5100 1385 5177 auditis
1402 5099 1587 5206 partibus,
1608 5097 1771 5205 visisque
1791 5097 1993 5205 diligenter
2011 5101 2068 5176 in-

640 5242 785 5330 questa,
807 5232 995 5308 sentencia
1021 5247 1060 5309 et
1082 5259 1260 5338 processu
1286 5231 1481 5337 predictis,
1502 5258 1571 5339 per
1588 5230 1693 5308 curie
1718 5245 1846 5308 nostre
1859 5228 2064 5337 judicium,

641 5353 783 5434 dictum
802 5357 875 5436 luit
894 5377 932 5438 et
949 5364 1241 5468 pronunciatum
1260 5363 1367 5470 quod
1380 5361 1596 5469 predictum
1610 5359 1824 5468 judicatum
1843 5359 1994 5438 nullum
2011 5375 2068 5435 est

642 5499 679 5560 et
697 5503 873 5594 tanquam
893 5493 1044 5572 nullum
1065 5523 1142 5574 non
1157 5494 1320 5586 tenebit,
1342 5493 1439 5572 salva
1458 5491 1555 5602 parti
1575 5491 1746 5578 cuilibet,
1767 5489 1900 5570 tamin
1918 5515 2066 5596 posses·

727 5661 780 5704 trs
802 5662 883 5706 οιιιι.
908 5669 955 5710 ιιι.
1920 5643 1940 5709 6
