5817 7292
861 1101 937 1174 358
1439 1096 1529 1168 tes
1558 1093 1698 1168 OLlM.

637 1254 766 1308 earnm
779 1253 824 1314 lv,
861 1242 1008 1321 notorie
1032 1266 1103 1346 pro
1124 1238 1237 1346 laycis
1257 1255 1295 1314 et
1315 1235 1569 1344 burgensibus
1598 1235 1687 1312 dicti
1710 1234 1857 1312 comitis
1880 1263 1922 1314 se
1945 1237 2142 1344 gerebant,
2163 1243 2287 1348 quod-

861 1405 935 1482 que
962 1375 1051 1452 dicti
1071 1372 1276 1450 servientes
1295 1398 1373 1447 non
1392 1367 1585 1446 habebant
1602 1383 1826 1473 potestatem
1844 1367 1997 1448 dictem.
2014 1371 2285 1454 inhibicionern

861 1507 1022 1585 faciendi
1042 1532 1113 1582 nec
1132 1504 1250 1581 eciam
1263 1499 1502 1610 sergentandi
1523 1497 1683 1590 ibidem,
1699 1493 1970 1578 xextructionem
1985 1502 2076 1580 dicti
2093 1505 2287 1582 servientis

830 1724 834 1730 ,
861 1641 908 1717 ab
934 1637 1087 1716 ecclesia
1107 1653 1146 1712 et
1169 1633 1388 1710 fractionem
1410 1630 1645 1709 inmunitatis
1667 1630 1769 1708 dicte
1798 1630 1954 1710 ecclesie
1980 1634 2179 1741 negando:
2200 1635 2287 1716 Visa

698 1347 753 1390 1300

860 1771 976 1879 igitur
991 1771 1163 1874 inquesta
1183 1791 1297 1871 super
1315 1763 1390 1840 biis
1411 1765 1458 1840 de
1475 1762 1651 1839 mandato
1668 1781 1795 1840 nostro
1807 1763 2019 1853 facta,visis
2034 1765 2151 1842 eciam
2164 1768 2287 1844 omni-

860 1903 932 1981 bns
942 1930 1015 2008 que
1028 1917 1187 2004 utraque
1199 1923 1284 2003 pers
1297 1921 1509 2001 proponere
1523 1893 1659 1982 voluit,
1674 1893 1799 1972 dictus
1808 1921 1950 1981 comcs,
1965 1897 2145 2001 percurie
2158 1915 2285 1976 nostre

856 2033 1061 2140 judicium,
1083 2032 1156 2108 fait
1175 2060 1195 2106 a
1220 2026 1415 2136 predictis,
1438 2043 1621 2132 quantum
1643 2026 1691 2103 ad
1711 2027 1829 2132 ipsam
1857 2027 1998 2104 curiam
2017 2045 2181 2106 nostram
2202 2058 2286 2136 per-

864 2163 976 2253 tinet,
998 2162 1205 2240 absolutus.

920 2293 1073 2373 Sabbati
1096 2292 1277 2399 predicta.

918 2425 1077 2504 Cuillier
1100 2422 1313 2528 reportavit.

918 2691 960 2765 V.
989 2677 1085 2764 Cum
1100 2681 1455 2762 interGuillelmum
1472 2682 1521 2758 de
1536 2683 1706 2775 Marolio,
1722 2685 2000 2792 presbyterum,
2016 2713 2061 2762 cx
2073 2706 2149 2762 una
2162 2703 2282 2793 parts,

861 2836 899 2894 et
912 2821 1144 2923 Rostagnum
1159 2815 1209 2891 de
1223 2814 1391 2904 Bitenas,
1408 2813 1609 2906 clericum,
1623 2842 1666 2892 ex
1682 2815 1812 2906 altera,
1829 2816 1979 2893 racione
1994 2816 2137 2922 capelle
2151 2816 2288 2894 Sancti·

860 2948 1059 3028 Salvatoris
1073 2949 1120 3025 de
1139 2944 1350 3037 Sumidrio,
1368 2946 1476 3055 cujus
1493 2943 1650 3024 collario
1670 2947 1717 3024 ad
1729 2973 1799 3024 nos
1819 2948 1987 3028 noscitur
2003 2949 2210 3054 pertinere,
2233 2977 2288 3025 ra·

861 3081 969 3158 cione
989 3079 1172 3157 violencie
1192 3076 1417 3170 amovende,
1435 3105 1527 3185 que,
1544 3107 1614 3183 per
1627 3080 1840 3184 potenciam
1860 3080 2037 3187 gencium
2049 3097 2284 3168 ,nostrarum
2380 3178 2385 3186 Ι

862 3213 1058 3290 dicebatur
1071 3210 1216 3290 ibidem
1231 3208 1364 3286 factam
1377 3208 1509 3296 fuisse,
1522 3226 1625 3286 mota
1639 3208 1771 3287 suisset
1783 3211 1931 3316 questio
1947 3237 2072 3288 coram
2088 3211 2287 3316 inquisito-

861 3343 968 3419 ribus
994 3371 1015 3418 a
1041 3340 1153 3417 uobis
1173 3340 1211 3415 in
1236 3339 1452 3416 senescallia
1479 3338 1702 3420 Belli-Cadri
1728 3340 1930 3446 deputatis,
1957 3341 2119 3446 ipsique,
2148 3341 2287 3418 vocatis

859 3470 1031 3578 partibus
1044 3488 1082 3546 et
1102 3470 1250 3556 auditis,
1268 3470 1545 3547 sentencialiter
1556 3471 1865 3576 pronunciassent
1879 3471 2023 3546 dictum
2037 3471 2286 3550 Guillelnrum

861 3605 901 3678 in
928 3599 1061 3680 saisina
1088 3602 1188 3678 dicte
1216 3601 1360 3708 capelle
1388 3628 1468 3678 esse
1497 3600 1800 3689 defendendum,
1835 3617 1874 3678 et
1897 3599 2035 3679 dictam
2060 3600 2284 3680 violenciam

862 3733 1026 3812 amoveri
1042 3731 1203 3824 debere3
1220 3732 1468 3839 postmodum
1483 3733 1587 3811 idern
1598 3735 1807 3840 Rostagnns
1821 3761 1841 3809 a
1853 3733 2222 3840 predictasentencia
2237 3736 2286 3812 ad

861 3845 1029 3944 nostram
1049 3865 1210 3954 curiam,
1232 3865 1410 3954 Parisios,
1434 3864 1652 3973 appellavit3
1669 3891 1741 3942 nos
1760 3893 1867 3954 vero,
1889 3865 1936 3941 ad
1954 3865 2173 3942 instanciam
2196 3865 2286 3944 dicti

861 3997 1055 4103 Rostagni,
1085 3997 1293 4103 predictam
1321 4023 1470 4074 causam
1501 3994 1768 4104 appellationis
1794 3996 1933 4074 dilecto
1964 4012 2002 4072 et
2028 3995 2133 4074 fideli
2158 4012 2287 4074 nostro

861 4129 1039 4234 episcopo
1055 4129 1325 4235 Magalonensi,
1343 4146 1528 4234 quantum
1543 4128 1590 4203 ad
1603 4127 1746 4204 curiam
1760 4143 1923 4204 nostram
1935 4127 2115 4233 pertinet,
2136 4131 2289 4205 commi·

861 4259 977 4336 simus
1001 4259 1249 4349 audiendam,
1271 4277 1309 4336 et
1328 4260 1408 4336 sine
1427 4259 1560 4337 debito
1580 4258 1875 4348 terminandam,
1896 4259 1948 4335 ita
1966 4275 2093 4336 tamen
2114 4259 2233 4364 qnod,
2252 4261 2286 4337 si

860 4390 985 4497 aliqua
1004 4389 1121 4468 dubia
1134 4389 1190 4467 vel
1203 4391 1361 4469 obscrua
1377 4389 1503 4469 forsan
1522 4417 1637 4496 super
1654 4390 1726 4466 hoc
1745 4406 1995 4497 emergerent,
2014 4390 2118 4467 curie
2141 4407 2283 4477 nostre,

860 4521 1038 4608 Parisino,
1057 4520 1122 4597 illa
1139 4522 1363 4600 rescriberet
1381 4551 1449 4628 per
1465 4522 1625 4599 eandem
1642 4521 1783 4599 curiam
1800 4521 2080 4629 interpretanda
2095 4521 2287 4626 etplenins

861 4653 1101 4743 declaranda3
1118 4654 1341 4760 quiquidem
1355 4655 1555 4761 episcopus
1565 4651 1716 4738 officiali
1732 4681 1802 4730 sno
1812 4714 1821 4743 ,
1829 4653 1933 4759 justa
1942 4653 2118 4729 traditam
2131 4651 2201 4729 sibi
2214 4649 2286 4727 lor-

860 4811 975 4874 mam,
986 4811 1134 4862 musam
1142 4784 1364 4892 hujusmodi
1373 4786 1603 4863 audiendam
1614 4784 1819 4875 conamine
1835 4809 1960 4861 coram
1975 4789 2053 4890 qno
2065 4799 2188 4890 partes
2204 4807 2287 4887 pre·

858 4917 973 5007 dicte,
990 4918 1088 4995 sicut
1102 4918 1314 5022 accepimus
1329 4933 1604 5022 processerunt,
1621 4919 1661 4993 in
1676 4915 1817 5023 quibus
1834 4916 2071 5022 processibus
2084 4943 2104 4991 a
2119 4915 2288 5022 partibus
2327 4925 2329 4930 ’

861 5047 1037 5124 concluso
1056 5047 1108 5124 ita
1127 5047 1234 5152 qnod
1254 5049 1294 5123 in
1315 5049 1415 5126 dicto
1436 5048 1593 5157 negocio
1612 5073 1690 5126 non
1710 5048 1874 5125 restabat
1893 5047 1964 5124 nisi
1994 5037 2181 5124 sentencia
2203 5071 2288 5154 pro-

859 5177 1033 5266 ferenda,
1054 5179 1156 5255 idem
1173 5179 1311 5284 judex,
1334 5193 1488 5285 propfer
1507 5181 1671 5286 quedam
1685 5178 1804 5256 dubia
1821 5193 1859 5256 ct
1872 5179 2124 5286 obscuraque
2145 5177 2289 5254 ibidem

859 5326 1110 5398 emerserunt,
1138 5311 1242 5418 juxta
1269 5327 1441 5387 tenorem
1461 5312 1737 5390 commissionis
1762 5338 1875 5418 super
1900 5311 1974 5388 hoc
2000 5335 2067 5416 per
2087 5335 2156 5386 nos
2172 5307 2285 5393 lacte,

860 5437 1074 5544 pred-ictum
1086 5435 1285 5548 negocium
1302 5441 1450 5518 remisit
1462 5443 1511 5518 ad
1527 5457 1692 5520 nostram
1706 5443 1849 5520 onnam
1870 5440 2020 5519 snhsuo
2035 5437 2158 5547 sigillo
2172 5437 2289 5516 inter·
