5817 7292
1020 1061 1288 1170 meumes
1314 1084 1378 1157 er
1406 1061 1609 1156 moces.
1957 1088 2031 1159 503

598 1221 710 1298 ducto
725 1221 859 1299 exinde
874 1221 1102 1328 competenti
1119 1222 1254 1300 salario
1268 1253 1336 1330 pro
1351 1224 1480 1303 labore
1492 1251 1577 1312 suo,
1592 1224 1803 1302 secundum
1817 1228 1919 1304 curie
1932 1245 2033 1306 taxa·
2070 1244 2199 1296 mmm
2214 1244 2264 1306 Ns

597 1353 762 1441 cionem,
785 1370 823 1429 et
844 1354 948 1461 quod
965 1355 1143 1432 redderet
1159 1354 1283 1432 eidem
1295 1335 1475 1463 “precium
1498 1356 1535 1430 in
1556 1354 1722 1462 quesibi
1744 1358 1946 1435 tenebatur
1963 1391 2032 1466 pro
2133 1337 2195 1377 Μ’

598 1513 660 1563 sex
680 1484 776 1562 alnis
801 1487 915 1593 panni
938 1488 1076 1578 crocei,
1099 1515 1214 1594 quem
1236 1488 1337 1566 idem
1364 1491 1529 1566 Herveus
1550 1488 1735 1565 habuerat
1753 1490 1800 1567 ab
1819 1490 1973 1580 eodem,
1995 1510 2032 1568 et

598 1616 702 1723 quod
720 1617 845 1694 eidem
866 1619 1042 1696 redderet
1065 1620 1227 1726 dampna
1248 1649 1322 1727 que
1340 1620 1421 1726 ipse
1445 1619 1674 1698 sustinuerat
1696 1647 1766 1724 pro
1783 1624 2028 1726 expectand0,

599 1749 779 1843 Parisios,
794 1749 871 1828 duo
891 1753 989 1857 paria
1006 1751 1234 1840 litterarum,
1254 1779 1347 1859 quas
1366 1751 1470 1828 idem
1487 1754 1652 1830 Herveus
1672 1752 1893 1857 promiserat
1909 1785 1949 1831 se
1967 1757 2035 1830 im·

599 1897 834 1986 petraturum
852 1899 890 1960 et
907 1882 1146 1960 redditurum
1167 1883 1290 1960 eidem
1311 1883 1408 1959 infra
1427 1901 1565 1966 certam
1587 1882 1707 1972 diem,
1724 1913 1810 1960 cum
1829 1886 1919 1976 boc,
1937 1887 2033 1964 sicut

599 2014 837 2117 promiserat,
861 2043 937 2092 non
958 2014 1238 2121 complevisset3
1261 2032 1335 2092 ete
1353 2015 1621 2093 contradictus
1638 2016 1805 2092 Herveus
1824 2017 2034 2122 requireret

599 2141 742 2220 dictum
761 2146 972 2222 Taxardum
996 2146 1171 2252 compelli
1193 2147 1239 2222 ad
1260 2147 1502 2224 reddendum
1522 2146 1647 2223 eidem
1672 2164 1838 2252 quatuor
1863 2147 1977 2225 libras
1997 2167 2034 2227 et

599 2278 869 2381 septemdecim
883 2277 1025 2355 solidos
1039 2277 1282 2370 Parisienses,
1301 2279 1340 2354 in
1357 2279 1497 2385 quibus
1511 2279 1581 2356 sibi
1594 2278 1794 2356 tenebatur
1805 2308 1874 2386 per
1888 2279 2032 2357 bonum

600 2426 819 2514 compotum
832 2409 971 2508 iactum
994 2411 1092 2488 inter
1113 2438 1194 2501 eos,
1215 2427 1257 2487 ut
1276 2411 1440 2501 dicebat,
1462 2411 1553 2487 item
1570 2438 1747 2515 expensas
1762 2439 1855 2517 quas
1867 2441 1936 2519 pro
1951 2413 2033 2519 ipso

599 2539 736 2616 fecerat
756 2540 883 2617 eundo
907 2542 1006 2647 apud
1024 2541 1271 2619 Meledunum
1292 2571 1361 2647 pro
1382 2541 1460 2618 suis
1479 2541 1614 2618 litteris
1630 2542 1872 2647 impetrandis
1888 2574 1897 2619 ε
1915 2542 2034 2619 Andi-

600 2672 647 2748 tis
668 2701 742 2778 que
763 2690 921 2777 utraque
940 2701 1025 2778 pars
1045 2673 1242 2777 proposuit
1265 2672 1312 2748 ad
1332 2672 1389 2749 sui
1409 2671 1667 2749 defensionem
1693 2687 1822 2747 contra
1840 2692 2033 2780 requestas

601 2802 804 2907 predictas,
827 2819 865 2879 et
883 2804 958 2882 visa
978 2801 1250 2880 informacione
1266 2831 1380 2910 snper
1399 2803 1472 2880 hoc
1493 2802 1604 2895 facta,
1628 2804 1727 2879 dicte
1744 2820 1876 2909 gentes
1887 2822 2029 2891 nostre,

601 2951 772 3011 tenentes
794 2953 1002 3042 requestas,
1026 2934 1201 3011 dixemnt
1222 2934 1326 3041 quod
1348 2934 1437 3011 dicti
1458 2936 1625 3012 Herveus
1646 2954 1681 3011 et
1705 2935 1896 3013 Taxardns
1920 2937 2031 3044 quitti

602 3065 676 3142 sint
696 3065 785 3142 hinc
805 3066 910 3156 inde,
936 3084 973 3143 et
994 3094 1127 3144 eornm
1150 3066 1315 3172 quilibet
1340 3066 1433 3143 alter
1454 3069 1502 3143 de
1527 3065 1645 3143 altero
1664 3065 1829 3142 totaliter
1851 3067 2030 3145 contenti.

656 3197 811 3275 Veneris
830 3214 913 3304 post
933 3197 1164 3274 Nativitatem
1183 3195 1292 3273 beate
1310 3197 1443 3285 Mario,
1461 3225 1561 3273 anno
1578 3196 1842 3274 trecentesimo
1865 3196 2029 3285 decimo,

600 3328 792 3407 interduo
810 3329 1052 3434 parlamenta.

657 3594 716 3670 lll.
748 3593 845 3671 Cum
871 3594 910 3669 in
940 3623 1048 3672 causa
1077 3622 1201 3670 coram
1231 3592 1368 3670 ballivo
1404 3592 1672 3670 Silvanectensi
1703 3593 1908 3698 pendente,
1934 3593 2032 3669 inter

602 3724 842 3830 Radulphum
862 3725 909 3801 de
929 3726 1061 3813 Pratis,
1083 3724 1130 3799 de
1152 3725 1450 3815 Sancto-Quem,
1474 3751 1516 3797 ex
1535 3752 1610 3797 una
1628 3739 1748 3825 parte,
1772 3738 1808 3797 et
1826 3721 2031 3797 Henrioum

604 3854 651 3928 de
675 3854 850 3944 Cambio,
876 3855 991 3931 civem
1020 3855 1355 3944 silvanectensem,
1384 3880 1427 3927 ex
1452 3850 1583 3938 altera,
1603 3851 1751 3926 racione
1779 3850 2032 3956 quorumdam

605 4000 877 4073 contractuum,
901 4015 969 4092 pro
990 3985 1131 4092 quibus
1153 3985 1275 4060 dictus
1291 3983 1477 4058 Henricus
1495 3982 1603 4086 plura
1616 3981 1716 4058 bona
1733 3980 1929 4059 inmobilia
1944 3982 2033 4059 dicti

604 4112 790 4220 Radulphi
803 4113 1011 4204 detinebat3
1026 4116 1129 4192 idem
1142 4113 1301 4191 ballivus
1313 4112 1353 4188 in
1368 4112 1494 4188 assisia
1507 4139 1573 4188 sua
1581 4111 1793 4218 judicatum
1807 4140 1918 4188 suum
1929 4111 2036 4190 tulis-

604 4262 660 4321 set
675 4275 744 4352 pro
767 4245 868 4322 dicto
884 4246 1084 4351 liudulpho
1106 4261 1234 4323 contra
1254 4244 1461 4320 Henricnm
1478 4242 1713 4349 predictum
1733 4259 1771 4319 et
1786 4243 1888 4319 idern
1902 4244 2035 4319 Henri-
2059 4304 2063 4313 .

605 4350 685 4466 cus,
699 4407 718 4453 a
725 4375 896 4484 judicato
908 4379 1077 4484 predicto
1094 4376 1223 4453 dicens
1238 4404 1276 4452 se
1292 4374 1460 4484 legitime
1474 4373 1694 4480 appellasse,
1705 4374 2034 4482 adjumamentum

605 4509 838 4614 impetrasset
855 4509 894 4584 in
916 4537 1025 4586 causa
1050 4507 1315 4615 appellacionis
1336 4505 1531 4612 predicte3
1553 4505 1692 4583 deinde
1716 4507 1818 4583 dicto
1837 4507 2036 4613 Radulpho

606 4641 715 4720 nobis
735 4642 980 4750 signifficante
1007 4641 1110 4749 quod
1131 4642 1232 4718 idem
1256 4641 1454 4728 Henricus,
1479 4639 1579 4715 dicto
1600 4635 1741 4717 ballivo
1761 4640 1935 4730 sedente,
1959 4669 2035 4718 non

604 4773 865 4881 appellaverat,
887 4773 994 4861 licet,
1017 4774 1081 4850 diu
1105 4788 1190 4879 post
1207 4772 1324 4848 latum
1347 4771 1490 4847 dictum
1507 4770 1738 4879 judicatum,
1760 4771 1799 4846 in
1821 4771 1946 4849 assisia
1970 4799 2037 4848 sua

605 4906 776 4997 sedisset,
795 4921 833 4981 et
853 4923 951 4984 esset
970 4904 1114 4984 ibidem
1139 4929 1292 5010 presens
1313 4902 1438 4979 dictus
1457 4902 1658 4994 Henricus3
1680 4903 1815 4992 immo,
1837 4918 2036 5010 postquam

605 5035 681 5139 ipse
696 5035 855 5114 ballivus
868 5067 888 5114 a
901 5037 985 5115 loco
1002 5037 1211 5115 assisiamm
1233 5061 1385 5112 suarum
1403 5050 1621 5121 recesserat,
1636 5051 1675 5110 et
1692 5035 1808 5112 eciam
1828 5051 1914 5139 post
1928 5061 2038 5139 pran-

485 5185 492 5200 ·
605 5166 727 5256 dium,
745 5168 897 5274 quando
912 5168 1025 5246 rediit
1038 5169 1140 5244 idem
1154 5165 1313 5242 ballivus
1329 5163 1376 5241 ad
1393 5163 1519 5240 locum
1535 5164 1788 5270 predictarum
1803 5163 2033 5250 assisiarum,

606 5323 647 5370 ac
674 5298 904 5405 supplicante
926 5299 1036 5378 nobis
1054 5317 1112 5388 ut,
1140 5296 1309 5404 predicte
1332 5294 1463 5373 frivole
1488 5295 1727 5403 apellecionis
1751 5313 1935 5402 pretextu,
1958 5319 2035 5366 non

609 5425 856 5531 impediretur
866 5431 924 5506 sui
934 5406 1106 5508 execucio
1109 5427 1267 5536 judicati
1278 5461 1287 5520 ς
1300 5427 1454 5506 tandem
1468 5456 1553 5516 nos,
1571 5426 1741 5533 ejusdem
1752 5421 1939 5528 Radulphi
1950 5448 2035 5526 pan·
