5817 7292
921 1062 994 1132 632
1502 1061 1590 1134 [ΕΒ
1619 1060 1757 1134 OLlM.

696 1213 824 1265 rarum
837 1210 879 1271 IV·
919 1218 957 1277 et
970 1216 1188 1307 procurator
1201 1200 1520 1309 Petregoricenses
1535 1228 1605 1308 pm
1617 1200 1770 1280 domino
1783 1204 1894 1309 Rege,
1912 1228 1955 1277 er
1969 1201 2101 1290 altera,
2119 1200 2167 1277 de
2179 1202 2340 1307 quibus·

755 1304 818 1347 Μ’
918 1309 1004 1407 dam
1015 1330 1129 1409 rebus
1142 1350 1179 1409 at
1188 1332 1516 1441 jurisdicionibus,
1531 1332 1603 1412 sub
1616 1333 1727 1409 certis
1746 1331 1969 1410 condicione
1985 1350 2022 1409 ct
2033 1332 2168 1420 lorma,
2183 1360 2336 1437 permu-

914 1462 1099 1541 tacionem
1119 1461 1309 1553 fecissent,
1330 1480 1476 1541 retenta
1490 1490 1603 1570 super
1613 1463 1686 1541 hoc
1701 1463 1848 1541 domini
1864 1464 1973 1571 Regis
1986 1462 2194 1550 voluntate,
2216 1481 2255 1540 et
2269 1463 2339 1541 do-

912 1592 1038 1669 minus
1062 1594 1140 1670 Rex
1162 1592 1286 1671 eidem
1309 1594 1515 1671 senescallo
1532 1592 1747 1670 mandasset
1766 1610 1809 1670 ut
1830 1593 1927 1698 ipse,
1949 1609 2076 1695 vocato
2093 1611 2336 1700 procuratore

911 1750 978 1799 suo
1003 1739 1040 1799 et
1057 1722 1139 1801 aliis
1161 1724 1382 1829 evocandis,
1398 1724 1606 1831 inquireret
1622 1722 1825 1829 diligenter
1843 1722 1875 1810 si
1895 1722 1994 1801 dicta
2010 1724 2246 1831 permutacio
2264 1723 2336 1803 sibi

911 1870 1009 1930 esset
1023 1854 1142 1946 utilis,
1165 1873 1204 1933 et
1223 1857 1294 1934 sibi
1315 1856 1525 1933 remitteret
1545 1854 1728 1962 quicquid
1747 1883 1861 1959 super
1879 1855 1954 1932 hoc
1977 1855 2179 1943 inveniret,
2202 1873 2245 1933 ut
2269 1886 2336 1962 per

909 1982 981 2060 hoc
1007 2004 1199 2093 appareret
1225 1986 1255 2065 si
1288 1986 1426 2064 dictam
1451 1985 1773 2092 permutacionem
1805 1983 2029 2063 confirmare
2056 1985 2114 2063 vel
2144 1986 2333 2065 infirmare

911 2110 1083 2193 deberet:
1093 2117 1179 2197 Visa
1197 2116 1369 2223 inquesta
1384 2144 1498 2223 super
1510 2115 1583 2193 hoc
1597 2144 1666 2221 per
1680 2114 1836 2223 Helyam
1852 2114 1901 2192 de
1913 2115 2327 2205 Crcichaco,-clericum,

910 2243 1056 2338 adhoc,
1071 2276 1140 2355 per
1153 2247 1297 2325 dictum
1308 2244 1575 2360 senescallum,
1592 2246 1830 2351 deputatum,
1840 2244 1949 2333 lacta,
1961 2262 2114 2352 propter
2124 2244 2331 2351 pluresde-

909 2379 1026 2457 fectus
1038 2380 1076 2454 in
1093 2406 1136 2453 ea
1147 2392 1327 2484 repertos,
1341 2376 1443 2453 curia
1458 2392 1586 2452 nostra
1598 2402 1675 2451 non
1685 2375 1868 2482 judicavit
1879 2375 2091 2481 inquestam
2103 2375 2327 2482 predictam,

909 2511 976 2588 ssd
987 2512 1122 2587 iterato
1134 2508 1227 2585 lacta
1239 2523 1295 2585 est
1309 2535 1422 2613 super
1434 2505 1510 2584 hoc
1522 2504 1738 2584 commissio
1748 2506 1870 2614 judici
1891 2506 2083 2585 ordinario
2097 2507 2325 2596 Caturccnsi,

909 2641 1013 2749 quod
1021 2640 1068 2717 dc
1078 2638 1255 2747 predictis
1266 2638 1442 2746 inquirat,
1456 2636 1667 2716 secundum
1677 2655 1851 2716 tenorem
1858 2638 2133 2718 commissionis
2145 2638 2214 2717 sibi
2223 2639 2328 2717 lacte.

963 2772 1004 2847 ln
1021 2768 1170 2849 octabas
1187 2769 1286 2847 beati
1304 2766 1678 2874 lobannis-Baptism.
1698 2810 1703 2817 ·

964 3037 1023 3112 XI.
1055 3033 1216 3113 Botulus
1245 3034 1443 3112 continens
1471 3049 1684 3140 requestam
1717 3032 1933 3110 francorum
1961 3032 2161 3111 hominum
2191 3034 2333 3111 Sancti-

905 3157 1293 3243 Amancii-in-Pabula
1310 3192 1547 3244 cumeorum
1568 3162 1703 3240 cedula
1723 3162 1898 3271 sigillata,
1921 3181 2064 3241 etcum
2084 3164 2330 3271 responsione

905 3326 973 3403 per
990 3295 1131 3373 curiam
1146 3296 1200 3373 eis
1212 3294 1322 3383 lacta,
1345 3312 1402 3373 cst
1419 3296 1458 3371 in
1475 3318 1581 3373 sacco
1601 3296 1858 3401 inquestarnm
1875 3294 1987 3401 hujus
1997 3293 2227 3400 parlamenti.
2251 3323 2255 3330 ·

960 3428 1008 3503 Et
1017 3424 1115 3502 dicta
1126 3427 1322 3531 responsio
1335 3425 1509 3503 similiter
1521 3442 1577 3504 est
1588 3426 1722 3532 scripta
1735 3454 1848 3533 supra
1857 3426 1893 3504 in
1905 3426 1976 3504 isto
1989 3424 2102 3514 libro,
2120 3424 2161 3500 in
2175 3425 2328 3503 arrestis

904 3555 992 3633 dicti
1011 3556 1245 3662 parlamenti.
2020 3545 2028 3562 ⁸

1258 4042 1530 4157 ruounsrn
1560 4047 1631 4133 nr
1661 4044 1969 4135 rnocnssus

1022 4302 1089 4359 PER
1107 4301 1237 4353 CURldll
1257 4302 1415 4355 sontem
1435 4303 1470 4353 IN
1490 4301 1721 4355 enuntiando
1741 4302 1949 4354 OCTABARUH
1968 4298 2201 4365 umbonum

1201 4516 1276 4559 tutto
1298 4517 1406 4559 noum
1429 4514 1594 4559 HILLBSIUO
1614 4516 1839 4559 ’ΜΩΙΙΜΙΙΟ
1862 4516 2025 4559 unntcmo.

925 4791 928 4796 .
954 4732 981 4807 l.
1014 4732 1094 4809 Lite
1111 4749 1228 4824 mota,
1245 4760 1370 4812 coram
1383 4733 1577 4841 preposito
1598 4733 1882 4822 silvanectensi,
1904 4733 2003 4811 inter
2015 4733 2232 4839 episcopum
2245 4730 2323 4809 Sil·

897 4878 1175 4955 vancctensem,
1197 4892 1241 4941 ex
1260 4881 1366 4971 parte
1386 4894 1478 4955 una,
1495 4881 1538 4941 et
1547 4866 1728 4973 majorem
1747 4882 1786 4943 et
1798 4864 2262 4972 juratostilvanectenses,
2275 4890 2333 4939 ex·

897 4992 1026 5089 altera,
1044 5022 1157 5102 super
1176 4996 1310 5073 saisina
1325 4995 1522 5104 cujusdam
1540 4995 1697 5075 latronis
1714 4996 1812 5103 capti
1827 4996 1867 5073 in
1885 4995 2054 5102 quodam
2074 4993 2167 5086 loco,
2182 4993 2323 5098 dequo

897 5125 1060 5204 ostensio
1080 5124 1172 5223 lacta
1191 5124 1330 5214 luerat,
1348 5143 1391 5203 ut
1408 5126 1619 5215 dicebatur,
1641 5145 1679 5204 et
1699 5126 1787 5235 quia
1807 5126 1899 5204 dicti
1918 5104 2039 5233 inajor
2058 5142 2097 5203 ct
2110 5123 2242 5232 jurati,
2259 5150 2325 5199 co-

894 5284 974 5333 ram
999 5257 1100 5335 dicto
1124 5256 1335 5364 preposit0,
1360 5256 1400 5333 in
1424 5258 1523 5335 dicta
1547 5285 1674 5348 causa,
1700 5273 1786 5365 post
1810 5258 2067 5336 ostencicnem
2096 5253 2322 5361 hujusmodi

894 5385 1043 5478 factam,
1063 5387 1173 5491 positi
1193 5384 1340 5464 linerent
1359 5387 1398 5465 in
1419 5387 1586 5481 delectu,
1606 5388 1755 5468 dicebat
1772 5389 1875 5467 idem
1896 5388 2093 5495 episcopus
2111 5386 2233 5494 quod,
2251 5413 2324 5491 pro
