5817 7292
855 1099 929 1174 2l0
1426 1105 1520 1177 LES
1550 1102 1691 1176 OLIM.

631 1255 760 1306 rmum
772 1250 816 1312 lv,
853 1241 1037 1322 Garnerio
1056 1243 1130 1319 hoc
1149 1257 1327 1348 negante,
1347 1261 1384 1320 et
1397 1244 1437 1320 in
1452 1243 1681 1322 contrarium
1698 1260 1933 1355 proponente
1951 1242 2095 1320 dictum
2110 1243 2272 1322 Michae-

692 1345 754 1388 1³⁰7.

854 1373 930 1451 lem
950 1373 1023 1453 sibi
1042 1373 1219 1480 injuriam
1236 1371 1425 1466 intulisse,
1448 1392 1485 1451 et
1502 1403 1583 1452 eam
1601 1373 1673 1452 sibi
1690 1373 1882 1450 emendari
1900 1389 2052 1480 petente
2069 1388 2159 1450 etse
2174 1403 2273 1481 apc-

854 1504 933 1580 titis
946 1521 1075 1581 contra
1090 1503 1214 1609 ipsum
1230 1503 1389 1594 absolvis
1409 1505 1582 1610 tandem„
1604 1531 1717 1609 super
1735 1503 1926 1609 premissis
1942 1503 2037 1580 lacte
2050 1531 2119 1610 per
2131 1505 2271 1580 curiam

853 1650 1019 1710 nostram
1040 1632 1304 1710 commissione
1325 1633 1467 1712 decano
1487 1631 1845 1712 Sancti-Frambaldi
1865 1632 2149 1712 Silvanectensis
2166 1651 2203 1710 et
2216 1636 2273 1711 Ja-

854 1763 950 1841 cobo
970 1763 1017 1840 de
1037 1762 1210 1852 Curtilio,
1231 1763 1411 1870 burgensi
1431 1764 1518 1841 ville
1539 1765 1586 1842 de
1607 1762 2165 1854 Pontibus-Sancte-Maxencie,
2187 1792 2271 1841 cum

853 1893 915 1970 illa
934 1892 1115 1982 clausula,
1137 1922 1284 1970 causam
1304 1893 1524 2001 hujusmodi
1551 1894 1712 1972 audiatis
1736 1911 1774 1972 et
1791 1894 1868 1971 fine
1889 1893 2018 1972 debito
2040 1893 2270 1981 terminetis,

854 2023 1013 2128 predicti
1033 2023 1292 2114 commissarii,
1321 2024 1488 2102 dedicta
1514 2053 1622 2102 causa
1648 2023 1815 2134 cognito,
1842 2026 1986 2104 dictum
2008 2023 2272 2104 Garneriuma

853 2153 1032 2258 predictis
1046 2171 1175 2230 contra
1188 2153 1311 2260 ipsum
1326 2155 1453 2261 petitis
1466 2183 1535 2261 per
1547 2183 1658 2232 suurn
1668 2154 1855 2262 judicium
1871 2153 2126 2244 absolvemus
2143 2181 2271 2259 aquo-

854 2313 941 2360 rum
955 2282 1145 2394 judicato,
1162 2301 1341 2393 tanquam
1361 2284 1454 2362 salso
1474 2303 1513 2362 et
1531 2313 1659 2392 pravo,
1680 2285 1840 2392 predicti
1861 2285 1995 2394 major,
2016 2266 2122 2390 pares
2142 2300 2180 2359 et
2198 2282 2271 2360 Mi-

855 2414 962 2491 chael
979 2415 1028 2492 ad
1047 2431 1210 2492 nostram
1230 2415 1372 2492 curiam
1392 2415 1651 2522 appellanmt:
1671 2414 1821 2493 Auditis
1841 2415 1965 2523 igitur,
1986 2415 2025 2490 in
2045 2441 2153 2491 causa
2172 2411 2270 2490 dicte

855 2544 1136 2650 appellacionis,
1153 2545 1406 2652 predictarum
1420 2545 1589 2651 parcium
1603 2545 1817 2624 racionibus
1831 2547 1920 2623 hinc
1935 2562 1972 2621 et
1986 2544 2093 2634 inde,
2109 2542 2269 2648 visisque

854 2673 1090 2776 processibus
1108 2691 1147 2750 et
1155 2674 1324 2781 judicato
1338 2675 1535 2780 predictis,
1552 2703 1620 2781 per
1640 2674 1888 2754 curienostre
1901 2673 2110 2782 judicium,
2127 2673 2271 2750 dictum

853 2799 927 2878 fuit
937 2821 975 2880 et
985 2802 1276 2909 pronunciatum
1288 2804 1478 2909 predictos
1491 2804 1765 2910 commissarios
1776 2805 1874 2882 bene
1886 2804 2088 2912 judicasse,
2104 2820 2141 2881 et
2153 2802 2273 2880 dictos

854 2931 1081 3038 appellantes
1099 2933 1198 3010 male
1218 2933 1420 3041 appellasse
1439 2951 1477 3011 et
1497 2936 1599 3042 quod
1619 2935 1690 3042 ipsi
1711 2937 1784 3012 hoc
1804 2933 2071 3013 emendabunt.

912 3062 1064 3141 Sabbati
1083 3063 1262 3169 predicta.

911 3193 962 3270 Μ.
983 3192 1207 3298 Pasquerius
1227 3196 1438 3297 reportavit.

913 3453 1036 3531 XXIV.
1067 3453 1165 3530 Cum
1181 3451 1326 3545 Guido,
1345 3455 1522 3532 dominus
1544 3456 1590 3532 de
1610 3454 1773 3543 Auneel,
1795 3452 1919 3542 miles,
1942 3479 2155 3559 proponens
2170 3453 2274 3559 quod

857 3579 1059 3660 Gaufridus
1077 3582 1125 3659 de
1139 3583 1318 3674 Vitriaco,
1338 3585 1616 3662 commissarius
1630 3613 1650 3662 a
1666 3583 1777 3661 nobis
1794 3583 2008 3689 deputatus,
2026 3598 2197 3687 tempore
2215 3611 2274 3660 ca·
2308 3671 2324 3696 x

855 3711 957 3788 ristie
978 3712 1172 3819 preterito,
1194 3712 1241 3788 ad
1262 3713 1563 3824 investigandum
1584 3732 1622 3792 et
1639 3712 1782 3792 venalia
1804 3712 2066 3820 exponendum
2086 3711 2270 3820 panaria,

854 3860 1040 3919 reservato
1050 3841 1280 3921 sufficienter
1288 3845 1388 3924 victu
1399 3864 1437 3923 et
1448 3845 1593 3924 semine
1604 3844 1846 3923 dominorum
1857 3869 2020 3949 quorum
2031 3857 2153 3918 essent
2165 3839 2274 3918 blada

854 3990 1022 4076 reperta,
1042 3991 1144 4051 certo
1167 3975 1304 4080 precio,
1327 4005 1394 4083 pro
1418 3976 1621 4084 cujuslibet
1643 3975 1746 4052 bladi
1771 3972 1949 4062 sextario,
1968 3999 2037 4077 per
2058 3997 2127 4047 nos
2149 3969 2274 4047 eidem

855 4118 994 4211 taxato,
1007 4132 1070 4181 sex
1082 4105 1232 4183 modios
1247 4123 1285 4183 et
1299 4125 1461 4213 quatuor
1476 4105 1652 4204 sextarios
1663 4103 1842 4182 frumenti
1858 4101 1948 4178 dicti
1959 4100 2163 4190 Guidonis,
2176 4099 2274 4206 apud

856 4232 1094 4324 Corbolium,
1110 4236 1150 4312 in
1162 4237 1326 4342 quodam
1342 4237 1526 4344 granario,
1542 4263 1611 4343 pro
1627 4235 1744 4342 ipsius
1757 4232 1857 4311 victu
1870 4231 2069 4338 repositos,
2083 4246 2211 4309 contra
2221 4230 2275 4336 ip-

857 4361 936 4439 sius
954 4363 1184 4442 voluntatem
1206 4385 1243 4443 et
1258 4367 1358 4445 dicte
1373 4365 1648 4444 commissionis
1668 4392 1734 4442 sue
1753 4381 1942 4450 tenorem,
1960 4360 2073 4466 cepit,
2092 4360 2215 4465 ipsum
2235 4359 2273 4435 in

858 4490 1076 4596 hujusmodi
1088 4493 1296 4599 plurimum
1308 4495 1629 4602 dampnificando,
1641 4509 1788 4602 peteret
1799 4493 1941 4569 dictum
1955 4488 2194 4576 Gaulridurn,
2207 4515 2274 4594 pro
2324 4499 2329 4506 '

857 4620 983 4726 precio
1000 4621 1089 4698 dicti
1107 4621 1228 4712 bladi,
1243 4625 1451 4702 secundum
1466 4627 1672 4732 predictam
1692 4616 1921 4703 taiacionem
1937 4635 2119 4710 nostram,
2135 4618 2174 4692 in
2189 4644 2276 4692 cen-

857 4765 991 4826 tumet
1005 4750 1276 4858 quinquaginta
1290 4755 1436 4834 duabus
1451 4755 1557 4836 libris
1570 4753 1855 4843 Parisiensibus,
1870 4769 1910 4830 et
1926 4752 1966 4828 in
1983 4747 2154 4826 ducentis
2169 4743 2275 4822 libris

858 4879 1126 4958 Parisiensibus
1144 4909 1214 4988 pro
1240 4885 1317 4963 suis
1337 4888 1511 4994 dampnis
1531 4886 1728 4994 predictis,
1751 4885 1822 4964 sibi
1843 4877 2111 4985 condempnari
2132 4891 2169 4953 et
2190 4903 2274 4952 con·

859 5010 1103 5115 dempnatum
1124 5013 1172 5090 ad
1190 5016 1413 5094 solvendum
1432 5017 1627 5124 compelli3
1649 5017 1750 5096 dicto
1770 5013 1952 5096 Gaulrido
1967 5011 2095 5118 plures
2109 5006 2277 5086 raciones

856 5139 897 5216 in
916 5143 1145 5220 contrarium
1164 5163 1416 5250 proponente,
1434 5166 1472 5225 et
1487 5148 1593 5254 quod
1604 5149 1706 5255 juste
1727 5163 1766 5224 et
1782 5144 1881 5223 licite
1899 5141 2051 5232 feceret,
2067 5136 2276 5216 secundum

858 5269 997 5350 dictam
1012 5274 1318 5353 commissionem
1333 5305 1456 5367 suam,
1473 5278 1654 5385 quicquid
1670 5278 1749 5383 ipse
1765 5275 1903 5354 fecerat
1917 5273 1957 5350 iu
1973 5269 2168 5378 predictis:
2180 5268 2278 5342 Tan·

857 5400 963 5493 dem,
976 5403 1115 5482 auditis
1129 5433 1242 5511 super
1254 5407 1327 5485 hoc
1339 5408 1509 5514 partibus
1526 5408 1737 5499 antedictis,
1751 5422 1789 5484 et
1801 5405 1877 5483 visa
1889 5404 2062 5510 inquesta
2078 5425 2192 5505 super
2206 5396 2278 5475 hoc
