5817 7292
857 1108 933 1178 250
1434 1101 1524 1174 LES
1558 1098 1701 1172 OLIM.

629 1266 760 1322 Partim
773 1263 816 1327 tv,
855 1246 1067 1355 prepositus
1092 1243 1309 1323 Parisicnsis
1331 1242 1613 1349 pronunciasset
1637 1240 1779 1320 litteras
1802 1239 1892 1318 dicti
1914 1209 2129 1320 Theobaldi
2149 1271 2283 1324 execu-

691 1359 754 1400 1³07.

855 1379 955 1457 cioni
972 1377 1053 1456 lore
1072 1374 1352 1454 demandandas
1365 1374 1404 1451 in
1417 1373 1529 1471 bonis
1544 1371 1711 1480 predicte
1725 1371 1853 1462 firme,
1870 1401 1890 1448 a
1910 1401 1984 1478 qua
1999 1374 2190 1480 sentencia
2205 1403 2282 1455 non

854 1511 926 1590 fuit
950 1508 1199 1615 appellatum,
1229 1507 1382 1582 tandem
1402 1504 1524 1582 dictus
1551 1503 1764 1609 Stephanus
1790 1502 1891 1580 dicte¹
1907 1503 2126 1582 execucioni
2149 1533 2189 1582 se
2214 1534 2283 1613 op·

854 1641 998 1746 posuit,
1020 1640 1148 1718 dicens
1167 1636 1335 1744 predicta
1352 1637 1454 1714 bona
1477 1635 1526 1712 ad
1549 1661 1589 1712 se
1612 1634 1820 1740 pertinere,
1848 1652 1886 1711 et
1910 1662 2129 1741 proponens
2155 1635 2282 1743 plures

854 1772 1023 1850 raciones
1036 1786 1192 1877 propter
1202 1796 1295 1875 quas
1310 1767 1460 1846 dicebat
1478 1765 1582 1873 quod
1595 1791 1675 1843 non
1688 1765 1873 1844 deberent
1888 1766 1986 1844 dicte
2004 1766 2128 1846 littere
2152 1796 2283 1846 execu-

855 1902 955 1979 eioni
971 1900 1189 1980 demandari
1203 1900 1243 1976 in
1257 1897 1369 1976 bonis
1382 1896 1582 2004 predictis;
1598 1896 1721 1974 dictus
1735 1914 1862 1974 autem
1878 1897 2123 1976 Theobaldus
2137 1899 2177 1976 in
2193 1927 2284 1978 eon-

854 2032 1011 2109 trarium
1029 2031 1227 2138 proposuit
1246 2028 1375 2137 plures
1392 2028 1560 2107 raciones
1580 2044 1734 2135 propter
1752 2056 1847 2136 quas
1867 2027 2017 2106 dicebat
2036 2028 2180 2106 dictum
2197 2030 2280 2108 Ste-

855 2163 1024 2269 phanum
1038 2192 1152 2270 super
1170 2163 1243 2240 hoc
1257 2190 1334 2240 non
1354 2159 1496 2240 debere
1511 2159 1655 2250 audin,
1677 2159 1800 2237 dictus
1814 2188 1903 2238 vero
1916 2160 2146 2268 prepositus,
2167 2189 2280 2266 super

856 2292 928 2368 hoc
947 2291 1085 2369 auditis
1100 2291 1286 2398 partibus,
1306 2287 1567 2396 pronunciavit
1587 2287 1704 2368 dictas
1719 2287 1863 2366 litteras
1883 2287 2096 2366 execueioni
2111 2286 2190 2366 lore
2211 2289 2278 2366 de-

854 2421 1084 2500 mandandas
1108 2421 1148 2497 in
1172 2421 1285 2499 bonis
1304 2420 1412 2498 firme
1432 2417 1620 2526 predicte,
1644 2447 1722 2498 non
1752 2418 1990 2497 obstantibus
2012 2417 2211 2526 propositis
2233 2439 2278 2496 ex

854 2570 959 2658 parte
976 2552 1067 2630 dicti
1080 2551 1282 2657 Stephani;
1296 2581 1316 2628 a
1331 2551 1439 2659 cujus
1447 2550 1634 2659 judicato,
1650 2567 1842 2656 tamquam
1854 2550 1947 2628 falso
1961 2567 2000 2628 ct
2013 2577 2140 2655 pravo,
2156 2549 2278 2627 dictus

856 2683 1070 2787 Stephanus
1083 2682 1131 2758 ad
1143 2699 1309 2760 nostram
1330 2681 1471 2758 cunam
1494 2679 1693 2788 appellavit
1714 2712 1723 2758 ε
1745 2679 1895 2759 Auditis
1915 2680 2030 2787 igitur
2044 2679 2152 2756 dictis
2165 2680 2278 2785 parti-

856 2810 929 2892 bus
949 2813 989 2888 in
1012 2841 1122 2891 causa
1140 2811 1407 2919 appellacionis
1425 2811 1609 2919 predicte,
1633 2829 1671 2889 et
1688 2811 1775 2892 visis
1794 2811 2032 2919 processibus
2051 2827 2089 2890 et
2100 2805 2278 2917 judicatis

855 2942 977 3032 dictis,
1004 2945 1295 3050 pronunciatum
1320 2943 1409 3034 fuit,
1435 2972 1503 3050 per
1528 2943 1631 3021 curia
1660 2959 1786 3022 nostre
1801 2943 2007 3053 judicium,
2033 2943 2176 3020 dictum
2195 2967 2279 3048 pre-

854 3076 1020 3179 positum
1039 3075 1138 3154 bene
1157 3076 1365 3185 judicasse,
1387 3093 1424 3152 et
1446 3074 1589 3152 dictum
1621 3075 1856 3180 Stephanum
1881 3075 1980 3154 male
2002 3072 2224 3182 appellasse,
2242 3079 2278 3150 et

854 3205 958 3310 quod
977 3206 1057 3311 ipse
1076 3205 1151 3282 boc
1170 3205 1395 3284 emendavit.

910 3334 1041 3413 Martis
1059 3353 1145 3440 post
1163 3334 1498 3413 Circumcisionem
1520 3337 1688 3414 Domini.

912 3462 1069 3540 Cuillier
1086 3465 1299 3571 reportavit.

909 3725 1052 3804 XXXV.
1082 3727 1182 3803 Mota
1202 3729 1452 3806 controversia
1472 3730 1570 3806 inter
1596 3729 1789 3805 Huardum
1817 3730 1971 3835 Hapart,
1994 3755 2037 3806 ex
2058 3753 2133 3806 una
2152 3743 2272 3834 parte,

854 3870 891 3930 et
914 3852 1099 3932 Guiotum
1128 3855 1321 3934 Robinum
1347 3874 1385 3935 et
1413 3859 1639 3945 Martinam,
1668 3857 1798 3936 fratres
1823 3875 1859 3935 et
1890 3859 2050 3936 heredes
2077 3857 2271 3944 Ysaballis,

853 3984 978 4063 uxoris
992 3986 1186 4093 quondam
1200 3987 1289 4064 dicti
1303 3989 1445 4066 Huardi
1462 3987 1655 4079 defuncte,
1676 4005 1714 4065 et
1731 4016 1816 4078 nos,
1835 4019 1878 4066 ex
1892 3990 2027 4078 altera,
2042 4017 2154 4096 super
2166 3988 2275 4067 honis

852 4113 1021 4194 recolatis
1039 4145 1107 4222 per
1125 4116 1270 4196 dictum
1288 4119 1485 4196 Huardum
1505 4147 1582 4196 non
1598 4118 1784 4198 contentis
1800 4119 1841 4200 in
1860 4120 2068 4199 inventario
2082 4120 2273 4203 honorum

853 4243 950 4322 dicte
972 4244 1167 4336 defuncte,
1190 4276 1266 4356 que
1292 4249 1393 4329 bona
1413 4248 1523 4328 nobis
1550 4266 1588 4328 et
1616 4249 1726 4328 dictis
1750 4247 1975 4342 heredibus,
2002 4267 2272 4356 parentatum

851 4390 978 4452 nostre
994 4376 1116 4466 curie,
1135 4375 1324 4457 debebant
1337 4379 1535 4488 applicari,
1554 4398 1592 4458 et
1606 4408 1719 4487 super
1732 4379 1960 4487 quibusdam
1976 4381 2153 4459 rescussis
2169 4379 2274 4458 factis

851 4530 919 4606 per
937 4504 1061 4608 ipsum
1082 4507 1299 4599 Huardum,
1325 4529 1370 4588 ut
1392 4508 1540 4600 dicitur,
1563 4528 1693 4590 contra
1713 4529 1845 4618 gentes
1863 4529 2008 4591 nostras
2027 4512 2200 4592 volantes
2214 4539 2273 4588 ca·

849 4660 941 4737 pere
953 4651 991 4710 et
999 4636 1161 4714 vendere
1174 4637 1276 4716 bona
1285 4667 1352 4717 sua
1363 4669 1433 4748 pro
1445 4643 1607 4721 emenda
1621 4659 1747 4720 nostra
1761 4643 1867 4720 mille
1882 4643 2065 4722 librarum
2074 4644 2271 4719 Turonen-

850 4761 965 4852 sium,
981 4764 1022 4841 in
1031 4794 1107 4872 qua
1116 4768 1276 4873 pecunie
1287 4797 1436 4850 summa
1447 4772 1570 4852 dictus
1584 4773 1759 4854 Huardus
1770 4771 1842 4852 luit
1854 4773 1964 4852 nobis
1975 4772 2272 4876 condempnatus

849 4919 917 4996 per
931 4911 1113 4974 arrestum
1129 4915 1257 4977 nostre
1275 4901 1397 4989 curie,
1414 4904 1564 4982 racione
1580 4904 1854 4982 combustionis
1870 4903 2064 5010 cujusdam
2079 4899 2216 5008 papiri,
2233 4917 2272 4978 et

849 5050 961 5128 super
976 5024 1149 5133 dampnis
1160 5059 1235 5136 que
1248 5030 1339 5110 dicti
1354 5033 1515 5112 heredes
1529 5035 1704 5114 dicebant
1718 5063 1758 5114 se
1773 5035 1991 5114 sustinuisse
2004 5033 2154 5112 racione
2170 5029 2269 5109 dicte

848 5154 1120 5238 combustionis
1134 5189 1142 5234 :
1156 5161 1343 5251 Tandem,
1358 5163 1531 5274 inquesta
1545 5195 1657 5273 super
1671 5168 1745 5246 boc
1760 5167 1808 5244 de
1823 5165 2000 5244 mandato
2015 5163 2118 5243 curia
2137 5179 2267 5240 nostre

846 5282 940 5362 facta
958 5287 1034 5366 visa
1053 5307 1092 5367 et
1110 5291 1310 5400 diligenter
1327 5297 1548 5388 examinata,
1569 5299 1656 5406 quia
1681 5298 1877 5376 inventum
1902 5313 1958 5374 est
1982 5296 2125 5374 dictum
2144 5293 2267 5370 Huar-

847 5413 940 5494 dum
956 5419 1067 5499 nobis
1083 5421 1235 5502 solvisse
1252 5424 1370 5504 dictas
1385 5425 1501 5536 mille*
1512 5426 1643 5516 libras,
1666 5457 1736 5508 nec
1755 5423 1885 5506 secisse
1901 5455 2015 5532 super
2029 5426 2102 5506 hoc
2121 5421 2265 5528 aliquas
