5817 7292
866 1138 935 1215 lM
1442 1139 1535 1213 LES
1565 1137 1705 1211 OLlM.

630 1298 759 1349 Prome
779 1292 822 1355 W·
916 1281 1119 1363 Dominioa
1139 1282 1225 1359 inte
1242 1282 1480 1360 ,Nativitatem
1497 1282 1667 1359 Domini.
1739 1338 1742 1344 .

643 1444 653 1461 ‘
698 1388 759 1430 lsot.

919 1549 996 1627 VII.
1027 1547 1241 1623 iudicatum
1271 1546 1311 1621 in
1337 1574 1445 1622 causa
1475 1543 1739 1651 appellacionis
1766 1569 1835 1649 per
1852 1545 1996 1622 curiam
2024 1545 2165 1622 factum
2193 1546 2291 1623 inter

863 1679 1043 1757 comitem
1061 1675 1357 1775 Donni-Martini
1381 1693 1420 1753 et
1433 1675 1638 1783 Rogerium
1658 1674 1707 1751 de
1726 1673 1955 1765 Nantuellet‚
1977 1674 2152 1763 militem.
2170 1692 2232 1753 est
2252 1676 2290 1750 in

863 1810 989 1888 rotulo
1010 1808 1126 1915 hujus
1145 1805 1379 1913 parlamenti.

917 2072 1007 2151 tffl.
1038 2072 1212 2177 Inquestn
1237 2068 1331 2145 facta
1359 2098 1473 2175 super
1499 2069 1858 2147 mercatofaciendo
1883 2068 2033 2147 invilla
2059 2069 2107 2145 de
2135 2070 2290 2147 Sancto·

859 2204 1056 2310 Genesyo,
1086 2200 1301 2279 senescallie
1331 2199 1598 2292 Belli-cadri,
1623 2200 1771 2278 inventa
1801 2200 1876 2278 fuit
1901 2201 2029 2279 minus
2058 2199 2289 2278 sufficienter

860 2334 971 2422 sarta,
995 2324 1033 2411 ei
1051 2332 1140 2412 ideo
1159 2332 1232 2409 fuit
1254 2332 1423 2410 totaliter
1446 2332 1628 2424 anullata3
1651 2349 1689 2412 et
1705 2332 1800 2410 facta
1819 2333 1893 2410 suit
1915 2334 2049 2411 iterato
2072 2332 2286 2409 commissio

862 2492 978 2573 super.
990 2465 1063 2542 hoc
1082 2492 1155 2572 per
1168 2464 1311 2541 curiam
1330 2464 1402 2541 sub
1423 2480 1521 2540 certa
1536 2463 1668 2543 forma.

917 2597 1123 2704 Jovispost
1142 2597 1291 2674 octabas
1310 2596 1532 2702 Epiphanie.

918 2726 1083 2805 Cortona
1102 2727 1314 2835 reportavit.

918 2994 977 3069 IX.
997 2992 1094 3081 ¹Visa
1114 2992 1286 3099 inquesta
1306 3019 1375 3097 pro
1390 2992 1561 3070 Johanne
1579 2993 1767 3084 Daiberti,
1789 2993 1932 3083 milite,
1954 2992 2048 3069 sacta
2067 3021 2181 3099 super
2195 3021 2289 3068 mer·

864 3140 942 3201 cato
957 3140 994 3199 et
1007 3121 1285 3199 nundinisville
1299 3122 1346 3199 de
1360 3123 1512 3212 Bochis‚
1527 3122 1678 3200 ballivie
1689 3124 1881 3213 Arvorum,
1897 3124 2088 3200 inventum
2101 3122 2173 3199 fuit
2185 3123 2291 3229 quod

765 3240 768 3245 ¹
864 3254 1094 3333 sufficienter
1113 3283 1192 3330 non
1213 3272 1292 3331 erat
1310 3252 1425 3345 facta,
1449 3270 1488 3328 et
1510 3254 1599 3331 ideo
1621 3255 1762 3332 dictum
1788 3255 1860 3331 fuit
1880 3256 1986 3361 qnod
2005 3282 2081 3331 non
2101 3255 2289 3360 judicare-

863 3406 941 3476 tur,
964 3385 1052 3472 sed,
1075 3384 1106 3463 si
1126 3385 1249 3461 veniat
1267 3384 1315 3461 ad
1335 3384 1478 3461 curiam
1498 3384 1568 3462 iste
1588 3384 1719 3473 miles,
1743 3386 1922 3462 audietur
1939 3386 2021 3491 ejus
2039 3402 2227 3491 requesta.

919 3517 1018 3595 Jovis
1038 3534 1124 3623 post
1141 3516 1289 3595 octabas
1308 3515 1529 3624 Epiphanie.

920 3650 1028 3727 Divio
1049 3648 1260 3755 reportavit.
1344 3700 1348 3710 ·

919 3917 964 3990 X.
990 3915 1185 4020 ·Inques'ta‚·
1208 3910 1256 3989 ad
1276 3912 1493 3991 instanciam
1517 3912 1663 3991 abbatis
1681 3928 1719 3989 et
1744 3930 1948 3991 conventus
1968 3912 2016 3987 de
2039 3911 2202 4001 Sordua‚
2227 3943 2290 3989 su·

864 4072 932 4153 per
950 4045 1118 4153 quodam
1147 4043 1312 4151 pariegio
1342 4063 1380 4122 et
1404 4045 1631 4150 quibusdam
1657 4043 1804 4150 injuriis
1829 4060 1869 4121 et
1891 4043 2068 4149 dampnis
2085 4041 2196 4127 sacta,
2216 4044 2289 4120 vir-

862 4176 1242 4254 tuto-sommissionis
1260 4176 1354 4253 facte
1375 4204 1489 4283 super
1507 4176 1581 4253 hoo
1600 4176 1675 4252 suh
1693 4193 1792 4253 certa
1815 4174 1937 4254 forma
1956 4175 2200 4281 gubernatori
2219 4177 2290 4251 Na·

863 4336 965 4382 rarae
992 4325 1030 4383 et
1056 4307 1262 4385 senescallo
1281 4307 1522 4399 Tholosano,
1547 4325 1701 4415 propter
1720 4307 1888 4406 defectus
1913 4308 1954 4384 in
1983 4336 2026 4384 ea
2044 4324 2230 4413 repertos,
2254 4304 2312 4382 et'

854 4435 952 4540 quia
975 4438 1221 4515 ‘commissarii
1247 4438 1410 4515 formam
1437 4440 1712 4517 commissionis
1737 4469 1815 4518 non
1841 4456 2096 4523 servaverunt,
2128 4438 2200 4515 fuit
2224 4466 2291 4541 per

865 4565 1005 4642 our-iarn
1033 4567 1199 4645 totaliter
1226 4568 1405 4660 molleta,
1428 4585 1466 4646 et
1485 4570 1619 4648 iterato
1639 4573 1898 4649 committetur
1918 4572 2072 4648 eisdem.
2100 4571 2209 4643 Facta
2234 4586 2290 4643 est

865 4695 997 4772 iterato
1019 4698 1233 4774 commissio
1250 4698 1457 4805 superhoc
1476 4700 1525 4776 ad
1545 4703 1710 4780 eosdem.

881 4868 885 4878 ·
920 4829 1026 4903 Luna
1047 4844 1131 4933 post
1151 4827 1299 4905 octabas
1317 4828 1538 4934 Epiphanio

874 5001 877 5013 ·
921 4959 1078 5037 Sanctus
1097 4959 1262 5037 Obertus
1281 4961 1492 5066 reportavit.

871 5281 874 5293 .
920 5224 979 5302 XI.
1011 5223 1296 5329 loquestaiacta
1317 5252 1431 5330 super
1450 5226 1631 5332 pluribus
1648 5222 1894 5329 attemphtim
1924 5220 2192 5312 indicebatur,
2222 5251 2291 5329 per

866 5374 996 5462 gentes
1005 5354 1512 5447 comtissetindocinensis,
1528 5375 1655 5438 eontra
1664 5356 1845 5433 ‚abbatem
1860 5371 1898 5431 et
1910 5370 2135 5431 conventum
2147 5354 2291 5433 Vindo-

868 5486 1050 5575 cinenses,
1072 5505 1157 5593 post
1181 5485 1477 5593 appellationem
1503 5488 1550 5563 ab
1576 5488 1629 5564 eis
1653 5485 1911 5589 interpositam
1931 5487 1980 5563 ad
1999 5484 2198 5564 dominum
2217 5490 2291 5566 tte-
