5817 7292
875 1045 948 1123 tls
1073 1031 1079 1045 '
1448 1046 1541 1119 css
1570 1043 1712 1119 omn.

649 1203 777 1256 snum
790 1198 833 1262 tv,
868 1189 1088 1298 justicisndi
1107 1204 1144 1267 et
1160 1187 1359 1265 exercendi
1376 1186 1638 1266 omnimodam
1653 1184 1765 1263 sltem
1776 1185 1967 1293 justiciam
1980 1190 2022 1267 in
2035 1191 2181 1274 vilindo
2196 1198 2297 1294 Men·

709 1292 771 1335 ¹³⁰²
875 1338 1046 1430 geconrt,
1072 1318 1110 1397 in
1132 1320 1322 1399 territorio
1347 1320 1445 1397 dicte
1467 1318 1573 1408 silio,
1594 1334 1636 1395 et
1657 1317 1697 1394 in
1717 1318 1955 1424 appendiciis
1979 1320 2168 1428 ejusdcm,
2193 1328 2295 1427 dicto

876 1454 996 1530 milite
1018 1452 1056 1528 in
1076 1451 1302 1529 contrnrirnn
1313 1467 1506 1529 'asserente
1525 1449 1702 1527 suisium
1721 1448 1819 1525 dicto
1834 1448 1908 1527 alte
1920 1449 2073 1557 justicie
2091 1455 2139 1532 sd
2157 1485 2295 1564 seper-

877 1585 1012 1673 tinere,
1038 1601 1079 1660 et
1095 1608 1209 1689 super
1234 1582 1306 1659 hoc
1330 1581 1452 1659 dictus
1475 1579 1651 1668 ballivus,
1670 1578 1723 1655 de
1746 1604 1933 1659 consensu
1950 1583 2137 1689 porcium,
2156 1586 2295 1695 inquiri

875 1716 1021 1794 fecisset
1039 1713 1252 1791 veritatem:
1272 1712 1446 1817 Inqnests
1458 1710 1575 1819 igitur
1591 1709 1811 1816 superbos,
1830 1710 1998 1816 panibus
2012 1717 2168 1805 vocatis,
2186 1717 2294 1808 facts,

875 1863 928 1935 ct,
950 1844 1184 1923 demandato
1197 1859 1347 1931 nostro,
1362 1841 1411 1920 sd
1424 1842 1745 1919 cumomnostmm
1755 1857 1991 1948 asportntncc
2003 1845 2207 1952 diligenter
2219 1849 2295 1925 ins-

875 1993 999 2083 pecta,
1016 2002 1084 2082 per
1099 1975 1202 2053 curie
1221 1990 1347 2053 nostre
1363 1971 1550 2081 judicium
1570 1971 1716 2050 dictum
1735 1970 1809 2050 fuit
1822 1974 1999 2054 saisinam
2015 1975 2112 2065 dicte
2130 1977 2205 2057 alte
2214 1979 2296 2087 jus·

874 2107 961 2184 tioie
979 2106 1027 2184 sd
1047 2130 1117 2186 nos
1132 2125 1260 2199 ernon
1272 2105 1323 2183 ed
1343 2105 1488 2182 dictum
1505 2101 1669 2181 militem
1688 2104 1896 2210 pertinere,
1914 2134 1958 2183 nc
1973 2108 2083 2185 nobis
2100 2135 2294 2187 remanere

877 2236 1033 2331 debere,
1056 2239 1151 2316 selva
1171 2264 1284 2345 snper
1299 2239 1376 2315 1hoc
1395 2236 1495 2315 dicto
1515 2234 1627 2312 militi
1647 2237 1847 2342 questione
1865 2238 2112 2352 proprietatis.

931 2370 1029 2447 Jovis
1049 2370 1227 2477 predicta.

933 2502 983 2578 M.
999 2502 1044 2576 tt.
1067 2501 1114 2580 dc
1135 2497 1403 2577 Sancto-Paulo
1423 2498 1637 2603 reportavit.

932 2763 1040 2838 XXX.
1071 2762 1168 2839 ‘Cum
1187 2756 1325 2837 ballivo
1349 2786 1471 2867 nuper
1491 2760 1795 2851 viromandensi,
1821 2761 1892 2840 snb
1914 2779 2015 2840 cem
2039 2760 2177 2853 forma,
2201 2764 2294 2843 hot·

876 2891 1006 2969 suisset
1024 2918 1093 2997 per
1115 2886 1259 2968 iitteres
1283 2908 1428 2969 nostres
1448 2892 1667 2979 commissio
1689 2920 1803 2999 snper
1819 2892 1962 2973 debnto
1977 2892 2024 2969 in
2046 2894 2151 2971 curin
2169 2911 2294 2974 noem

875 3023 1066 3127 pendente
1079 3022 1177 3099 inter
1192 3022 1392 3130 majorem,
1404 3023 1552 3130 juratos
1563 3041 1603 3101 et
1614 3024 1871 3101 communiam
1883 3023 1970 3102 ville
1984 3014 2032 3103 de
2046 3024 2238 3115 Condito,
2252 3052 2294 3103 ex

876 3170 979 3257 parte
1000 3178 1092 3242 una,
1115 3169 1153 3229 et
1171 3153 1419 3239 condominns
1434 3152 1521 3232 vilic
1542 3154 1590 3231 de
1604 3153 1705 3245 Seri,
1720 3182 1765 3232 ex
1776 3154 1908 3245 alters,
1930 3183 2045 3261 super
2062 3155 2195 3233 saisina
2212 3181 2296 3258 pns-

875 3284 1010 3389 turngii
1031 3282 1226 3391 cujusdam
1244 3284 1388 3379 marisci
1400 3348 1408 3375 ‚
1420 3302 1464 3362 ret
1482 3284 1711 3392 quibusdam
1729 3286 1813 3362 eliis
1831 3285 1998 3363 micnlis
2013 3285 2057 3361 in
2075 3285 2174 3362 dion
2190 3307 2293 3361 oom-

877 3412 1054 3487 missione
1077 3413 1279 3501 contentis,
1299 3413 1470 3503 tetidem,
1493 3415 1667 3521 inquesta
1690 3438 1805 3521 snper
1823 3415 1895 3491 hoc
1912 3413 2008 3491 facts
2024 3429 2066 3491 et
2084 3413 2132 3491 nd
2151 3414 2292 3491 csninm

874 3558 1039 3619 nostram
1050 3570 1118 3649 pro
1128 3542 1335 3651 judicando
1342 3562 1543 3650 reportata,
1556 3545 1743 3622 diotomrm
1751 3544 1915 3651 majoris,
1922 3545 2135 3651 juratomm
2148 3559 2186 3621 et
2197 3570 2294 3621 com·

875 3673 1005 3750 munis
1019 3690 1238 3779 proometor
1246 3675 1431 3753 instanter
1442 3676 1556 3782 peciit
1570 3676 1705 3753 dictam
1722 3672 2291 3782 inquestamviderictjudioni,

876 3801 1083 3881 Guillelmo
1102 3804 1149 3881 de
1164 3803 1305 3897 cruce,
1323 3806 1480 3885 domino
1498 3832 1568 3913 pro
1587 3824 1709 3914 perte,
1730 3823 1775 3883 ut
1794 3805 1942 3893 dmm,
1956 3804 2055 3883 dicte
2072 3804 2177 3895 vilio,
2195 3832 2234 3883 se
2254 3805 2295 3881 in

877 3934 1095 4040 hujusmodi
1122 3953 1334 4044 opponente
1360 3953 1398 4014 et
1421 3935 1551 4043 plnres
1576 3936 1744 4016 defectus
1765 3953 1897 4014 conus
1913 3936 2057 4036 ¹dictam
2083 3936 2293 4041 inquestnm

872 4081 1128 4169 proponente,
1146 4082 1185 4144 et
1200 4068 1359 4145 maxime
1375 4066 1466 4174 quia
1485 4068 1606 4146 dictus
1620 4067 1798 4157 ballivus,
1813 4066 1873 4145 cui
1886 4094 2001 4175 snper
2014 4066 2088 4145 hoc
2100 4065 2197 4144 facta
2209 4064 2294 4143 sue·

873 4210 931 4271 ret
950 4196 1180 4287 commissio,
1198 4198 1354 4277 eandem
1375 4224 1453 4278 non
1469 4198 1625 4289 fecerat,
1639 4200 1707 4279 sed
1723 4197 1963 4277 commiserat
1975 4196 2048 4295 nlio
2063 4195 2289 4284 faciendam,

876 4326 995 4432 qnod,
1015 4322 1224 4407 secundum
1239 4329 1814 4437 iormamcornmissionis-super
1828 4329 1902 4407 hoc
1913 4326 1987 4407 sibi
2000 4325 2114 4416 ficte,
2130 4353 2209 4405 ron
2228 4353 2293 4431 po·

874 4457 948 4533 tuit
962 4455 1098 4549 facere,
1115 4476 1158 4536 ut
1176 4458 1337 4553 dicebat;
1360 4462 1500 4568 quibus
1517 4460 1672 4549 auditis,
1689 4458 1857 4566 precepit
1876 4458 1980 4535 cunia
1993 4456 2104 4565 qnod
2120 4455 2220 4536 dicte
2233 4456 2294 4533 in-

875 4604 1005 4695 questa
1018 4588 1219 4683 videretur,
1243 4590 1292 4668 sd
1311 4592 1510 4670 sciendum
1524 4620 1593 4699 per
1611 4618 1694 4669 enm
1715 4616 1829 4695 super
1849 4588 1959 4667 dictis
1978 4586 2187 4669 defectibus
2204 4613 2291 4691 pro-

766 4732 768 4739 '
872 4718 1005 4821 positis
1022 4720 1215 4798 veritatem
1228 4752 1236 4795 :
1250 4721 1336 4800 Visa
1355 4722 1471 4829 igitur
1483 4721 1581 4799 diota
1600 4722 1774 4828 inquesta
1788 4718 1837 4796 nd
1846 4716 1968 4797 finem
1981 4717 2207 4826 predictum,
2223 4743 2292 4820 per

873 4848 974 4925 curie
995 4866 1120 4927 nostre
1137 4850 1328 4958 judicium
1351 4851 1495 4930 dictum
1518 4850 1592 4929 tuit
1611 4848 1718 4958 quod
1736 4846 1835 4925 dicta
1854 4847 2043 4955 inquesta,
2059 4862 2213 4953 propter
2227 4841 2293 4920 de-

872 4976 991 5057 sectus
1011 4978 1051 5055 in
1070 5006 1114 5057 ea
1131 4996 1321 5087 repertos,
1342 4978 1598 5073 reficietur,ct
1614 4979 1683 5060 fiet
1700 4977 1835 5057 iternto
1853 5006 1966 5084 snper
1985 4978 2057 5056 hoc
2076 4973 2291 5055 commissio

872 5110 1081 5186 secundnm
1101 5110 1267 5216 priorem
1286 5129 1473 5190 tenorem.

929 5238 1028 5316 Jovis
1046 5240 1225 5346 predicta.

926 5367 1146 5474 Pssqnerius
1164 5370 1377 5477 reportavit.
