5817 7292
1057 1081 1330 1188 moulins
1354 1095 1419 1166 nr
1446 1079 1650 1169 rnocns

702 1265 858 1344 Veneris
877 1279 962 1368 post
979 1260 1209 1339 Brandcnes.

702 1399 802 1506 Roya
822 1392 1034 1501 reportavit.

702 1660 827 1737 XLIX.
857 1659 955 1738 Cum
982 1659 1114 1733 Petrus
1134 1654 1332 1762 Stephani,
1354 1653 1641 1762 conquerendo,
1663 1653 1928 1732 denunciasset
1947 1681 2072 1734 senes-

646 1789 741 1867 callo
753 1788 1037 1869 Carcassonensi
1049 1787 1154 1893 quod
1166 1786 1329 1864 Peneius
1341 1783 1495 1862 Benneti
1506 1845 1514 1874 ,
1527 1785 1684 1862 vicarius
1698 1784 1917 1891 temporalis
1930 1783 2073 1863 abbatis

648 1939 686 1996 et
706 1937 912 1998 conventus
932 1919 980 1995 de
992 1916 1145 2005 illecto,
1167 1918 1300 1997 Petrus
1319 1915 1367 1994 de
1387 1915 1591 2006 Carionna,
1609 1916 1795 1994 Seccrdus
1811 1915 1858 1993 de
1878 1916 2070 2007 Pomario,

645 2048 876 2128 Guillelmus
897 2047 1094 2134 Vasconis,
1118 2064 1157 2126 st
1177 2047 1367 2125 lohannes
1389 2047 1439 2123 de
1465 2047 1674 2154 Spongeto,
1698 2045 1874 2153 pluribus
1894 2047 1975 2123 aliis
2000 2047 2071 2126 sibi

647 2181 878 2272 coadunatis,
888 2195 1030 2256 minata
1047 2207 1179 2266 manu,
1191 2177 1320 2254 hostili
1335 2204 1454 2269 more,
1466 2194 1594 2254 contra
1604 2177 1705 2285 pacis
1719 2177 1879 2264 sormam
1895 2195 1934 2256 et
1948 2195 2072 2257 nostra

647 2327 800 2400 statuta,
822 2312 871 2388 de
891 2327 1002 2388 nocte
1018 2309 1214 2387 venientes
1232 2309 1279 2387 ad
1298 2305 1504 2416 quamdam
1525 2306 1685 2387 domum
1705 2310 1746 2385 in
1764 2338 1838 2417 qua
1858 2326 1936 2386 erat
1950 2309 2074 2387 dictus

646 2443 780 2518 Petrus
798 2441 995 2548 Stephani,
1022 2439 1230 2550 frangendo
1249 2457 1377 2548 portas
1396 2440 1514 2546 ipsius
1536 2440 1675 2518 domus
1695 2425 1781 2517 cum
1803 2441 2014 2528 securibus,
2037 2460 2074 2520 et

647 2573 896 2678 prolriciendo
911 2571 1072 2677 lapides,
1087 2571 1274 2648 insultum
1289 2570 1433 2650 ibidem
1450 2569 1638 2658 fecerunt,
1654 2587 1692 2648 et
1706 2571 1779 2647 hiis
1794 2597 1873 2646 non
1889 2573 2072 2662 contenti,

649 2703 736 2810 igne
755 2731 823 2809 per
843 2729 909 2781 cos
929 2703 969 2777 in
985 2701 1088 2778 dicta
1105 2703 1221 2778 domo
1238 2700 1415 2788 inmisso,
1430 2717 1548 2776 totam
1569 2681 1728 2776 deinum
1745 2699 1969 2806 predictam,
1987 2729 2073 2782 cum

650 2834 765 2910 rebus
775 2831 829 2908 ibi
840 2831 1106 2918 existentibus,
1123 2833 1211 2939 igne
1221 2843 1555 2936 consumpserunt,
1568 2830 1731 2936 exceptis
1741 2831 1910 2937 personis
1923 2859 1999 2937 que
2008 2860 2076 2939 per

648 2963 739 3073 luge
751 2941 965 3040 remedium
977 2977 1192 3051 evaserunt3
1204 2979 1319 3066 super·
1331 2959 1489 3066 quibus,
1505 2959 1552 3036 de
1568 2959 1744 3036 mandato
1754 2949 1849 3036 ¹dicti
1865 2962 2073 3053 senescalli,

649 3094 828 3200 inquisita
840 3092 1013 3184 veritate,
1029 3091 1308 3170 commissarius
1320 3119 1342 3166 a
1355 3090 1457 3168 dicto
1469 3089 1674 3168 senescallo
1687 3119 1802 3197 super
1814 3091 1887 3169 hoc
1902 3092 2027 3184 datus,
2039 3111 2076 3170 et

651 3224 792 3302 habens
809 3252 923 3332 super
940 3223 1013 3300 hoc
1026 3239 1249 3328 potestatem
1266 3222 1313 3298 ab
1333 3221 1470 3299 ecdem
1492 3221 1712 3313 senescallo,
1728 3249 1796 3328 per
1809 3249 1915 3299 suam
1932 3241 2077 3302 senten·

651 3355 745 3431 ciam
766 3354 1058 3461 condempnavit
1075 3353 1221 3431 dictum
1244 3353 1428 3429 Poncium
1448 3351 1488 3427 in
1503 3355 1711 3458 octogentis
1729 3350 1835 3430 libris
1847 3353 2079 3431 Turonensi-

651 3487 739 3576 bus,
755 3502 793 3562 et
806 3485 949 3562 dictum
961 3486 1115 3561 Petrum
1136 3483 1184 3561 de
1202 3482 1387 3561 Carionna
1404 3483 1444 3559 in
1462 3483 1641 3559 trecentis
1656 3481 2074 3574 librisTuronensibus,

652 3615 796 3693 dictum
814 3614 1019 3694 Secardum
1038 3615 1086 3691 de
1104 3615 1277 3692 Pomaric
1295 3616 1335 3690 in
1355 3613 1530 3692 ducentis
1549 3612 1656 3691 libris
1672 3613 1977 3702 Turonensibus}
2000 3615 2078 3694 dic·

650 3765 733 3822 tum
752 3745 1004 3824 Guillelmum
1023 3746 1201 3824 Vasconis
1225 3746 1264 3822 in
1283 3746 1459 3823 ducentis
1479 3743 1588 3822 libris
1606 3745 1911 3834 Turonensibus,
1934 3763 1972 3822 ct
1994 3776 2079 3852 pre·

654 3876 797 3952 dictum
818 3876 1026 3952 iohannem
1047 3875 1097 3953 de
1117 3877 1311 3986 Spongeto
1330 3875 1371 3951 in
1392 3891 1544 3952 centum
1564 3874 1670 3952 libris
1684 3872 1987 3964 Turonensibns,
2005 3877 2079 3954 sol-

619 4074 626 4088 ,
653 4004 784 4083 vendis
802 4005 959 4084 domino
975 4007 1069 4114 Regi
1084 4007 1348 4114 promenda,
1366 4005 1626 4112 cognicicnens
1643 4021 1681 4082 et
1695 4003 1936 4112 punicionem
1952 4023 2079 4084 contra

654 4137 865 4243 predictum
878 4137 1107 4216 vicariumet
1119 4137 1402 4218 contradictum
1419 4135 1773 4225 abbatem,racione
1786 4166 1852 4215 sne
1862 4139 2079 4244 temporalis

648 4267 939 4374 jurisdictionis,
961 4285 999 4345 ct
1012 4269 1272 4377 cognicionem
1290 4285 1330 4346 et
1346 4268 1579 4346 taracicnem
1595 4267 1749 4376 darnpni
1763 4269 1840 4350 dati
1852 4285 2007 4376 propter
2022 4268 2079 4346 in-

654 4398 834 4476 cendium
845 4398 1078 4505 predictum,
1091 4400 1248 4479 domino
1258 4401 1349 4508 Regi
1362 4399 1605 4489 reservando,
1620 4427 1724 4506 aque
1733 4397 2079 4506 condempnacione

647 4555 724 4636 -per
746 4530 846 4636 ipsos
868 4528 1164 4635 condempnatos
1180 4529 1228 4608 ad
1241 4530 1455 4638 predictum
1476 4529 1724 4608 senescallum
1740 4527 2077 4640 iuitappellntum,

648 4678 695 4738 ct
713 4661 893 4769 inquisito
912 4651 1043 4768 postea
1066 4662 1115 4740 de
1133 4662 1235 4742 dicta
1254 4662 1522 4770 appellacionis
1538 4689 1650 4739 causa
1668 4689 1737 4770 pes
1754 4661 1959 4770 quemdam
1979 4689 2082 4739 com·

656 4793 869 4871 missarium
889 4821 1004 4900 snper
1023 4794 1097 4872 lroc
1124 4794 1348 4902 deputatum
1374 4823 1443 4901 per
1461 4794 1694 4901 prepositum
1722 4811 1813 4872 tunc
1834 4793 1883 4872 de
1902 4793 2081 4871 Anvemio

657 4941 695 5001 et
714 4941 906 5002 cantorem
925 4923 1251 5013 Aurelianensem,
1273 4924 1321 5008 ad
1339 4943 1463 5032 partes
1482 4924 1565 5002 illes
1585 4923 1782 5004 adomim
1801 4927 1902 5034 Rege
1923 4924 2085 5003 destina-

656 5071 732 5143 tos,
751 5055 865 5132 dictis
882 5056 1038 5147 Poncio,
1060 5055 1270 5135 Gn'illelmo
1282 5055 1466 5134 'Vmconis
1486 5073 1523 5133 et
1538 5055 1710 5134 iohanne
1727 5055 1775 5134 de
1794 5057 1987 5166 Spongeto
2002 5072 2083 5132 tan-

657 5184 860 5264 tummodo
875 5185 1014 5264 dictam
1033 5215 1182 5264 casnm
1199 5185 1466 5294 appellacionis
1479 5185 1814 5296 prosequentibus,
1830 5215 1899 5294 per
1915 5185 2083 5265 eundem

657 5318 961 5396 commissarium
981 5317 1054 5396 luit
1067 5317 1236 5426 prfflicta
1253 5319 1375 5426 prima
1394 5303 1583 5398 sentencia
1603 5317 1841 5411 confirmem
1862 5347 1882 5394 a
1901 5347 1975 5424 qua
1994 5342 2084 5391 con-

660 5443 877 5527 firmacione
899 5449 1034 5527 iterato
1059 5450 1108 5529 ad
1132 5466 1298 5530 nostram
1323 5450 1467 5529 curiam
1481 5447 1563 5528 -suit
1581 5450 1831 5559 appellatum:
1852 5448 1950 5527 Visis
1969 5445 2084 5551 igitur

1906 5601 1958 5688 39.
