5817 7292
1059 1158 1330 1267 avoutrss
1355 1178 1419 1251 ar
1446 1160 1654 1252 raocrs
1997 1184 2067 1257 roa

644 1317 698 1401 ibi
714 1316 808 1395 lacta
821 1343 890 1423 per
903 1314 1123 1424 magistrum
1139 1334 1179 1397 et
1190 1315 1321 1397 fratres
1337 1317 1474 1397 domus
1487 1318 1638 1424 Templi
1653 1316 1837 1424 predicte,
1854 1320 1902 1397 ad
1914 1349 2068 1403 manum
2107 1336 2238 1394 risum
2249 1337 2294 1403 tv,

645 1466 828 1537 nostram,
853 1464 1031 1556 tanquam
1058 1448 1277 1555 superioris,
1303 1450 1423 1556 posita
1448 1448 1597 1538 luisset,
1626 1466 1665 1527 et
1691 1448 1739 1529 de
1766 1478 1812 1530 ea
1834 1452 2011 1557 magistro
2031 1474 2070 1533 et
2168 1430 2232 1475 Μ’

644 1580 819 1658 fratribus
838 1579 937 1657 dicte
956 1580 1190 1661 Domus-Dei
1208 1610 1278 1689 per
1297 1582 1458 1661 eandem
1471 1609 1627 1660 manum
1648 1598 1814 1659 nostram
1832 1582 2070 1665 recredencia

644 1710 737 1789 lacta
767 1710 923 1789 luisset:
946 1709 1134 1803 Tandem,
1152 1712 1291 1791 auditis
1312 1712 1483 1820 parcium
1500 1714 1755 1821 predictarum
1775 1713 2006 1804 racionihus,
2033 1732 2072 1793 et
2146 1750 2157 1771 ⁶

644 1842 719 1919 visa
739 1843 912 1949 inquesta
929 1868 1043 1947 super
1062 1842 1151 1934 hoc,
1173 1842 1221 1921 de
1241 1844 1417 1924 mandato
1437 1860 1584 1937 nostro,
1606 1842 1717 1937 lacta,
1738 1870 1807 1950 per
1823 1845 1926 1921 curie
1944 1863 2070 1925 nostre

641 1972 828 2079 judicium
851 1971 1064 2078 adjudicata
1084 1972 1166 2050 fuit¹
1178 1972 1288 2053 dictis
1306 1976 1484 2081 magistro
1505 1992 1545 2055 et
1562 1974 1740 2055 iratribus
1753 1977 2001 2057 Domus-Dei
2021 1979 2070 2056 de
2157 2030 2163 2036 -

644 2102 800 2180 Belvaco
826 2102 961 2181 saisina
984 2102 1136 2211 justicie
1165 2105 1301 2183 domus
1331 2135 1464 2184 eorum
1495 2107 1664 2213 predicte
1691 2124 1730 2185 et
1755 2108 2071 2213 pertinenciarum

644 2232 831 2339 ejusdem,
854 2250 893 2310 et
910 2233 1079 2339 predicta
1092 2235 1223 2341 prisia,
1239 2264 1316 2343 que
1335 2237 1383 2314 ad
1398 2263 1553 2315 manum
1568 2254 1733 2315 nostram
1752 2239 1874 2344 posita
1892 2239 2014 2320 fuerat
2034 2257 2073 2319 et

642 2392 757 2470 quam
775 2363 957 2443 hactenus
975 2393 1045 2471 per
1065 2367 1342 2449 recredenciam
1362 2366 1572 2447 habuerant
1590 2369 1767 2476 magister
1785 2387 1824 2447 et
1843 2370 1976 2450 fratres
1992 2374 2070 2451 Do-

642 2495 814 2574 mus-Dei
831 2495 1016 2602 predicte,
1034 2496 1132 2575 dicta
1147 2526 1261 2577 manu
1277 2514 1403 2577 nostra
1422 2498 1511 2576 inde
1528 2516 1669 2589 amota,
1688 2499 1894 2581 deliberata
1913 2503 1985 2580 lirit
2002 2504 2073 2581 eis-

644 2625 733 2705 dem
755 2626 999 2734 adplenum,
1022 2628 1265 2707 salvatamen
1285 2630 1324 2707 in
1348 2629 1572 2736 hujusmodi
1596 2631 1793 2737 questione
1812 2633 2068 2741 proprietatis,

644 2758 820 2864 magistro
837 2776 878 2837 'et
901 2757 1079 2837 iratribus
1097 2760 1235 2838 domus
1257 2760 1407 2867 Templi
1426 2759 1606 2866 predicte.

700 2889 897 2967 Dominica
917 2906 1004 2995 post
1020 2889 1283 2969 Invencionem
1299 2891 1433 2969 Sancte
1449 2890 1592 2969 Crucis.

701 3020 825 3099 Monoi
845 3022 1057 3127 reportavit.

700 3284 791 3361 XIII.
823 3284 919 3363 Cum
937 3310 1008 3362 nos
1027 3284 1241 3371 Matheum,
1261 3283 1406 3363 dietum
1430 3284 1480 3361 de
1502 3283 1700 3391 Gysorcio,
1725 3284 1795 3363 diu
1818 3286 2072 3368 tenuissemus

645 3431 682 3493 et
703 3431 920 3493 teneremus
946 3414 1084 3491 carceri
1114 3413 1384 3521 mancipatum,
1414 3442 1485 3520 pro
1511 3442 1558 3495 eo
1586 3415 1691 3522 quod
1719 3415 1830 3494 nobis
1856 3416 2072 3505 intimatum

643 3545 767 3625 luerat
779 3546 885 3652 quod
900 3546 979 3652 ipse
992 3544 1198 3634 Bertaudo,
1214 3542 1296 3626 lilio
1316 3572 1401 3634 suo,
1419 3544 1545 3652 aliqua
1565 3543 1677 3624 verba
1692 3546 1850 3635 dixerat,
1869 3576 1914 3624 ex
1933 3547 2073 3654 quihus

644 3678 724 3784 ipse
748 3678 961 3757 Bertaudus
987 3678 1220 3768 Iohannem,
1244 3675 1386 3755 dictum
1416 3676 1464 3753 de
1484 3674 1710 3766 Meleduno,
1733 3678 2005 3773 vulneraverat,
2028 3706 2072 3755 ex

646 3835 722 3913 quo
746 3806 903 3885 vulnere
925 3808 1031 3885 idem
1043 3807 1234 3888 lohannes
1258 3805 1354 3885 inira
1375 3834 1516 3913 paucos
1535 3785 1617 3892 dies
1638 3808 1865 3897 decesserat,
1884 3826 1923 3886 et
1945 3809 2072 3914 ipsum

645 3937 874 4015 Rertaudum
898 3967 966 4045 per
985 3939 1096 4017 verba
1116 3967 1183 4016 sua
1203 3938 1428 4016 animaverat
1448 3955 1487 4015 et
1505 3938 1704 4018 induxerat
1729 3938 1778 4015 ad
1805 3938 1986 4017 delictum
2004 3938 2074 4016 hu·

641 4070 811 4177 jusmodi
829 4071 1147 4178 perpetrandum:
1167 4069 1338 4148 Tandem
1363 4096 1476 4176 super
1498 4068 1571 4148 hiis
1590 4070 1690 4147 etad
1708 4071 1779 4151 hec
1797 4069 2073 4175 pertinentibus

647 4201 785 4308 inquiri
818 4201 1019 4310 diligenter
1043 4200 1202 4279 fecimus
1224 4200 1438 4288 veritatem,
1465 4201 1654 4287 Iohanne,
1680 4215 1817 4288 matre,
1846 4199 2070 4286 Aubertino,

646 4332 780 4423 tratre,
798 4351 836 4412 et
854 4334 1066 4411 lohanncto
1086 4333 1135 4410 de
1154 4331 1362 4420 Pontisara,
1384 4329 1671 4437 consanguineis
1690 4330 1781 4409 dicti
1804 4329 1985 4421 lobannis
2005 4330 2074 4407 de·

647 4462 783 4555 hrorti,
801 4462 937 4543 vocatis
957 4476 995 4541 et
1014 4461 1250 4569 presentibus
1269 4444 1396 4539 coram
1414 4458 1701 4567 inquisitoribus
1722 4460 1911 4567 deputatis
1935 4460 1982 4537 ad
2000 4459 2074 4539 hoc

647 4595 817 4688 anobis,
840 4623 880 4672 ac
900 4592 1115 4673 dicentibus
1134 4608 1172 4669 et
1188 4590 1507 4699 respondentibus
1522 4591 1630 4699 quod
1647 4618 1762 4698 super
1781 4591 1879 4674 laeto
1901 4591 2072 4698 predicto

646 4726 767 4807 nichil
787 4726 1075 4809 contradictum
1090 4724 1284 4805 Matheum
1307 4752 1518 4833 proponere
1546 4724 1604 4801 vel
1631 4723 1764 4808 dicere,
1781 4722 1973 4813 volebant,
2003 4752 2074 4801 nec

648 4858 773 4965 ipsum
783 4884 898 4964 super
909 4858 983 4938 hoc
997 4872 1215 4964 suspectum
1235 4853 1440 4947 habehant3
1458 4854 1598 4933 vocatis
1610 4853 1736 4944 ,eciam
1747 4852 1977 4960 quibusdam
1991 4851 2073 4931 aliis

648 4990 777 5070 amicis
801 4991 891 5069 dicti
920 4989 1105 5082 defuncti,
1127 4988 1195 5096 qui
1215 5015 1293 5067 non
1316 5002 1629 5094 comparuerunt;
1655 4984 1748 5064 lacta
1773 4984 1888 5093 igitur
1908 5002 1949 5065 et
1970 4985 2073 5063 curie

645 5138 776 5199 nostre
793 5139 981 5230 reportata
998 5150 1040 5199 ac
1056 5118 1257 5229 diligenter
1265 5117 1342 5197 visa
1353 5118 1454 5195 dicta
1467 5093 1656 5239 inquesta,
1671 5116 1761 5223 quia
1770 5116 1875 5195 idem
1885 5114 2072 5204 Matheus,

648 5278 719 5331 neo
735 5280 804 5359 per
817 5254 937 5362 ipsam
951 5252 1165 5361 inquestam
1184 5278 1254 5332 nec
1268 5246 1374 5340 alias,
1391 5248 1558 5328 convinci
1577 5272 1691 5357 super
1704 5246 1778 5325 hiis
1790 5247 1931 5356 potuit,
1949 5246 2074 5352 ipsum

649 5411 763 5489 super
792 5385 933 5465 delicto
957 5365 1179 5493 hujusmodi
1208 5378 1482 5461 absolvendum
1505 5379 1703 5469 duximus,
1728 5406 1797 5486 per
1820 5378 1922 5457 curie
1947 5390 2073 5453 nostre

646 5511 852 5618 judicium,
879 5532 918 5595 et
938 5544 959 5593 a
989 5532 1118 5595 nostro
1139 5541 1285 5593 carcere
1307 5510 1565 5603 liberandum,
1582 5510 1715 5590 dantes
1733 5508 1925 5615 preposito
1944 5518 2072 5582 nostro

1917 5680 1967 5720 21.
