5817 7292
864 1120 939 1198 tat
1443 1121 1535 1192 LES
1565 1119 1706 1194 OLIM.

637 1279 768 1331 Pmurrs
780 1276 824 1337 tv,
865 1266 904 1341 in
918 1262 1111 1369 premissis
1124 1262 1271 1368 gravius
1286 1261 1505 1369 deliquisse,
1522 1262 1624 1340 curia
1638 1277 1763 1340 nostra
1779 1261 1825 1338 ad
1845 1261 2044 1340 emendam
2064 1264 2286 1372 condignam

699 1368 761 1411 ΜΒ.

769 1421 773 1426 ·
860 1393 1051 1502 procedet.

920 1525 1049 1607 Martis
1062 1541 1149 1628 post
1164 1524 1314 1602 octabas
1330 1524 1553 1604 Candelose.

919 1664 1020 1766 Roya
1035 1657 1249 1761 reportavit.

916 1791 1087 1895 Precepit
1099 1787 1200 1864 curia
1214 1787 1321 1892 quod
1336 1803 1466 1863 contra
1478 1786 1569 1862 istos
1585 1785 1798 1892 inquiratur
1813 1786 1861 1864 ad
1874 1785 1991 1864 finem
2002 1789 2283 1878 contribuendi,

862 1951 948 2000 cum
962 1922 1140 2028 predictis
1153 1918 1451 2024 condempnatis,
1466 1916 1505 1993 in
1517 1915 1676 1993 emenda
1685 1916 1870 2022 predicta,
1881 1917 1969 2024 quia
1979 1919 2283 2027 satisestmagna.

916 2186 1042 2262 XXXI.
1074 2184 1173 2263 Cum
1188 2208 1347 2289 persone
1361 2177 1607 2255 ecclesiastice
1623 2205 1772 2256 necnon
1788 2175 1936 2257 nobiles
1951 2196 1988 2256 et
2000 2179 2200 2284 populares
2213 2209 2285 2256 cas

860 2315 1014 2392 tellanie
1031 2313 1255 2392 Peronensis
1271 2339 1338 2387 sua
1356 2310 1466 2386 nobis
1481 2308 1751 2415 conquestione
1766 2324 2036 2388 monstrassent
2046 2309 2150 2415 quod
2164 2309 2284 2418 major

863 2464 901 2524 et
912 2447 1027 2554 jurati
1044 2446 1141 2524 dicte
1157 2443 1265 2529 ville,
1283 2442 1332 2519 de
1345 2439 1523 2518 omnibus
1534 2441 1756 2518 mercaturis
1771 2457 1810 2518 et
1820 2439 2042 2520 victualibus
2054 2442 2093 2517 in
2107 2441 2185 2547 ipsa
2196 2440 2285 2518 villa

862 2577 1036 2669 venditis,
1053 2575 1255 2682 quamdam
1282 2589 1488 2650 costumam
1508 2599 1584 2678 que
1608 2571 1748 2650 dicitur
1770 2572 1866 2650 mala
1874 2571 2006 2662 -tolta,
2028 2601 2096 2679 pro
2118 2571 2284 2650 relevan-

863 2709 940 2795 dis,
963 2724 1006 2785 ut
1025 2706 1256 2793 asserebant,
1280 2703 1418 2781 debitis
1439 2720 1477 2781 et
1495 2701 1675 2780 oneribus
1692 2702 1912 2793 dinteville,
1931 2703 2026 2809 exigi
2046 2700 2229 2780 iaciebant
2248 2718 2287 2780 et
2307 2795 2314 2810 Ι

862 2838 994 2929 levari,
1014 2836 1192 2944 quodque
1207 2834 1367 2913 ballivus
1382 2833 1709 2926 Viromandensis,
1726 2833 1844 2912 forma
1862 2833 2029 2912 mandati
2049 2833 2167 2911 nostri
2187 2832 2288 2911 litte-

863 2968 1000 3046 ratorie
1017 2995 1131 3074 super
1146 2966 1218 3043 hoc
1233 2964 1305 3042 sibi
1320 2964 1407 3042 facti
1423 2992 1501 3043 non
1517 2982 1658 3042 servata
1673 2993 1742 3043 nec
1759 2965 1897 3042 vocatis
1912 2991 2076 3071 quorum
2090 2965 2283 3051 intererat,

864 3099 1002 3176 dictam
1022 3115 1229 3176 costumam
1251 3097 1385 3202 majori
1405 3114 1444 3173 et
1460 3096 1594 3204 juratis
1613 3095 1792 3203 predictis
1812 3125 1931 3203 usque
1952 3095 1999 3174 ad
2019 3123 2153 3174 novem
2171 3123 2287 3174 annos

864 3230 1071 3336 improvide
1100 3244 1348 3319 concesserat,
1373 3227 1412 3303 in
1441 3227 1630 3304 dictorum
1658 3227 1978 3334 conquerentium
2005 3243 2043 3304 et
2068 3224 2284 3302 libertatum

864 3389 1016 3438 suarum
1035 3357 1289 3467 prejudicium
1307 3385 1385 3434 non
1399 3358 1593 3436 modicum
1610 3374 1647 3434 et
1660 3385 1873 3466 gravamen,
1892 3383 1979 3446 nos,
1998 3357 2046 3433 ad
2066 3354 2285 3432 instanciam

864 3491 1137 3596 predictorum,
1162 3489 1419 3567 mandavimus
1441 3518 1555 3596 super
1570 3490 1645 3566 hiis
1664 3489 1855 3566 veritatem
1877 3487 2015 3594 inquiri
2035 3487 2146 3566 :Visa
2169 3486 2286 3594 igitur

864 3622 1033 3728 inquesta
1054 3648 1167 3726 super
1181 3620 1254 3696 hoc
1271 3619 1383 3711 lacta,
1400 3637 1439 3697 et
1458 3621 1660 3728 propositis
1679 3648 1722 3696 ex
1744 3635 1848 3725 parte
1871 3617 2058 3695 dictorum
2079 3617 2231 3724 majoris
2248 3635 2286 3694 et

859 3753 1074 3859 juratorum
1084 3750 1283 3857 diligenter
1290 3749 1444 3838 auditis,
1458 3751 1559 3826 curia
1574 3766 1715 3841 nostra,
1728 3745 1992 3856 perjudicium
2005 3773 2133 3833 suum,
2149 3745 2285 3824 dictam

863 3881 1170 3958 malam-tultam
1191 3880 1401 3986 suspendit,
1424 3897 1463 3957 et
1486 3879 1577 3957 dixit
1594 3878 1701 3986 quod
1719 3880 1766 3956 ad
1784 3879 1921 3957 dictam
1941 3875 2066 3952 villam
2089 3875 2288 3953 mittentur

862 4013 973 4119 probi
990 4012 1180 4105 homines,
1197 4013 1262 4118 qui
1279 4013 1327 4090 de
1343 4029 1443 4091 statu
1461 4010 1558 4088 dicte
1573 4010 1661 4087 ville
1678 4026 1715 4086 et
1730 4011 1811 4119 ejus
1826 4007 2008 4086 oneribus
2026 4006 2218 4114 inquirent
2232 4007 2289 4084 di-

863 4143 1044 4248 ligencius
1068 4145 1282 4233 veritatem,
1305 4143 1443 4222 vocatis
1465 4142 1643 4250 predictis
1662 4140 1834 4248 personis
1856 4157 1895 4217 et
1916 4137 1997 4216 aliis
2016 4136 2229 4226 evocandis,
2251 4155 2287 4216 et

864 4274 1000 4352 dictam
1019 4276 1228 4382 inquestam
1248 4276 1351 4353 curie
1368 4293 1495 4354 nostre
1513 4275 1724 4360 remittent,
1745 4288 1790 4348 ut
1808 4271 2053 4349 consideratis
2072 4298 2146 4377 que
2166 4267 2287 4347 consi-

865 4405 1030 4480 deranda
1046 4404 1188 4483 luerint
1203 4407 1243 4482 in
1261 4406 1330 4482 hac
1345 4424 1466 4512 parte,
1485 4435 1571 4483 cum
1588 4403 1725 4482 minori
1741 4401 1984 4510 popularium
1999 4419 2037 4478 et
2053 4401 2216 4480 aliorum
2229 4399 2286 4476 in-

863 4535 1082 4625 commodo,
1102 4565 1170 4642 per
1185 4538 1326 4614 curiam
1341 4556 1507 4615 nostram
1521 4536 1625 4644 quod
1644 4532 1872 4612 racionabile
1888 4531 2003 4610 luerit
2019 4532 2227 4611 ordinetur.

919 4667 1047 4742 Martis
1059 4685 1144 4773 post
1162 4667 1310 4745 octabas
1329 4667 1550 4746 Candelose.

919 4799 1022 4903 Roya
1035 4799 1248 4904 reportavit.

919 5061 1062 5136 XXXll.
1093 5059 1252 5139 Gravem
1270 5061 1401 5138 decani
1420 5080 1459 5138 et
1477 5063 1628 5169 capituli
1647 5062 1871 5140 Peronensis
1887 5057 2057 5147 ecclesie,
2081 5058 2119 5133 in
2136 5054 2285 5163 speciali

862 5190 2155 5300 gardanostraexistentium,querimoniamaccepimus,continentem
2166 5185 2282 5294 quod,

864 5353 951 5401 cum
969 5353 1092 5430 nuper
1113 5322 1267 5430 quidam
1286 5323 1462 5402 hominos
1475 5326 1560 5404 ville
1580 5327 1627 5404 de
1643 5325 1774 5406 Athies
1788 5321 1833 5400 ad
1849 5321 2089 5430 refugiumet
2105 5315 2284 5394 immuni-

850 5460 977 5533 tatem
995 5456 1096 5534 dicte
1114 5456 1273 5533 ecclesie
1291 5455 1560 5565 confugissent,
1575 5455 1826 5545 Godefridus,
1842 5471 1933 5530 tunc
1947 5451 2160 5558 prepositus
2173 5447 2289 5524 Pem-
