5817 7292
921 1138 994 1207 702
1501 1130 1589 1202 LES
1619 1128 1757 1203 OLlM.

696 1291 825 1345 Puurru
837 1287 880 1351 Ν.
921 1276 1052 1353 datum
1071 1274 1240 1353 fueritin
1261 1272 1461 1350 novissime
1479 1270 1660 1376 preterito
1680 1268 1931 1376 pedamento,
1954 1269 2153 1349 continens
2170 1271 2267 1352 inter
2286 1305 2344 1354 ce·

757 1382 819 1424 ’Μ’
919 1426 998 1484 tera
1018 1406 1137 1512 quod,
1160 1434 1273 1511 super
1287 1402 1475 1509 peticione
1490 1400 1740 1508 quarumdam
1753 1398 2008 1477 hereditatum
2026 1416 2065 1477 et
2078 1418 2265 1481 certarum
2284 1435 2345 1514 pe-

920 1536 1027 1615 cunie
1053 1564 1285 1615 summarum
1309 1534 1407 1611 inter
1425 1534 1523 1640 ipsas
1547 1548 1672 1637 partes
1695 1546 1797 1608 mota
1823 1531 1865 1606 in
1884 1530 2045 1609 seculari
2068 1532 2172 1610 curia
2200 1535 2345 1614 abbatis

920 1687 959 1747 et
978 1684 1181 1747 conventus
1200 1663 1539 1753 Virziliacencium,
1557 1662 1604 1740 ad
1622 1662 1811 1742 dictorum
1825 1660 2092 1769 religiosorum
2119 1665 2264 1745 curiam
2283 1697 2346 1746 re·

919 1816 1109 1877 vertantur
1128 1814 1251 1903 partes
1266 1795 1446 1901 predicte,
1468 1812 1508 1871 et
1523 1793 1628 1901 quod
1640 1792 1768 1873 omnia
1779 1806 1997 1897 attemptata
2010 1810 2142 1871 contra
2153 1797 2345 1901 predictos

919 1933 1152 2017 Jobanncm,
1174 1926 1393 2005 Herminam
1414 1942 1452 2002 et
1470 1924 1631 2014 Bellam,
1652 1940 1739 2030 post
1765 1921 2218 2029 eorumappellacionem
2244 1928 2344 2006 etin

919 2061 1037 2166 ipsius
1065 2057 1316 2165 prejudicium
1343 2056 1391 2132 ad
1423 2072 1561 2133 statum
1591 2054 1764 2133 debitum
1795 2052 2044 2144 reducantur,
2071 2055 2343 2137 nichilominus

919 2193 1019 2270 dicta
1029 2190 1162 2271 relicta
1176 2188 1339 2267 litteram
1353 2188 1498 2266 domini
1515 2188 1642 2297 Regis,
1665 2186 1736 2265 sub
1750 2202 1852 2263 certa
1869 2183 1993 2263 forma
2008 2201 2046 2263 et
2064 2214 2178 2293 super
2191 2191 2343 2295 predic-

919 2324 966 2401 tis
986 2325 1025 2401 in
1050 2339 1190 2401 ernesto
1210 2320 1381 2427 predicto
1402 2319 1609 2407 contentis,
1632 2318 1738 2396 nulla
1756 2318 1805 2395 de
1829 2318 1929 2395 dicto
1948 2335 2087 2395 amesto
2110 2318 2204 2397 lacta
2230 2348 2341 2397 men-

920 2456 1043 2541 cione,
1061 2454 1110 2531 ad
1125 2451 1306 2531 ballivum
1326 2450 1584 2527 Senonensem
1598 2447 1830 2555 impetravit;
1848 2448 1955 2556 cujus
1971 2449 2107 2526 virtute
2128 2449 2248 2528 dictus
2260 2451 2344 2529 bal-

919 2586 1014 2663 livus
1039 2585 1092 2664 in¹
1106 2580 1324 2689 hujusmodi
1354 2581 1581 2687 procedens,
1611 2597 1752 2658 certam
1777 2579 1868 2658 lecit
1893 2607 1959 2657 seu
1990 2580 2112 2657 lacere
2136 2582 2339 2670 inchoavit,

920 2743 1034 2821 super
1047 2712 1162 2793 rebus
1175 2712 1354 2819 predictis
1368 2711 1634 2800 contencione,
1644 2712 1863 2817 inquestam
1879 2740 1946 2788 seu
1961 2710 2288 2801 informacionem,
2304 2731 2344 2791 et

920 2848 968 2924 ad
987 2845 1273 2952 procedendum
1293 2872 1406 2950 super
1439 2845 1510 2920 biis
1532 2845 1635 2921 diem
1655 2871 1723 2921 sue
1746 2842 1895 2921 ballivie
1912 2842 2137 2949 parlamenti
2161 2846 2344 2950 presentis

919 2997 997 3057 tam
1018 2978 1125 3056 dictis
1142 2976 1327 3083 religiosis
1346 3006 1461 3083 quam
1483 2976 1592 3053 dictis
1605 2974 1774 3081 partibus
1794 2975 2005 3083 assignavit3
2026 2975 2167 3082 quibus
2186 2976 2227 3052 in
2243 2978 2345 3055 curia

921 3127 1047 3189 nostra
1075 3107 1398 3215 comparentibus,
1420 3107 1615 3213 requisivit
1634 3105 1734 3199 dicta
1755 3105 1886 3184 relicta
1904 3105 2113 3212 predictam
2133 3108 2344 3215 inquestam

922 3270 989 3320 seu
1004 3240 1315 3321 informacionem
1325 3239 1443 3317 videri
1460 3255 1499 3315 et
1508 3238 1689 3345 judicari,
1711 3266 1754 3315 ex
1772 3237 1926 3315 adverso
1947 3239 2136 3317 dictorum
2151 3239 2346 3348 religioso·

920 3400 1006 3451 rum
1025 3373 1264 3475 procuratore
1284 3385 1520 3475 proponente
1538 3369 1643 3474 quod
1655 3368 1726 3474 ipsi
1740 3368 1890 3476 sempei
1904 3370 2019 3475 parati
2034 3388 2121 3448 sunt
2135 3388 2173 3447 et
2185 3370 2343 3447 lirenmt

922 3518 959 3577 et
977 3500 1120 3606 pluries
1140 3499 1361 3577 obtulerunt
1380 3528 1419 3575 se
1439 3516 1586 3603 paratos
1607 3498 1784 3577 exhibere
1805 3499 1906 3578 dicte
1924 3500 2068 3587 relicte,
2089 3528 2205 3605 super
2218 3500 2292 3579 hiis
2303 3518 2344 3579 et

922 3632 1003 3711 aliis
1032 3632 1080 3708 ad
1107 3658 1239 3707 eorum
1264 3630 1524 3738 cognitionem
1553 3629 1829 3735 spectantibus,
1856 3630 1987 3711 celeris
2004 3630 2153 3739 justicie
2176 3633 2342 3737 comple-

922 3778 1116 3851 mentum,
1144 3778 1181 3838 et
1203 3762 1385 3839 instanter
1408 3760 1691 3867 requirentibus
1718 3762 1818 3839 dicto
1843 3780 2085 3869 procuratore
2112 3779 2150 3839 et
2166 3762 2346 3868 predictis

923 3892 1023 3971 dicte
1044 3890 1174 3969 relicte
1194 3892 1410 3970 adversariis
1433 3892 1600 3991 totaliter
1622 3891 1782 3969 anullari
1802 3893 1987 4001 quioquid
2006 3891 2146 3970 factum
2174 3910 2245 3985 est,
2270 3894 2345 3970 vir-

922 4040 1003 4101 tute
1025 4024 1123 4101 dicte
1154 4024 1278 4102 littere
1310 4024 1514 4131 surreptice
1534 4025 1750 4131 impetrate,
1776 4024 1968 4132 dictasque
1987 4042 2112 4130 partes
2134 4024 2183 4102 ad
2202 4026 2342 4102 curiam

924 4155 1112 4233 dictorum
1128 4153 1403 4264 religiosorum,
1425 4158 1635 4235 secundum
1651 4154 1781 4233 arresti
1795 4156 1956 4263 predicti
1969 4172 2159 4246 tenorem,
2178 4157 2343 4235 remitti:

923 4282 1072 4364 Auditis
1094 4286 1209 4393 igitur
1232 4316 1345 4393 super
1365 4287 1438 4364 hiis
1458 4287 1567 4365 dictis
1593 4288 1777 4395 partibus,
1806 4318 1849 4365 ac
1872 4286 1963 4365 dicti
1986 4286 2113 4365 ballivi
2137 4286 2343 4378 relacione,

922 4414 1082 4523 visisque
1101 4416 1251 4509 litteris,
1273 4436 1414 4496 arresto
1436 4436 1473 4496 et
1502 4420 1741 4524 processibus
1769 4418 1980 4509 antedictis,
2001 4448 2072 4525 per
2092 4419 2197 4496 curie
2216 4436 2345 4497 nostre

916 4545 1120 4650 judicium,
1149 4549 1304 4626 remisse
1326 4549 1481 4626 luerunt
1505 4549 1604 4626 dicte
1625 4567 1763 4656 partes,
1790 4579 1903 4657 super
1921 4550 2101 4657 predictis
2130 4577 2259 4627 earum
2281 4578 2345 4655 pe·

919 4675 1136 4768 titionibus,
1163 4681 1211 4757 ad
1238 4680 1380 4757 curiam
1406 4681 1595 4760 dictorum
1625 4680 1906 4789 religiosorum,
1932 4680 2145 4759 secundum
2168 4696 2341 4759 tenorem

921 4808 1050 4884 arresti
1063 4809 1240 4914 predicti,
1259 4828 1296 4887 et
1314 4811 1484 4920 precepit
1505 4813 1608 4889 curia
1619 4812 1741 4919 quod,
1757 4830 1834 4889 tam
1851 4812 1973 4890 littere
1987 4828 2114 4890 nostre
2131 4839 2243 4917 quam
2256 4837 2342 4916 pro

921 4964 1045 5015 cessus
1065 4966 1194 5016 earum
1211 4942 1364 5031 virtute,
1387 4961 1472 5049 post
1492 4960 1530 5020 et
1549 4959 1676 5019 contra
1693 4959 1865 5020 tenorem
1886 4942 1978 5020 dicti
2000 4944 2131 5021 arresti
2149 4940 2276 5029 habiti,
2298 4940 2341 5016 in

920 5084 1046 5146 nostra
1060 5068 1160 5145 curia
1178 5090 1415 5149 remanerent
1433 5090 1475 5151 ut
1490 5073 1537 5151 de
1554 5072 1645 5179 ipsis
1665 5072 1763 5150 dicta
1782 5073 1910 5152 relicta
1934 5072 2127 5152 neminem
2147 5072 2192 5149 de
2211 5084 2341 5148 cetero

921 5198 1039 5302 possit
1052 5227 1217 5305 gravam
1234 5202 1326 5279 item
1336 5204 1505 5310 precepit
1515 5203 1654 5282 ballivo
1665 5204 1874 5283 Senonensi
1886 5205 1993 5312 quod
2007 5204 2048 5282 in
2060 5202 2345 5309 dictainquesta

920 5357 988 5407 seu
999 5328 1268 5413 informacione
1283 5332 1444 5411 ulterius
1459 5363 1537 5413 non
1551 5337 1747 5441 procedat,
1766 5353 1805 5414 et
1819 5335 1940 5443 quod,
1962 5336 1994 5413 si
2009 5335 2110 5413 dicta
2122 5334 2266 5423 relicta,
2284 5362 2347 5411 su÷

919 5488 987 5564 per
1004 5462 1181 5566 predictis
1191 5464 1323 5555 rebus,
1343 5463 1486 5545 litteras
1500 5466 1643 5575 aliquas
1654 5461 1800 5545 domini
1815 5468 1935 5576 Regis,
1950 5494 2028 5547 non
2043 5465 2224 5546 facientes
2232 5491 2345 5541 men-
