5817 7292
772 1119 775 1124 ’
874 1116 948 1190 324
1319 1183 1323 1188 .
1454 1117 1546 1190 Lns
1576 1115 1715 1192 OLIM.

651 1273 833 1336 sarcierint.
875 1260 988 1346 dicta,
1012 1274 1051 1334 et
1071 1257 1269 1366 quadrigas
1289 1285 1375 1335 suas
1395 1273 1433 1336 et
1451 1258 1523 1335 alia
1539 1258 1641 1337 bona
1660 1287 1744 1350 sua,
1766 1275 1810 1336 ut
1827 1258 2062 1363 premissum
2075 1281 2147 1353 est,
2168 1285 2288 1373 capta,

710 1367 773 1408 '³⁰⁸‘
874 1391 1021 1465 racione
1042 1388 1203 1496 calceya,
1231 1387 1371 1466 debere
1396 1388 1468 1466 sibi
1493 1388 1618 1478 reddi,
1647 1389 1863 1468 salvedicto
1889 1390 2063 1496 episcopo
2089 1421 2201 1501 super
2218 1397 2292 1476 hoc

873 1520 1070 1628 questione
1090 1520 1337 1625 proprietatis.

927 1651 1125 1730 Dominica
1143 1677 1218 1756 qua
1237 1667 1406 1738 cantatur
1427 1681 1437 1724 ε
1455 1649 1587 1728 ludica
1606 1677 1681 1727 me.

928 1783 1053 1862 Monci
1073 1782 1287 1887 reportavit.

927 2043 1067 2122 LXXII.
1099 2043 1195 2123 Cum
1214 2041 1373 2120 ballivus
1387 2057 1516 2118 noster
1530 2039 1812 2122 Matisconensis
1830 2041 2042 2153 Guigonem
2055 2048 2214 2139 Veteris,
2229 2052 2291 2130 do·

873 2174 1082 2264 micellum,
1098 2201 1167 2280 pro
1182 2201 1228 2252 eo
1246 2173 1350 2278 quod
1370 2172 1409 2252 in
1424 2172 1609 2278 quosdam
1624 2171 1825 2250 servientes
1840 2191 1986 2254 nostros
2004 2203 2136 2262 manus
2150 2179 2289 2258 violen-

871 2324 929 2384 ter
948 2305 1141 2412 injecerat,
1162 2304 1201 2382 in
1219 2302 1435 2412 quingentis
1452 2300 1557 2381 libris
1576 2303 1862 2392 Turonensibus
1880 2305 2005 2394 nobis,
2022 2335 2089 2413 pro
2109 2311 2286 2398 emenda,

873 2438 1201 2542 condempnasset,
1214 2452 1254 2514 et
1267 2461 1289 2509 a
1302 2433 1401 2510 dicta
1417 2431 1761 2538 condempnatione
1780 2433 1903 2512 dictus
1920 2433 2042 2544 Guigo
2062 2437 2110 2514 ad
2123 2457 2287 2519 nostram

873 2568 1015 2646 curiam
1028 2563 1272 2670 appellasset:
1293 2561 1380 2642 Visa
1393 2562 1563 2668 inquesta
1576 2589 1689 2668 super
1703 2562 1777 2642 hoc
1793 2563 1905 2654 lacta,
1926 2581 1964 2642 et
1982 2565 2091 2646 dictis
2103 2567 2238 2649 ballivo
2251 2589 2288 2648 et

872 2697 1044 2804 Guigone
1075 2694 1228 2782 auditis,
1256 2692 1394 2771 dictam
1423 2693 1624 2770 emendam
1656 2692 1704 2773 ad
1734 2711 1887 2773 centnm
1911 2693 2025 2774 libras
2047 2700 2288 2780 Turonenses

871 2826 971 2906 curia
990 2843 1115 2904 nostra
1133 2824 1356 2913 moderavit,
1377 2840 1532 2930 propter
1551 2823 1668 2930 ipsius
1687 2823 1871 2934 Guigonis
1890 2845 2160 2934 paupertatem.

923 2956 1121 3036 Dominica
1140 2984 1215 3063 qua
1234 2971 1403 3032 cantatur
1424 2984 1434 3029 z
1454 2954 1587 3031 Indica
1605 2982 1678 3030 me.
1763 3023 1770 3038 ,

925 3091 1024 3197 Roya
1044 3089 1257 3194 reportavit.

924 3351 1079 3428 LXXIII.
1110 3349 1226 3437 Cum,
1238 3363 1397 3453 exparte
1413 3346 1612 3426 consulum
1622 3345 1712 3428 ville
1730 3343 1902 3441 Galliaci,
1918 3349 1958 3426 in
1968 3350 2198 3444 Tholosano,
2217 3381 2286 3431 no-

868 3482 970 3558 mine
989 3478 1242 3558 universitatis
1259 3479 1359 3556 dicte
1376 3476 1482 3567 ville,
1502 3479 1786 3585 conquerendo,
1807 3480 2074 3561 denunciatum
2090 3480 2224 3563 luisset
2245 3485 2285 3560 in

868 3612 970 3690 curia
981 3609 1172 3690 senescalli
1188 3609 1412 3698 Tlrolosani,
1428 3626 1556 3688 contra
1568 3609 1739 3692 constrles
1754 3626 1792 3688 et
1809 3609 2064 3692 universitates
2083 3593 2284 3693 horricum

866 3739 1345 3831 casm-Novi-de-Arrio,
1367 3756 1406 3817 et
1428 3739 1588 3818 aliarum
1608 3740 1781 3820 villarum
1800 3740 1938 3848 bajulie
1956 3741 2126 3848 ejusdem
2145 3743 2281 3832 Castri,

865 3874 970 3979 quod
990 3901 1076 3951 cum
1096 3871 1263 3978 predicte
1284 3871 1541 3951 universitates
1558 3871 1786 3950 Castu-Novi
1806 3890 1846 3949 et
1864 3870 1946 3979 ejus
1963 3871 2102 3980 bajulie
2121 3874 2170 3951 de
2189 3903 2285 3980 quo-
2328 3975 2332 3986 ·
2458 3935 2474 3966 .

865 4006 951 4082 dam
972 4004 1135 4084 exercitu
1149 4019 1424 4082 reverterentur
1440 4019 1483 4080 et
1498 4020 1750 4108 essent‘prope
1769 4002 1895 4082 villam
1911 4002 2082 4093 Galliaci,
2098 4005 2200 4082 venit
2211 4006 2286 4086 cla·
2425 4047 2442 4076 .

862 4161 948 4212 mor
961 4161 1118 4242 magnus
1137 4133 1185 4212 ad
1203 4132 1341 4212 dictam
1360 4131 1487 4208 villam
1501 4130 1656 4211 Galliaci
1676 4131 1782 4238 quod
1800 4132 1975 4210 homines
1994 4131 2084 4210 dicti
2105 4134 2285 4214 exercitus

862 4263 1045 4342 robalvant
1063 4263 1217 4372 gallinas
1236 4280 1274 4345 et
1291 4291 1442 4342 anseres
1458 4263 1660 4341 hominum
1679 4262 1777 4340 dicte
1798 4260 1885 4340 ville
1905 4260 2076 4353 Galliaci,
2099 4281 2138 4340 et
2153 4291 2284 4344 eorum

862 4395 984 4472 vineas
1003 4395 1297 4502 depopulabant,
1318 4393 1592 4502 propterquod
1610 4391 1759 4502 bajulus
1778 4409 1907 4474 noster
1929 4411 1967 4472 et
1985 4393 2063 4473 duo
2083 4395 2284 4476 servientes

861 4525 979 4604 nostri
996 4526 1094 4606 dicte
1108 4525 1194 4604 ville
1209 4525 1362 4606 Galliaci
1377 4525 1659 4632 prohibuerunt
1674 4524 1894 4608 hominibus
1909 4543 1954 4608 et.
1962 4524 2178 4605 consulibus
2193 4525 2281 4606 dicti

862 4657 1042 4738 exercitus
1054 4685 1103 4735 ne
1114 4658 1322 4763 dampnum
1337 4655 1493 4762 aliquod
1504 4656 1639 4734 darem
1649 4655 1747 4737 dicte
1759 4654 1848 4736 ville
1860 4654 2030 4745 Galliaci,
2044 4683 2130 4732 cnm
2142 4656 2281 4734 sitnos

858 4804 931 4878 tra;
946 4789 1027 4897 qni,
1042 4806 1165 4897 spreta
1172 4788 1410 4868 ‘inhibicione
1421 4816 1466 4866 er
1480 4803 1585 4895 parte
1599 4803 1728 4866 nostra
1739 4785 1881 4866 eisdem
1892 4785 2004 4877 'farm
2021 4816 2105 4866 oum
2122 4786 2280 4864 maxima

858 4921 1105 5000 multitudine
1124 4919 1349 5002 eorumdem
1361 4919 1564 5009 exercitus,
1581 4947 1668 4998 cum
1683 4918 1837 4999 dirersis
1849 4919 2039 4998 armorum
2057 4915 2278 5026 generibus,

858 5076 920 5127 sex
934 5049 993 5128 vel
1005 5051 1328 5156 septembaneriis
1341 5051 1489 5140 erectis,
1508 5051 1611 5130 tubis
1627 5047 1917 5156 precedentibus
1932 5066 1970 5127 et
1980 5046 2214 5140 sonantibus,
2229 5075 2282 5126 se

858 5179 1015 5269 dicione,
1027 5182 1224 5271 hostiliter,
1238 5211 1283 5261 ex
1296 5199 1399 5262 certo
1412 5182 1623 5288 proposito,
1639 5211 1725 5260 cum
1742 5206 1878 5289 magno
1895 5179 2066 5261 tumultu
2083 5179 2279 5259 clamando

859 5350 871 5379 ι
885 5310 1002 5390 Afocl
1013 5340 1035 5388 a
1048 5311 1122 5390 Ioci
1138 5313 1194 5392 via
1205 5313 1291 5395 laist
1305 5313 1523 5405 Casei-noll
1536 5311 1751 5399 casui-nost
1766 5311 1905 5391 Acariil
1919 5311 2058 5392 Acariil
2070 5310 2280 5390 moriantur

856 5443 983 5521 rustici
1001 5443 1226 5548 proditoresl
1244 5482 1257 5512 ι
1275 5444 1505 5530 intraverunt
1520 5445 1659 5530 dictam
1680 5443 1808 5523 villam
1823 5441 1996 5536 Galliaci,
2009 5460 2047 5521 et
2061 5439 2279 5570 incendium
