<?xml version="1.0" encoding="UTF-8"?>
<!DOCTYPE html PUBLIC "-//W3C//DTD XHTML 1.0 Transitional//EN"
    "http://www.w3.org/TR/xhtml1/DTD/xhtml1-transitional.dtd">
<html xmlns="http://www.w3.org/1999/xhtml" xml:lang="en" lang="en">
 <head>
  <title>
</title>
<meta http-equiv="Content-Type" content="text/html;charset=utf-8" />
  <meta name='ocr-system' content='tesseract 3.04.00' />
  <meta name='ocr-capabilities' content='ocr_page ocr_carea ocr_par ocr_line ocrx_word'/>
</head>
<body>
  <div class='ocr_page' id='page_1' title='image "./lesolimouregist00pargoog_0275.png"; bbox 0 0 5817 7292; ppageno 0'>
   <div class='ocr_carea' id='block_1_1' title="bbox 1049 1120 2060 1233">
    <p class='ocr_par' dir='ltr' id='par_1_1' title="bbox 1049 1120 2060 1233">
     <span class='ocr_line' id='line_1_1' title="bbox 1049 1120 2060 1233; baseline -0.013 -16"><span class='ocrx_word' id='word_1_1' title='bbox 1049 1122 1318 1233; x_wconf 76' lang='lat' dir='ltr'><strong>nvoutrus</strong></span> <span class='ocrx_word' id='word_1_2' title='bbox 1344 1142 1409 1215; x_wconf 84' lang='lat' dir='ltr'><strong>nr</strong></span> <span class='ocrx_word' id='word_1_3' title='bbox 1435 1120 1642 1217; x_wconf 77' lang='lat' dir='ltr'><strong>rnocns.</strong></span> <span class='ocrx_word' id='word_1_4' title='bbox 1990 1135 2060 1205; x_wconf 83' lang='grc' dir='ltr'><strong>ιιι</strong></span> 
     </span>
    </p>
   </div>
   <div class='ocr_carea' id='block_1_2' title="bbox 637 1274 2288 1650">
    <p class='ocr_par' dir='ltr' id='par_1_2' title="bbox 637 1274 2288 1650">
     <span class='ocr_line' id='line_1_2' title="bbox 637 1274 2288 1422; baseline -0.005 -67"><span class='ocrx_word' id='word_1_5' title='bbox 637 1279 756 1386; x_wconf 84' lang='lat' dir='ltr'><strong>patrie</strong></span> <span class='ocrx_word' id='word_1_6' title='bbox 769 1276 872 1357; x_wconf 85' lang='lat' dir='ltr'><strong>illius</strong></span> <span class='ocrx_word' id='word_1_7' title='bbox 886 1277 966 1359; x_wconf 87' lang='lat' dir='ltr'><strong>lore</strong></span> <span class='ocrx_word' id='word_1_8' title='bbox 985 1280 1247 1389; x_wconf 86' lang='lat' dir='ltr'><strong>dampnosam,</strong></span> <span class='ocrx_word' id='word_1_9' title='bbox 1265 1310 1334 1390; x_wconf 87' lang='lat' dir='ltr'><strong>per</strong></span> <span class='ocrx_word' id='word_1_10' title='bbox 1347 1282 1451 1363; x_wconf 83' lang='lat' dir='ltr'><strong>curie</strong></span> <span class='ocrx_word' id='word_1_11' title='bbox 1465 1298 1593 1363; x_wconf 83' lang='lat' dir='ltr'><strong>nostre</strong></span> <span class='ocrx_word' id='word_1_12' title='bbox 1604 1277 1813 1389; x_wconf 78' lang='lat' dir='ltr'><strong>judicium,</strong></span> <span class='ocrx_word' id='word_1_13' title='bbox 1831 1278 1975 1364; x_wconf 81' lang='lat' dir='ltr'><strong>dictum</strong></span> <span class='ocrx_word' id='word_1_14' title='bbox 1990 1274 2080 1356; x_wconf 83' lang='lat' dir='ltr'><strong>fuit·</strong></span> <span class='ocrx_word' id='word_1_15' title='bbox 2101 1282 2230 1422; x_wconf 46' lang='lat' dir='ltr'><strong>mix*</strong></span> <span class='ocrx_word' id='word_1_16' title='bbox 2243 1283 2288 1347; x_wconf 82' lang='lat' dir='ltr'><strong>lv.</strong></span> 
     </span>
     <span class='ocr_line' id='line_1_3' title="bbox 637 1406 2226 1521; baseline -0.001 -34"><span class='ocrx_word' id='word_1_17' title='bbox 637 1426 676 1489; x_wconf 88' lang='lat' dir='ltr'><strong>et</strong></span> <span class='ocrx_word' id='word_1_18' title='bbox 689 1411 979 1517; x_wconf 82' lang='lat' dir='ltr'><strong>pronunciatum</strong></span> <span class='ocrx_word' id='word_1_19' title='bbox 992 1413 1199 1518; x_wconf 84' lang='lat' dir='ltr'><strong>predictam</strong></span> <span class='ocrx_word' id='word_1_20' title='bbox 1214 1431 1428 1521; x_wconf 75' lang='lat' dir='ltr'><strong>requestam</strong></span> <span class='ocrx_word' id='word_1_21' title='bbox 1444 1440 1522 1491; x_wconf 88' lang='lat' dir='ltr'><strong>non</strong></span> <span class='ocrx_word' id='word_1_22' title='bbox 1538 1438 1620 1493; x_wconf 85' lang='lat' dir='ltr'><strong>esse</strong></span> <span class='ocrx_word' id='word_1_23' title='bbox 1636 1411 1691 1489; x_wconf 86' lang='lat' dir='ltr'><strong>eis</strong></span> <span class='ocrx_word' id='word_1_24' title='bbox 1703 1408 1998 1491; x_wconf 78' lang='lat' dir='ltr'><strong>concedendam.</strong></span> <span class='ocrx_word' id='word_1_25' title='bbox 2168 1429 2172 1435; x_wconf 80' lang='grc'><strong>’</strong></span> <span class='ocrx_word' id='word_1_26' title='bbox 2219 1406 2226 1417; x_wconf 83' lang='grc'><em>’</em></span> 
     </span>
     <span class='ocr_line' id='line_1_4' title="bbox 692 1542 1477 1650; baseline -0.001 -31"><span class='ocrx_word' id='word_1_27' title='bbox 692 1542 849 1621; x_wconf 89' lang='lat' dir='ltr'><strong>Veneris</strong></span> <span class='ocrx_word' id='word_1_28' title='bbox 868 1560 954 1650; x_wconf 84' lang='lat' dir='ltr'><strong>post</strong></span> <span class='ocrx_word' id='word_1_29' title='bbox 967 1543 1204 1621; x_wconf 77' lang='lat' dir='ltr'><strong>Trinitatem.</strong></span> <span class='ocrx_word' id='word_1_30' title='bbox 1473 1554 1477 1561; x_wconf 89' lang='grc'><strong>’</strong></span> 
     </span>
    </p>
   </div>
   <div class='ocr_carea' id='block_1_3' title="bbox 547 1802 2074 3480">
    <p class='ocr_par' dir='ltr' id='par_1_3' title="bbox 637 1802 2074 2961">
     <span class='ocr_line' id='line_1_5' title="bbox 694 1802 2065 1911; baseline 0.003 -30"><span class='ocrx_word' id='word_1_31' title='bbox 694 1804 867 1883; x_wconf 86' lang='lat' dir='ltr'>XXXVII.</span> <span class='ocrx_word' id='word_1_32' title='bbox 897 1804 1014 1891; x_wconf 87' lang='lat' dir='ltr'><strong>Cum,</strong></span> <span class='ocrx_word' id='word_1_33' title='bbox 1033 1804 1081 1881; x_wconf 89' lang='lat' dir='ltr'><strong>de</strong></span> <span class='ocrx_word' id='word_1_34' title='bbox 1100 1806 1279 1883; x_wconf 87' lang='lat' dir='ltr'><strong>mandato</strong></span> <span class='ocrx_word' id='word_1_35' title='bbox 1297 1820 1439 1894; x_wconf 81' lang='lat' dir='ltr'><strong>nostro,</strong></span> <span class='ocrx_word' id='word_1_36' title='bbox 1457 1806 1568 1911; x_wconf 77' lang='lat' dir='ltr'><strong>Hugo</strong></span> <span class='ocrx_word' id='word_1_37' title='bbox 1583 1802 1631 1882; x_wconf 89' lang='lat' dir='ltr'><strong>da</strong></span> <span class='ocrx_word' id='word_1_38' title='bbox 1650 1802 1921 1888; x_wconf 70' lang='lat' dir='ltr'><strong>calvomonte,</strong></span> <span class='ocrx_word' id='word_1_39' title='bbox 1941 1826 2065 1905; x_wconf 78' lang='lat' dir='ltr'><strong>quon·</strong></span> 
     </span>
     <span class='ocr_line' id='line_1_6' title="bbox 640 1934 2063 2041; baseline -0.004 -28"><span class='ocrx_word' id='word_1_40' title='bbox 640 1936 726 2021; x_wconf 84' lang='lat' dir='ltr'><strong>darn</strong></span> <span class='ocrx_word' id='word_1_41' title='bbox 741 1934 901 2015; x_wconf 84' lang='lat' dir='ltr'><strong>ballivus</strong></span> <span class='ocrx_word' id='word_1_42' title='bbox 914 1935 1083 2022; x_wconf 88' lang='lat' dir='ltr'><strong>Vitriaci,</strong></span> <span class='ocrx_word' id='word_1_43' title='bbox 1100 1935 1204 2013; x_wconf 92' lang='lat' dir='ltr'><strong>curie</strong></span> <span class='ocrx_word' id='word_1_44' title='bbox 1224 1950 1350 2015; x_wconf 88' lang='lat' dir='ltr'><strong>nostre</strong></span> <span class='ocrx_word' id='word_1_45' title='bbox 1365 1936 1514 2016; x_wconf 86' lang='lat' dir='ltr'><strong>miscrit&#39;</strong></span> <span class='ocrx_word' id='word_1_46' title='bbox 1528 1934 1732 2041; x_wconf 86' lang='lat' dir='ltr'><strong>quamdam</strong></span> <span class='ocrx_word' id='word_1_47' title='bbox 1747 1934 1959 2040; x_wconf 83' lang='lat' dir='ltr'><strong>inquestarn</strong></span> <span class='ocrx_word' id='word_1_48' title='bbox 1975 1960 2063 2017; x_wconf 84' lang='lat' dir='ltr'><strong>cum</strong></span> 
     </span>
     <span class='ocr_line' id='line_1_7' title="bbox 639 2060 2074 2178; baseline -0.001 -35"><span class='ocrx_word' id='word_1_49' title='bbox 639 2068 721 2173; x_wconf 88' lang='lat' dir='ltr'><strong>ejus</strong></span> <span class='ocrx_word' id='word_1_50' title='bbox 734 2094 930 2172; x_wconf 86' lang='lat' dir='ltr'><strong>processu,</strong></span> <span class='ocrx_word' id='word_1_51' title='bbox 947 2094 1060 2173; x_wconf 90' lang='lat' dir='ltr'><strong>quam</strong></span> <span class='ocrx_word' id='word_1_52' title='bbox 1079 2066 1176 2172; x_wconf 89' lang='lat' dir='ltr'><strong>ipse,</strong></span> <span class='ocrx_word' id='word_1_53' title='bbox 1192 2084 1364 2172; x_wconf 86' lang='lat' dir='ltr'><strong>ternpore</strong></span> <span class='ocrx_word' id='word_1_54' title='bbox 1384 2095 1463 2173; x_wconf 89' lang='lat' dir='ltr'><strong>quo</strong></span> <span class='ocrx_word' id='word_1_55' title='bbox 1482 2065 1556 2147; x_wconf 88' lang='lat' dir='ltr'><strong>luit</strong></span> <span class='ocrx_word' id='word_1_56' title='bbox 1573 2065 1732 2146; x_wconf 76' lang='lat' dir='ltr'><strong>ballivus</strong></span> <span class='ocrx_word' id='word_1_57' title='bbox 1751 2064 1842 2143; x_wconf 89' lang='lat' dir='ltr'><strong>dicti</strong></span> <span class='ocrx_word' id='word_1_58' title='bbox 1861 2063 1954 2150; x_wconf 87' lang='lat' dir='ltr'><strong>loci,</strong></span> <span class='ocrx_word' id='word_1_59' title='bbox 1974 2060 2074 2178; x_wconf 22' lang='lat' dir='ltr'><strong>fecit,</strong></span> 
     </span>
     <span class='ocr_line' id='line_1_8' title="bbox 638 2194 2063 2305; baseline -0.002 -32"><span class='ocrx_word' id='word_1_60' title='bbox 638 2225 751 2303; x_wconf 90' lang='lat' dir='ltr'><strong>super</strong></span> <span class='ocrx_word' id='word_1_61' title='bbox 768 2196 1001 2303; x_wconf 75' lang='lat' dir='ltr'><strong>prestatione</strong></span> <span class='ocrx_word' id='word_1_62' title='bbox 1021 2224 1152 2292; x_wconf 87' lang='lat' dir='ltr'><strong>avena,</strong></span> <span class='ocrx_word' id='word_1_63' title='bbox 1173 2226 1241 2279; x_wconf 84' lang='lat' dir='ltr'><strong>seu</strong></span> <span class='ocrx_word' id='word_1_64' title='bbox 1266 2197 1381 2277; x_wconf 89' lang='lat' dir='ltr'><strong>modo</strong></span> <span class='ocrx_word' id='word_1_65' title='bbox 1405 2198 1649 2303; x_wconf 88' lang='lat' dir='ltr'><strong>prestaeionis</strong></span> <span class='ocrx_word' id='word_1_66' title='bbox 1673 2197 1861 2305; x_wconf 81' lang='lat' dir='ltr'><strong>ejusdem,</strong></span> <span class='ocrx_word' id='word_1_67' title='bbox 1879 2194 1931 2273; x_wconf 89' lang='lat' dir='ltr'><strong>ad</strong></span> <span class='ocrx_word' id='word_1_68' title='bbox 1949 2222 2063 2300; x_wconf 87' lang='lat' dir='ltr'><strong>quam</strong></span> 
     </span>
     <span class='ocr_line' id='line_1_9' title="bbox 637 2324 2064 2434; baseline -0.001 -30"><span class='ocrx_word' id='word_1_69' title='bbox 637 2328 764 2417; x_wconf 92' lang='lat' dir='ltr'><strong>nobis,</strong></span> <span class='ocrx_word' id='word_1_70' title='bbox 782 2327 929 2406; x_wconf 90' lang='lat' dir='ltr'><strong>racione</strong></span> <span class='ocrx_word' id='word_1_71' title='bbox 945 2328 1143 2407; x_wconf 88' lang='lat' dir='ltr'><strong>comitatus</strong></span> <span class='ocrx_word' id='word_1_72' title='bbox 1157 2328 1377 2434; x_wconf 80' lang='lat' dir='ltr'><strong>Campania,</strong></span> <span class='ocrx_word' id='word_1_73' title='bbox 1394 2340 1575 2409; x_wconf 82' lang='lat' dir='ltr'><strong>tenentur</strong></span> <span class='ocrx_word' id='word_1_74' title='bbox 1592 2328 1768 2409; x_wconf 81' lang='lat' dir='ltr'><strong>homines</strong></span> <span class='ocrx_word' id='word_1_75' title='bbox 1782 2341 1944 2433; x_wconf 78' lang='lat' dir='ltr'><strong>quatuor</strong></span> <span class='ocrx_word' id='word_1_76' title='bbox 1957 2324 2064 2402; x_wconf 87' lang='lat' dir='ltr'><strong>villa-</strong></span> 
     </span>
     <span class='ocr_line' id='line_1_10' title="bbox 638 2458 2064 2567; baseline 0.004 -32"><span class='ocrx_word' id='word_1_77' title='bbox 638 2487 722 2535; x_wconf 91' lang='lat' dir='ltr'><strong>rum</strong></span> <span class='ocrx_word' id='word_1_78' title='bbox 744 2459 1006 2567; x_wconf 88' lang='lat' dir='ltr'><strong>sequencium,</strong></span> <span class='ocrx_word' id='word_1_79' title='bbox 1028 2460 1177 2539; x_wconf 84' lang='lat' dir='ltr'><strong>scilicet·</strong></span> <span class='ocrx_word' id='word_1_80' title='bbox 1189 2460 1276 2537; x_wconf 88' lang='lat' dir='ltr'><strong>ville</strong></span> <span class='ocrx_word' id='word_1_81' title='bbox 1296 2461 1344 2537; x_wconf 89' lang='lat' dir='ltr'><strong>dc</strong></span> <span class='ocrx_word' id='word_1_82' title='bbox 1365 2460 1710 2551; x_wconf 86' lang='lat' dir='ltr'><strong>Summa-Tourba,</strong></span> <span class='ocrx_word' id='word_1_83' title='bbox 1730 2458 1819 2537; x_wconf 88' lang='lat' dir='ltr'><strong>ville</strong></span> <span class='ocrx_word' id='word_1_84' title='bbox 1840 2459 1888 2536; x_wconf 90' lang='lat' dir='ltr'><strong>de</strong></span> <span class='ocrx_word' id='word_1_85' title='bbox 1908 2458 2064 2541; x_wconf 79' lang='lat' dir='ltr'><strong>Sancto.-</strong></span> 
     </span>
     <span class='ocr_line' id='line_1_11' title="bbox 637 2587 2063 2699; baseline 0 -33"><span class='ocrx_word' id='word_1_86' title='bbox 637 2590 1036 2679; x_wconf 85' lang='lat' dir='ltr'><strong>Johanne-a-Tourbe,</strong></span> <span class='ocrx_word' id='word_1_87' title='bbox 1055 2591 1142 2669; x_wconf 91' lang='lat' dir='ltr'><strong>ville</strong></span> <span class='ocrx_word' id='word_1_88' title='bbox 1158 2593 1205 2668; x_wconf 91' lang='lat' dir='ltr'><strong>de</strong></span> <span class='ocrx_word' id='word_1_89' title='bbox 1221 2591 1330 2669; x_wconf 86' lang='lat' dir='ltr'><strong>Lavul</strong></span> <span class='ocrx_word' id='word_1_90' title='bbox 1350 2608 1389 2670; x_wconf 87' lang='lat' dir='ltr'><strong>et</strong></span> <span class='ocrx_word' id='word_1_91' title='bbox 1407 2591 1495 2669; x_wconf 88' lang='lat' dir='ltr'><strong>ville</strong></span> <span class='ocrx_word' id='word_1_92' title='bbox 1516 2591 1564 2669; x_wconf 84' lang='lat' dir='ltr'><strong>dc</strong></span> <span class='ocrx_word' id='word_1_93' title='bbox 1583 2589 1868 2699; x_wconf 71' lang='lat' dir='ltr'><strong>VergeMolin:</strong></span> <span class='ocrx_word' id='word_1_94' title='bbox 1890 2587 2063 2666; x_wconf 84' lang='lat' dir='ltr'><strong>Tandem</strong></span> 
     </span>
     <span class='ocr_line' id='line_1_12' title="bbox 638 2717 2061 2841; baseline 0 -46"><span class='ocrx_word' id='word_1_95' title='bbox 638 2720 713 2797; x_wconf 93' lang='lat' dir='ltr'><strong>visa</strong></span> <span class='ocrx_word' id='word_1_96' title='bbox 725 2720 823 2797; x_wconf 88' lang='lat' dir='ltr'><strong>dicta</strong></span> <span class='ocrx_word' id='word_1_97' title='bbox 835 2721 1007 2827; x_wconf 88' lang='lat' dir='ltr'><strong>inquesta</strong></span> <span class='ocrx_word' id='word_1_98' title='bbox 1020 2738 1058 2797; x_wconf 91' lang='lat' dir='ltr'><strong>et</strong></span> <span class='ocrx_word' id='word_1_99' title='bbox 1068 2719 1270 2829; x_wconf 84' lang='lat' dir='ltr'><strong>diligenter</strong></span> <span class='ocrx_word' id='word_1_100' title='bbox 1283 2720 1504 2841; x_wconf 64' lang='lat' dir='ltr'><strong>attaminata,</strong></span> <span class='ocrx_word' id='word_1_101' title='bbox 1517 2749 1587 2826; x_wconf 85' lang='lat' dir='ltr'><strong>par</strong></span> <span class='ocrx_word' id='word_1_102' title='bbox 1598 2721 1701 2800; x_wconf 87' lang='lat' dir='ltr'><strong>curie</strong></span> <span class='ocrx_word' id='word_1_103' title='bbox 1716 2736 1844 2799; x_wconf 88' lang='lat' dir='ltr'><strong>nostre</strong></span> <span class='ocrx_word' id='word_1_104' title='bbox 1854 2717 2061 2826; x_wconf 87' lang='lat' dir='ltr'><strong>judicium,</strong></span> 
     </span>
     <span class='ocr_line' id='line_1_13' title="bbox 640 2848 2065 2961; baseline -0.002 -34"><span class='ocrx_word' id='word_1_105' title='bbox 640 2848 783 2927; x_wconf 90' lang='lat' dir='ltr'><strong>dictum</strong></span> <span class='ocrx_word' id='word_1_106' title='bbox 810 2849 884 2927; x_wconf 84' lang='lat' dir='ltr'><strong>fuit</strong></span> <span class='ocrx_word' id='word_1_107' title='bbox 908 2849 1097 2957; x_wconf 87' lang='lat' dir='ltr'><strong>predictos</strong></span> <span class='ocrx_word' id='word_1_108' title='bbox 1123 2850 1297 2929; x_wconf 90' lang='lat' dir='ltr'><strong>homines</strong></span> <span class='ocrx_word' id='word_1_109' title='bbox 1323 2850 1434 2929; x_wconf 86' lang='lat' dir='ltr'><strong>nobis</strong></span> <span class='ocrx_word' id='word_1_110' title='bbox 1455 2851 1580 2961; x_wconf 82' lang='lat' dir='ltr'><strong>teneri</strong></span> <span class='ocrx_word' id='word_1_111' title='bbox 1598 2849 1648 2928; x_wconf 91' lang='lat' dir='ltr'><strong>ad</strong></span> <span class='ocrx_word' id='word_1_112' title='bbox 1664 2849 1938 2957; x_wconf 89' lang='lat' dir='ltr'><strong>prestacionem</strong></span> <span class='ocrx_word' id='word_1_113' title='bbox 1964 2849 2065 2929; x_wconf 85' lang='lat' dir='ltr'><strong>dicte</strong></span> 
     </span>
    </p>

    <p class='ocr_par' dir='ltr' id='par_1_4' title="bbox 547 2974 2066 3348">
     <span class='ocr_line' id='line_1_14' title="bbox 547 2974 2065 3089; baseline 0.001 -32"><span class='ocrx_word' id='word_1_114' title='bbox 547 2974 558 2989; x_wconf 72' lang='grc'><em>”</em></span> <span class='ocrx_word' id='word_1_115' title='bbox 639 3009 772 3069; x_wconf 82' lang='lat' dir='ltr'><strong>avene,</strong></span> <span class='ocrx_word' id='word_1_116' title='bbox 789 2984 1229 3061; x_wconf 85' lang='lat' dir='ltr'><strong>secundummensuram</strong></span> <span class='ocrx_word' id='word_1_117' title='bbox 1243 2982 1509 3061; x_wconf 89' lang='lat' dir='ltr'><strong>tantummodo</strong></span> <span class='ocrx_word' id='word_1_118' title='bbox 1524 2980 1573 3059; x_wconf 90' lang='lat' dir='ltr'><strong>ad</strong></span> <span class='ocrx_word' id='word_1_119' title='bbox 1589 3010 1704 3089; x_wconf 82' lang='lat' dir='ltr'><strong>quarn</strong></span> <span class='ocrx_word' id='word_1_120' title='bbox 1720 2980 1974 3059; x_wconf 90' lang='lat' dir='ltr'><strong>communiter</strong></span> <span class='ocrx_word' id='word_1_121' title='bbox 1989 2980 2065 3059; x_wconf 89' lang='lat' dir='ltr'><strong>ibi-</strong></span> 
     </span>
     <span class='ocr_line' id='line_1_15' title="bbox 640 3110 2066 3221; baseline -0.002 -32"><span class='ocrx_word' id='word_1_122' title='bbox 640 3110 859 3192; x_wconf 85' lang='lat' dir='ltr'><strong>dem.avena</strong></span> <span class='ocrx_word' id='word_1_123' title='bbox 875 3112 913 3193; x_wconf 91' lang='lat' dir='ltr'><strong>in</strong></span> <span class='ocrx_word' id='word_1_124' title='bbox 929 3110 1012 3191; x_wconf 85' lang='lat' dir='ltr'><strong>soro</strong></span> <span class='ocrx_word' id='word_1_125' title='bbox 1029 3129 1279 3202; x_wconf 89' lang='lat' dir='ltr'><strong>mensuratur,</strong></span> <span class='ocrx_word' id='word_1_126' title='bbox 1296 3140 1371 3221; x_wconf 90' lang='lat' dir='ltr'><strong>que</strong></span> <span class='ocrx_word' id='word_1_127' title='bbox 1386 3112 1563 3193; x_wconf 90' lang='lat' dir='ltr'><strong>videlicet</strong></span> <span class='ocrx_word' id='word_1_128' title='bbox 1576 3110 1746 3193; x_wconf 67' lang='lat' dir='ltr'><strong>lut-alut</strong></span> <span class='ocrx_word' id='word_1_129' title='bbox 1758 3111 1961 3220; x_wconf 74' lang='lat' dir='ltr'><strong>vulgariter</strong></span> <span class='ocrx_word' id='word_1_130' title='bbox 1973 3138 2066 3192; x_wconf 88' lang='lat' dir='ltr'><strong>nun-</strong></span> 
     </span>
     <span class='ocr_line' id='line_1_16' title="bbox 641 3253 2016 3348; baseline 0 -29"><span class='ocrx_word' id='word_1_131' title='bbox 641 3259 807 3348; x_wconf 85' lang='lat' dir='ltr'><strong>cupatur.</strong></span> <span class='ocrx_word' id='word_1_132' title='bbox 1688 3253 1693 3262; x_wconf 82' lang='lat'>&#39;</span> <span class='ocrx_word' id='word_1_133' title='bbox 2011 3253 2016 3266; x_wconf 84' lang='lat'>&#39;</span> 
     </span>
    </p>

    <p class='ocr_par' dir='ltr' id='par_1_5' title="bbox 698 3373 1211 3480">
     <span class='ocr_line' id='line_1_17' title="bbox 698 3373 1211 3480; baseline 0 -27"><span class='ocrx_word' id='word_1_134' title='bbox 698 3374 854 3453; x_wconf 89' lang='lat' dir='ltr'><strong>Veneris</strong></span> <span class='ocrx_word' id='word_1_135' title='bbox 872 3390 959 3480; x_wconf 86' lang='lat' dir='ltr'><strong>post</strong></span> <span class='ocrx_word' id='word_1_136' title='bbox 976 3373 1211 3453; x_wconf 83' lang='lat' dir='ltr'><strong>Trinitatem,</strong></span> 
     </span>
    </p>
   </div>
   <div class='ocr_carea' id='block_1_4' title="bbox 642 3636 2070 5184">
    <p class='ocr_par' dir='ltr' id='par_1_6' title="bbox 642 3636 2070 5054">
     <span class='ocr_line' id='line_1_18' title="bbox 697 3636 2068 3744; baseline 0 -29"><span class='ocrx_word' id='word_1_137' title='bbox 697 3638 888 3717; x_wconf 81' lang='lat' dir='ltr'>XXXVIII.</span> <span class='ocrx_word' id='word_1_138' title='bbox 918 3636 1004 3716; x_wconf 90' lang='lat' dir='ltr'><strong>Visa</strong></span> <span class='ocrx_word' id='word_1_139' title='bbox 1028 3637 1200 3743; x_wconf 89' lang='lat' dir='ltr'><strong>inquesta</strong></span> <span class='ocrx_word' id='word_1_140' title='bbox 1224 3665 1293 3744; x_wconf 90' lang='lat' dir='ltr'><strong>per</strong></span> <span class='ocrx_word' id='word_1_141' title='bbox 1315 3637 1497 3716; x_wconf 89' lang='lat' dir='ltr'><strong>ballivum</strong></span> <span class='ocrx_word' id='word_1_142' title='bbox 1522 3640 1785 3717; x_wconf 80' lang='lat' dir='ltr'><strong>Turonensem</strong></span> <span class='ocrx_word' id='word_1_143' title='bbox 1810 3639 1916 3719; x_wconf 85' lang='lat' dir='ltr'><strong>curie</strong></span> <span class='ocrx_word' id='word_1_144' title='bbox 1939 3657 2068 3717; x_wconf 84' lang='lat' dir='ltr'><strong>nostre</strong></span> 
     </span>
     <span class='ocr_line' id='line_1_19' title="bbox 642 3768 2069 3879; baseline 0.001 -33"><span class='ocrx_word' id='word_1_145' title='bbox 642 3769 778 3847; x_wconf 87' lang='lat' dir='ltr'><strong>tradita</strong></span> <span class='ocrx_word' id='word_1_146' title='bbox 797 3785 834 3845; x_wconf 88' lang='lat' dir='ltr'><strong>et</strong></span> <span class='ocrx_word' id='word_1_147' title='bbox 854 3769 947 3846; x_wconf 85' lang='lat' dir='ltr'><strong>lacta</strong></span> <span class='ocrx_word' id='word_1_148' title='bbox 967 3768 1015 3846; x_wconf 91' lang='lat' dir='ltr'><strong>ad</strong></span> <span class='ocrx_word' id='word_1_149' title='bbox 1034 3768 1255 3847; x_wconf 80' lang='lat' dir='ltr'><strong>instanciam</strong></span> <span class='ocrx_word' id='word_1_150' title='bbox 1281 3768 1426 3848; x_wconf 89' lang='lat' dir='ltr'><strong>abbatis</strong></span> <span class='ocrx_word' id='word_1_151' title='bbox 1450 3786 1490 3846; x_wconf 91' lang='lat' dir='ltr'><strong>et</strong></span> <span class='ocrx_word' id='word_1_152' title='bbox 1508 3787 1715 3847; x_wconf 88' lang='lat' dir='ltr'><strong>conventus</strong></span> <span class='ocrx_word' id='word_1_153' title='bbox 1734 3770 2069 3879; x_wconf 87' lang='lat' dir='ltr'><strong>Majoris·Monas-</strong></span> 
     </span>
     <span class='ocr_line' id='line_1_20' title="bbox 642 3899 2068 4006; baseline 0.001 -31"><span class='ocrx_word' id='word_1_154' title='bbox 642 3899 728 3975; x_wconf 93' lang='lat' dir='ltr'><strong>terii</strong></span> <span class='ocrx_word' id='word_1_155' title='bbox 743 3900 993 3991; x_wconf 77' lang='lat' dir='ltr'><strong>Turonensis,</strong></span> <span class='ocrx_word' id='word_1_156' title='bbox 1013 3917 1053 3979; x_wconf 89' lang='lat' dir='ltr'><strong>et</strong></span> <span class='ocrx_word' id='word_1_157' title='bbox 1066 3925 1199 3979; x_wconf 88' lang='lat' dir='ltr'><strong>eorum</strong></span> <span class='ocrx_word' id='word_1_158' title='bbox 1213 3900 1350 4006; x_wconf 86' lang='lat' dir='ltr'><strong>prioris</strong></span> <span class='ocrx_word' id='word_1_159' title='bbox 1369 3899 1486 3977; x_wconf 87' lang='lat' dir='ltr'><strong>sancti</strong></span> <span class='ocrx_word' id='word_1_160' title='bbox 1501 3899 1671 3979; x_wconf 87' lang='lat' dir='ltr'><strong>Maelovii</strong></span> <span class='ocrx_word' id='word_1_161' title='bbox 1687 3900 1736 3979; x_wconf 84' lang='lat' dir='ltr'><strong>de</strong></span> <span class='ocrx_word' id='word_1_162' title='bbox 1750 3901 1924 3979; x_wconf 89' lang='lat' dir='ltr'><strong>Dinanno</strong></span> <span class='ocrx_word' id='word_1_163' title='bbox 1939 3918 2068 3979; x_wconf 90' lang='lat' dir='ltr'><strong>contra</strong></span> 
     </span>
     <span class='ocr_line' id='line_1_21' title="bbox 643 4030 2067 4139; baseline 0.001 -30"><span class='ocrx_word' id='word_1_164' title='bbox 643 4030 848 4109; x_wconf 87' lang='lat' dir='ltr'><strong>Henricum</strong></span> <span class='ocrx_word' id='word_1_165' title='bbox 875 4030 1093 4139; x_wconf 80' lang='lat' dir='ltr'><strong>d&#39;Avaugor,</strong></span> <span class='ocrx_word' id='word_1_166' title='bbox 1119 4030 1379 4121; x_wconf 90' lang='lat' dir='ltr'><strong>domicellum,</strong></span> <span class='ocrx_word' id='word_1_167' title='bbox 1408 4030 1558 4110; x_wconf 87' lang='lat' dir='ltr'><strong>racione</strong></span> <span class='ocrx_word' id='word_1_168' title='bbox 1583 4030 1791 4109; x_wconf 87' lang='lat' dir='ltr'><strong>amocionis</strong></span> <span class='ocrx_word' id='word_1_169' title='bbox 1814 4031 2067 4139; x_wconf 81' lang='lat' dir='ltr'><strong>quarumdam</strong></span> 
     </span>
     <span class='ocr_line' id='line_1_22' title="bbox 644 4160 2065 4269; baseline 0 -30"><span class='ocrx_word' id='word_1_170' title='bbox 644 4188 797 4239; x_wconf 83' lang='lat' dir='ltr'><strong>emaum</strong></span> <span class='ocrx_word' id='word_1_171' title='bbox 818 4190 892 4267; x_wconf 89' lang='lat' dir='ltr'><strong>que</strong></span> <span class='ocrx_word' id='word_1_172' title='bbox 914 4178 1019 4239; x_wconf 88' lang='lat' dir='ltr'><strong>crant</strong></span> <span class='ocrx_word' id='word_1_173' title='bbox 1038 4190 1152 4268; x_wconf 87' lang='lat' dir='ltr'><strong>super</strong></span> <span class='ocrx_word' id='word_1_174' title='bbox 1171 4162 1397 4269; x_wconf 83' lang='lat' dir='ltr'><strong>quibusdam</strong></span> <span class='ocrx_word' id='word_1_175' title='bbox 1416 4160 1595 4241; x_wconf 90' lang='lat' dir='ltr'><strong>domibus</strong></span> <span class='ocrx_word' id='word_1_176' title='bbox 1613 4161 1694 4241; x_wconf 82' lang='lat' dir='ltr'><strong>sitis</strong></span> <span class='ocrx_word' id='word_1_177' title='bbox 1712 4161 1815 4268; x_wconf 91' lang='lat' dir='ltr'><strong>apud</strong></span> <span class='ocrx_word' id='word_1_178' title='bbox 1830 4160 2065 4249; x_wconf 85' lang='lat' dir='ltr'><strong>Dinannum,</strong></span> 
     </span>
     <span class='ocr_line' id='line_1_23' title="bbox 644 4290 2070 4398; baseline 0.001 -29"><span class='ocrx_word' id='word_1_179' title='bbox 644 4291 935 4398; x_wconf 18' lang='lat' dir='ltr'><strong>perpquemdam</strong></span> <span class='ocrx_word' id='word_1_180' title='bbox 955 4291 1256 4371; x_wconf 87' lang='lat' dir='ltr'><strong>commissarium</strong></span> <span class='ocrx_word' id='word_1_181' title='bbox 1275 4319 1343 4370; x_wconf 91' lang='lat' dir='ltr'><strong>seu</strong></span> <span class='ocrx_word' id='word_1_182' title='bbox 1362 4290 1587 4370; x_wconf 86' lang='lat' dir='ltr'><strong>servientem</strong></span> <span class='ocrx_word' id='word_1_183' title='bbox 1610 4306 1784 4371; x_wconf 85' lang='lat' dir='ltr'><strong>nostrum</strong></span> <span class='ocrx_word' id='word_1_184' title='bbox 1805 4290 1917 4381; x_wconf 83' lang='lat' dir='ltr'><strong>lacte,</strong></span> <span class='ocrx_word' id='word_1_185' title='bbox 1940 4309 1979 4373; x_wconf 83' lang='lat' dir='ltr'><strong>st</strong></span> <span class='ocrx_word' id='word_1_186' title='bbox 2002 4294 2070 4371; x_wconf 84' lang='lat' dir='ltr'><strong>ho-</strong></span> 
     </span>
     <span class='ocr_line' id='line_1_24' title="bbox 645 4420 2070 4531; baseline 0.004 -34"><span class='ocrx_word' id='word_1_187' title='bbox 645 4421 791 4515; x_wconf 86' lang='lat' dir='ltr'><strong>minum</strong></span> <span class='ocrx_word' id='word_1_188' title='bbox 819 4421 1059 4499; x_wconf 89' lang='lat' dir='ltr'><strong>manencium</strong></span> <span class='ocrx_word' id='word_1_189' title='bbox 1088 4421 1128 4497; x_wconf 92' lang='lat' dir='ltr'><strong>in</strong></span> <span class='ocrx_word' id='word_1_190' title='bbox 1155 4420 1265 4499; x_wconf 89' lang='lat' dir='ltr'><strong>dictis</strong></span> <span class='ocrx_word' id='word_1_191' title='bbox 1291 4420 1493 4501; x_wconf 71' lang='lat' dir='ltr'><strong>domibuaz</strong></span> <span class='ocrx_word' id='word_1_192' title='bbox 1519 4422 1619 4517; x_wconf 85' lang='lat' dir='ltr'><strong>Quia</strong></span> <span class='ocrx_word' id='word_1_193' title='bbox 1645 4449 1724 4501; x_wconf 88' lang='lat' dir='ltr'><strong>non</strong></span> <span class='ocrx_word' id='word_1_194' title='bbox 1750 4420 1938 4503; x_wconf 77' lang='lat' dir='ltr'><strong>Invenitur</strong></span> <span class='ocrx_word' id='word_1_195' title='bbox 1960 4426 2070 4531; x_wconf 82' lang='lat' dir='ltr'><strong>quod</strong></span> 
     </span>
     <span class='ocr_line' id='line_1_25' title="bbox 646 4550 2069 4661; baseline 0.005 -31"><span class='ocrx_word' id='word_1_196' title='bbox 646 4552 768 4631; x_wconf 87' lang='lat' dir='ltr'><strong>dictus</strong></span> <span class='ocrx_word' id='word_1_197' title='bbox 797 4550 981 4632; x_wconf 86' lang='lat' dir='ltr'><strong>Henricus</strong></span> <span class='ocrx_word' id='word_1_198' title='bbox 1006 4552 1045 4629; x_wconf 81' lang='lat' dir='ltr'><strong>ib</strong></span> <span class='ocrx_word' id='word_1_199' title='bbox 1073 4580 1117 4629; x_wconf 92' lang='lat' dir='ltr'><strong>ea</strong></span> <span class='ocrx_word' id='word_1_200' title='bbox 1142 4550 1258 4629; x_wconf 84' lang='lat' dir='ltr'><strong>luerit</strong></span> <span class='ocrx_word' id='word_1_201' title='bbox 1282 4569 1448 4641; x_wconf 89' lang='lat' dir='ltr'><strong>vocatus,</strong></span> <span class='ocrx_word' id='word_1_202' title='bbox 1477 4551 1577 4631; x_wconf 84' lang='lat' dir='ltr'><strong>dicta</strong></span> <span class='ocrx_word' id='word_1_203' title='bbox 1600 4552 1790 4661; x_wconf 82' lang='lat' dir='ltr'><strong>inqueats,</strong></span> <span class='ocrx_word' id='word_1_204' title='bbox 1817 4558 2069 4661; x_wconf 71' lang='lat' dir='ltr'><strong>quantumst</strong></span> 
     </span>
     <span class='ocr_line' id='line_1_26' title="bbox 644 4682 2070 4793; baseline 0.001 -32"><span class='ocrx_word' id='word_1_205' title='bbox 644 4686 787 4791; x_wconf 89' lang='lat' dir='ltr'><strong>ipsum,</strong></span> <span class='ocrx_word' id='word_1_206' title='bbox 813 4683 885 4761; x_wconf 86' lang='lat' dir='ltr'><strong>luit</strong></span> <span class='ocrx_word' id='word_1_207' title='bbox 906 4682 1073 4763; x_wconf 82' lang='lat' dir='ltr'><strong>totaliter</strong></span> <span class='ocrx_word' id='word_1_208' title='bbox 1096 4682 1279 4774; x_wconf 66' lang='lat' dir='ltr'><strong>anullataa</strong></span> <span class='ocrx_word' id='word_1_209' title='bbox 1305 4684 1534 4793; x_wconf 89' lang='lat' dir='ltr'><strong>procedetur</strong></span> <span class='ocrx_word' id='word_1_210' title='bbox 1550 4702 1684 4767; x_wconf 26' lang='lat' dir='ltr'><strong>,tamen</strong></span> <span class='ocrx_word' id='word_1_211' title='bbox 1711 4687 1836 4765; x_wconf 86' lang='lat' dir='ltr'><strong>adbuc</strong></span> <span class='ocrx_word' id='word_1_212' title='bbox 1859 4686 1900 4763; x_wconf 89' lang='lat' dir='ltr'><strong>in</strong></span> <span class='ocrx_word' id='word_1_213' title='bbox 1924 4687 2070 4793; x_wconf 75' lang='lat' dir='ltr'><strong>predic</strong></span> 
     </span>
     <span class='ocr_line' id='line_1_27' title="bbox 645 4813 2066 4924; baseline 0.004 -31"><span class='ocrx_word' id='word_1_214' title='bbox 645 4816 711 4903; x_wconf 89' lang='lat' dir='ltr'><strong>tis,</strong></span> <span class='ocrx_word' id='word_1_215' title='bbox 740 4815 948 4897; x_wconf 89' lang='lat' dir='ltr'><strong>secundum</strong></span> <span class='ocrx_word' id='word_1_216' title='bbox 974 4813 1134 4897; x_wconf 82' lang='lat' dir='ltr'><strong>formam</strong></span> <span class='ocrx_word' id='word_1_217' title='bbox 1160 4818 1410 4924; x_wconf 86' lang='lat' dir='ltr'><strong>quarumdam</strong></span> <span class='ocrx_word' id='word_1_218' title='bbox 1437 4816 1595 4895; x_wconf 86' lang='lat' dir='ltr'><strong>aliarum</strong></span> <span class='ocrx_word' id='word_1_219' title='bbox 1619 4816 1814 4899; x_wconf 87' lang='lat' dir='ltr'><strong>literarum</strong></span> <span class='ocrx_word' id='word_1_220' title='bbox 1837 4834 2066 4906; x_wconf 77' lang='lat' dir='ltr'><strong>rasuram,</strong></span> 
     </span>
     <span class='ocr_line' id='line_1_28' title="bbox 646 4943 1984 5054; baseline 0.003 -29"><span class='ocrx_word' id='word_1_221' title='bbox 646 4972 739 5053; x_wconf 89' lang='lat' dir='ltr'><strong>quas</strong></span> <span class='ocrx_word' id='word_1_222' title='bbox 757 4943 895 5024; x_wconf 90' lang='lat' dir='ltr'><strong>ballivo</strong></span> <span class='ocrx_word' id='word_1_223' title='bbox 915 4945 1129 5025; x_wconf 87' lang='lat' dir='ltr'><strong>Turonensi</strong></span> <span class='ocrx_word' id='word_1_224' title='bbox 1149 4946 1334 5027; x_wconf 86' lang='lat' dir='ltr'><strong>mittimus</strong></span> <span class='ocrx_word' id='word_1_225' title='bbox 1352 4946 1403 5029; x_wconf 92' lang='lat' dir='ltr'><strong>ob</strong></span> <span class='ocrx_word' id='word_1_226' title='bbox 1422 4947 1602 5054; x_wconf 75' lang='lat' dir='ltr'><strong>predicta.</strong></span> <span class='ocrx_word' id='word_1_227' title='bbox 1980 4962 1984 4969; x_wconf 87' lang='grc'><strong>’</strong></span> 
     </span>
    </p>

    <p class='ocr_par' dir='ltr' id='par_1_7' title="bbox 702 5077 1218 5184">
     <span class='ocr_line' id='line_1_29' title="bbox 702 5077 1218 5184; baseline 0.002 -28"><span class='ocrx_word' id='word_1_228' title='bbox 702 5077 858 5156; x_wconf 89' lang='lat' dir='ltr'><strong>Veneris</strong></span> <span class='ocrx_word' id='word_1_229' title='bbox 876 5094 963 5184; x_wconf 85' lang='lat' dir='ltr'><strong>post</strong></span> <span class='ocrx_word' id='word_1_230' title='bbox 981 5077 1218 5158; x_wconf 83' lang='lat' dir='ltr'><strong>Trinitatem.</strong></span> 
     </span>
    </p>
   </div>
   <div class='ocr_carea' id='block_1_5' title="bbox 639 5276 2073 5564">
    <p class='ocr_par' dir='ltr' id='par_1_8' title="bbox 639 5276 2073 5564">
     <span class='ocr_line' id='line_1_30' title="bbox 702 5276 2073 5403; baseline 0 -4"><span class='ocrx_word' id='word_1_231' title='bbox 702 5320 861 5399; x_wconf 78' lang='lat' dir='ltr'><strong>xxxm</strong></span> <span class='ocrx_word' id='word_1_232' title='bbox 892 5321 991 5399; x_wconf 80' lang='lat' dir='ltr'><strong>cum</strong></span> <span class='ocrx_word' id='word_1_233' title='bbox 1021 5276 1104 5402; x_wconf 64' lang='lat' dir='ltr'><strong>&#39;om</strong></span> <span class='ocrx_word' id='word_1_234' title='bbox 1127 5321 1259 5403; x_wconf 70' lang='lat' dir='ltr'><strong>fuisset</strong></span> <span class='ocrx_word' id='word_1_235' title='bbox 1287 5322 1473 5403; x_wconf 66' lang='lat' dir='ltr'><strong>samaa</strong></span> <span class='ocrx_word' id='word_1_236' title='bbox 1502 5324 1542 5403; x_wconf 77' lang='lat' dir='ltr'><strong>tn</strong></span> <span class='ocrx_word' id='word_1_237' title='bbox 1569 5324 1672 5403; x_wconf 69' lang='lat' dir='ltr'><strong>ama</strong></span> <span class='ocrx_word' id='word_1_238' title='bbox 1697 5322 1856 5401; x_wconf 61' lang='lat' dir='ltr'><strong>maura</strong></span> <span class='ocrx_word' id='word_1_239' title='bbox 1882 5322 2009 5402; x_wconf 64' lang='lat' dir='ltr'><strong>avesa</strong></span> <span class='ocrx_word' id='word_1_240' title='bbox 2034 5342 2073 5399; x_wconf 70' lang='lat' dir='ltr'><strong>a</strong></span> 
     </span>
     <span class='ocr_line' id='line_1_31' title="bbox 639 5448 2072 5564; baseline 0.001 -37"><span class='ocrx_word' id='word_1_241' title='bbox 639 5448 772 5535; x_wconf 74' lang='lat' dir='ltr'><strong>¹lidelis</strong></span> <span class='ocrx_word' id='word_1_242' title='bbox 799 5451 918 5531; x_wconf 84' lang='lat' dir='ltr'><strong>nostri</strong></span> <span class='ocrx_word' id='word_1_243' title='bbox 950 5452 1115 5561; x_wconf 87' lang='lat' dir='ltr'><strong>episcopi</strong></span> <span class='ocrx_word' id='word_1_244' title='bbox 1147 5455 1445 5547; x_wconf 80' lang='lat' dir='ltr'><strong>Aurelianensis,</strong></span> <span class='ocrx_word' id='word_1_245' title='bbox 1475 5454 1723 5564; x_wconf 86' lang='lat' dir='ltr'><strong>interipsum</strong></span> <span class='ocrx_word' id='word_1_246' title='bbox 1760 5455 1996 5559; x_wconf 85' lang='lat' dir='ltr'><strong>episcopum,</strong></span> <span class='ocrx_word' id='word_1_247' title='bbox 2028 5481 2072 5529; x_wconf 84' lang='lat' dir='ltr'><strong>er</strong></span> 
     </span>
    </p>
   </div>
   <div class='ocr_carea' id='block_1_6' title="bbox 734 5604 1943 5669">
    <p class='ocr_par' dir='ltr' id='par_1_9' title="bbox 734 5604 1943 5669">
     <span class='ocr_line' id='line_1_32' title="bbox 734 5604 1943 5669; baseline -0.001 -4"><span class='ocrx_word' id='word_1_248' title='bbox 734 5625 786 5666; x_wconf 81' lang='lat' dir='ltr'><strong>aas</strong></span> <span class='ocrx_word' id='word_1_249' title='bbox 808 5624 894 5668; x_wconf 81' lang='lat' dir='ltr'><strong>otiu.</strong></span> <span class='ocrx_word' id='word_1_250' title='bbox 919 5629 964 5669; x_wconf 90' lang='grc' dir='ltr'><strong>ιιι.</strong></span> <span class='ocrx_word' id='word_1_251' title='bbox 1905 5604 1943 5665; x_wconf 77' lang='grc' dir='ltr'><strong>ι3</strong></span> 
     </span>
    </p>
   </div>
   <div class='ocr_carea' id='block_1_7' title="bbox 0 0 2932 7284">
    <p class='ocr_par' dir='ltr' id='par_1_10' title="bbox 0 0 2932 7284">
     <span class='ocr_line' id='line_1_33' title="bbox 0 0 2932 7284; baseline 0 0"><span class='ocrx_word' id='word_1_252' title='bbox 0 0 2932 7284; x_wconf 95' lang='lat' dir='ltr'><strong> </strong></span> 
     </span>
    </p>
   </div>
  </div>
 </body>
</html>
