5817 7292
854 1119 928 1193 280
1315 1177 1325 1199 ,
1435 1113 1524 1186 Lus
1554 1109 1692 1186 OLIM.

630 1272 815 1335 nummu,
858 1261 931 1335 hoc
949 1257 1062 1345 facts,
1081 1273 1120 1333 et
1133 1257 1212 1332 viso
1223 1255 1394 1362 judicato
1412 1255 1602 1361 predicto,
1624 1281 1692 1359 per
1711 1251 1812 1330 curie
1833 1269 1959 1328 nostre
1976 1251 2182 1360 judicium,
2202 1254 2280 1334 dic·

691 1366 754 1408 ¹³⁰⁸'
855 1408 938 1467 tum
953 1389 1026 1466 fuit
1041 1415 1112 1464 nos
1131 1387 1170 1463 in
1187 1387 1320 1464 saisina
1337 1385 1593 1493 predictorum
1615 1411 1805 1462 remanere
1828 1383 1989 1472 debere,
2008 1401 2048 1462 et
2065 1402 2279 1491 requestam

858 1522 1044 1598 dictorum
1063 1519 1327 1626 religiosorum
1346 1546 1425 1595 non
1438 1545 1521 1594 esse
1542 1515 1769 1602 faciendam,
1785 1515 1883 1592 salva
1902 1515 1947 1592 in
1965 1515 2188 1623 hujusmodi
2207 1517 2282 1594 dio-

857 1651 905 1728 tis
923 1649 1108 1758 religiosis
1127 1649 1324 1754 questione
1343 1645 1593 1755 proprietatis.

913 1782 1041 1861 Martis
1059 1781 1238 1887 predicta.

915 1908 1243 2018 Royareportavit.

912 2176 956 2250 X.
987 2174 1086 2250 Cum
1097 2173 1212 2250 abbas
1224 2189 1262 2249 et
1275 2186 1477 2259 conventus
1490 2169 1804 2278 Sancti-Dyonisii
1817 2169 1987 2248 dicerent
2000 2170 2088 2261 sibi,
2101 2199 2170 2278 per
2175 2171 2279 2278 judi-

858 2307 958 2384 cium
983 2305 1086 2382 curie
1106 2321 1252 2394 nostre,
1275 2302 1526 2409 adjudicatam
1550 2300 1662 2378 luisse
1683 2301 1859 2379 saisinam
1876 2301 2092 2410 justiciandi
2112 2302 2278 2409 hospites

858 2467 946 2516 suos
963 2465 1004 2513 ac
1019 2437 1186 2542 hospites
1202 2434 1426 2514 monialium
1441 2431 1978 2522 Sancte-Batbildis-de-llala,
1993 2433 2032 2510 in
2045 2432 2132 2512 villa
2147 2450 2185 2511 et
2203 2451 2278 2510 ter·

857 2569 990 2646 ritorio
1009 2567 1057 2644 de
1074 2567 1244 2673 Onyaco,
1261 2583 1299 2643 et
1313 2567 1436 2673 qnod,
1453 2581 1608 2672 propter
1629 2563 1810 2642 debatum
1827 2593 1941 2670 super
1960 2564 2031 2642 hoc
2050 2581 2179 2670 postea
2198 2593 2279 2642 mo·

857 2716 938 2774 tum
957 2699 1055 2775 inter
1064 2698 1181 2805 ipsos,
1197 2725 1241 2772 ex
1254 2725 1329 2773 uua
1342 2711 1464 2802 parte,
1487 2712 1525 2772 et
1541 2694 1722 2773 bailivum
1737 2695 2067 2787 silvanectensem,
2085 2723 2129 2772 ex
2145 2695 2276 2786 altera,

856 2830 1022 2935 predicta
1036 2829 1171 2906 saisina
1190 2827 1311 2933 posita
1323 2826 1447 2904 fuerat
1462 2843 1501 2903 et
1513 2825 1637 2906 adhuc
1652 2827 1852 2905 tenebatur
1865 2828 1912 2904 ad
1928 2854 2082 2904 manum
2095 2844 2277 2916 nostram,

856 2978 1048 3066 tamquam
1060 2959 1283 3067 superioris,
1293 2958 1432 3036 ballivo
1447 2974 1576 3036 nostro
1587 2986 1657 3064 pro
1670 2958 1782 3050 nobis
1799 2959 1839 3034 in
1853 2958 2082 3036 contremum
2095 2975 2281 3036 asserente

857 3119 927 3169 nos
942 3093 1031 3199 jure
1052 3110 1184 3170 nostro
1214 3109 1253 3168 et
1276 3108 1471 3197 tamquam
1500 3107 1646 3195 partem
1674 3117 1754 3166 esse
1782 3090 1822 3165 in
1844 3089 1978 3168 saisina
2000 3089 2280 3195 predictomm:

858 3224 1047 3310 Tindem,
1066 3223 1142 3297 visa
1160 3222 1333 3327 inquesta
1351 3249 1466 3328 super
1485 3219 1558 3298 hoc
1578 3219 1626 3298 de
1647 3219 1825 3298 mandato
1846 3237 1976 3298 nostro
1995 3219 2105 3309 facta,
2127 3221 2279 3325 visoque

857 3371 987 3430 tenore
998 3352 1155 3460 judicati
1171 3351 1347 3458 predicti,
1365 3379 1434 3456 per
1446 3351 1551 3428 curie
1567 3367 1696 3429 nostre
1707 3351 1914 3458 judicium,
1932 3351 2075 3429 dictum
2089 3349 2162 3428 fuit
2174 3349 2280 3457 quod

858 3483 1029 3590 inquesta
1054 3483 1239 3590 predicta,
1259 3497 1415 3589 propter
1437 3482 1622 3587 quosdam
1646 3481 1812 3560 delectus
1833 3485 1871 3560 iu
1894 3509 1937 3558 ea
1958 3497 2142 3587 repertos,
2167 3478 2280 3585 perfi-

859 3614 980 3691 cietur
993 3631 1031 3690 et
1045 3613 1084 3689 in
1100 3641 1143 3691 ea
1156 3611 1397 3691 renovabitur
1409 3613 1622 3691 commissio
1637 3614 1684 3692 ad
1700 3613 1854 3692 eosdem
1870 3611 2061 3690 auditores
2071 3612 2155 3717 qui,
2169 3639 2280 3718 quan·

859 3763 941 3822 tum
955 3745 1003 3821 ad
1024 3745 1144 3823 dictos
1161 3743 1331 3826 desectus
1349 3745 1500 3851 plenius
1520 3744 1785 3850 inquirendos,
1807 3744 2019 3852 inquestam
2034 3741 2278 3848 complebunt

857 3878 1077 3984 predictam.

913 4010 1042 4086 Martis
1055 4009 1234 4117 predicta.

915 4141 1016 4247 Roya
1028 4143 1240 4247 reportavit.

914 4403 975 4476 Xl.
1005 4401 1103 4479 Cum
1121 4420 1223 4480 mota
1242 4402 1374 4481 fuisset
1395 4403 1583 4482 discordia
1603 4403 1643 4480 in
1670 4403 1774 4480 curia
1795 4420 1922 4481 nostra
1942 4402 2038 4480 inter
2063 4402 2278 4510 episcopum

859 4530 1134 4620 Belvacensem,
1156 4561 1198 4610 ex
1219 4562 1293 4611 una
1313 4554 1433 4641 parte,
1454 4552 1492 4612 et
1510 4534 1691 4643 majorem
1712 4549 1751 4610 et
1762 4562 1872 4639 pares
1890 4533 2150 4622 Belvacenses,
2169 4563 2211 4611 ex
2227 4533 2279 4609 al-

859 4679 956 4750 tera,
984 4691 1099 4769 super
1124 4691 1171 4740 eo
1196 4665 1300 4770 quod
1328 4664 1451 4742 dictus
1470 4665 1668 4771 episcopus
1687 4664 1841 4770 petebat
1862 4665 1970 4770 quod
1988 4665 2088 4744 bona
2106 4663 2277 4742 Garnerii

859 4791 907 4868 de
926 4791 1120 4881 Credolio,
1141 4792 1321 4899 prepositi
1340 4795 1399 4872 sui
1418 4794 1667 4884 Belvacensis,
1685 4811 1789 4902 capta
1803 4821 1871 4900 per
1886 4794 2068 4902 majorem
2085 4793 2278 4871 Belvacen·

859 4952 955 5011 sem,
982 4941 1021 5001 et
1040 4923 1112 5002 sibi
1131 4923 1316 5002 recredita
1333 4953 1403 5031 per
1424 4953 1582 5003 manum
1602 4942 1786 5017 nostram,
1814 4925 1917 5004 dicto
1938 4926 2122 5005 Garnerio
2141 4924 2278 5003 redde·

856 5071 988 5130 rentur
1007 5070 1044 5130 ct
1066 5053 1374 5148 deliberaremus,
1397 5073 1435 5133 et
1452 5057 1558 5164 quod
1580 5057 1700 5165 major
1716 5056 1964 5146 Belvncensis,
1986 5085 2103 5164 quem
2121 5054 2279 5133 ballivus

860 5183 947 5260 dicti
971 5185 1135 5291 episcopi
1155 5203 1324 5291 ceperat,
1338 5216 1408 5294 pro
1428 5214 1475 5266 eo
1492 5187 1839 5294 quod,·oora1neo‚
1861 5213 1973 5292 super
1989 5188 2088 5264 dicta
2100 5185 2277 5292 capcione

857 5313 1030 5391 noluerat
1051 5316 1297 5420 respondere,
1319 5317 1458 5424 etqui,
1476 5316 1515 5394 in
1535 5317 1699 5423 prisione
1719 5316 1810 5396 dicti
1831 5316 2011 5424 episcopi,
2033 5333 2186 5422 propter
2204 5314 2278 5391 hoc

858 5460 987 5551 captus
1006 5462 1044 5523 et
1063 5445 1240 5524 detentus
1251 5475 1321 5551 per
1336 5464 1471 5555 gentes
1484 5465 1642 5538 nostras,
1660 5448 1783 5526 fuerat
1799 5447 2022 5536 recreditus‚
2040 5473 2107 5552 per
2125 5444 2277 5522 easdem
