5817 7292
878 1069 952 1144 lt9lt
1386 1123 1389 1128 -
1462 1071 1552 1145 tus
1581 1067 1722 1143 OLlM.

647 1191 776 1276 aerariis
796 1219 839 1279 ¹V›
878 1214 1032 1292 ecclesie
1057 1215 1300 1321 parrochialis
1326 1215 1424 1292 dicte
1450 1212 1536 1290 ville
1561 1210 1893 1318 Compendiensis,
1920 1211 1961 1285 in
1981 1210 2091 1317 cujus
2108 1215 2302 1317 parrochia

715 1310 778 1354 lm
877 1345 1015 1422 lactum
1037 1344 1255 1453 hujusmodi
1278 1345 1398 1422 extitit
1415 1360 1681 1450 perpetratum.

935 1479 1037 1554 Lune
1057 1494 1141 1554 ante
1159 1477 1387 1554 Brandones.

932 1738 1056 1816 XCIX.
1088 1737 1203 1826 Cum,
1223 1763 1265 1812 ex
1279 1752 1383 1841 parte
1398 1733 1636 1840 Regnandiui
1650 1735 1699 1811 de
1712 1731 1867 1811 Bruillia
1877 1795 1887 1822 ,
1898 1732 2078 1839 junioris,
2098 1736 2202 1813 curie
2217 1764 2299 1814 nos·

876 1889 932 1946 tre
949 1868 1197 1976 significatum
1216 1865 1348 1944 luisset
1362 1866 1468 1972 quod
1483 1863 1710 1973 Regnaudus
1720 1863 1842 1943 Souef
1851 1880 1891 1941 et
1902 1865 2132 1972 Reginaldus
2145 1866 2180 1942 le
2200 1869 2302 1964 Bocu

877 2018 915 2077 et
941 2001 1154 2106 Stephanus
1182 2000 1229 2075 de
1259 1997 1393 2105 Gurgi,
1427 2025 1470 2073 ac
1499 1996 1576 2072 duo
1606 1995 1669 2070 alii
1703 1994 1892 2081 scutiferi,
1917 1994 2047 2100 plures
2077 1995 2236 2103 injurias
2265 2015 2304 2075 et

876 2130 1037 2207 lesiones
1058 2128 1263 2205 intulerant
1286 2129 1426 2216 eidem,
1453 2125 1684 2232 requirendo
1712 2124 1878 2231 predicta
1903 2142 2160 2233 competenter
2181 2155 2302 2204 emen-

877 2259 957 2337 dari
977 2277 1014 2336 et
1026 2260 1150 2365 puniri
1167 2291 1175 2336 ι
1194 2261 1315 2365 Super
1329 2257 1524 2364 predictis,
1545 2257 1592 2332 de
1606 2254 1783 2333 mandato
1797 2257 1901 2334 curie
1913 2272 2055 2344 nostre,
2073 2259 2210 2334 vocatis
2224 2285 2303 2362 par-

876 2390 994 2481 tibus,
1017 2389 1192 2495 inquisita
1209 2390 1360 2468 veritate
1387 2404 1425 2464 et
1449 2389 1496 2464 ad
1523 2387 1665 2464 curiam
1684 2404 1889 2491 reportata,
1909 2415 1978 2493 per
1998 2404 2180 2464 arrestum
2201 2390 2303 2464 curie

878 2538 1003 2598 nostre
1027 2519 1169 2597 dictum
1191 2520 1263 2597 luit
1282 2518 1386 2625 quod
1405 2518 1565 2624 predicti
1581 2516 1811 2624 Reginaldus
1831 2516 1955 2595 Souef
1969 2534 2007 2594 et
2026 2517 2253 2624 Reginaldus
2265 2519 2303 2594 le

877 2653 994 2748 Bopu,
1011 2677 1079 2755 pro
1098 2647 1258 2726 emenda
1274 2647 1455 2728 lectorum
1472 2647 1747 2752 predictorum,
1766 2644 1867 2723 dicto
1883 2645 1961 2724 leso
1978 2647 2157 2723 ducentas
2170 2645 2299 2734 libras,

879 2797 916 2857 et
935 2778 1090 2857 domino
1112 2781 1220 2888 Regi,
1242 2779 1330 2855 alias
1350 2778 1531 2855 ducentas
1550 2777 1664 2855 libras
1681 2778 1926 2855 Turonenses
1944 2777 2176 2883 persolvent,
2193 2795 2233 2854 et
2247 2795 2304 2855 te-

874 2910 1029 2990 nebunt·
1048 2912 1251 3017 prisionem
1278 2911 1317 2986 in
1340 2909 1543 2988 Castelleto
1565 2909 1781 2996 Parisiensi,
1806 2937 2005 3015 quousque
2028 2909 2099 3016 ipsi
2128 2909 2306 2987 solverint

878 3041 1169 3150 quadringentas
1186 3041 1300 3119 libras
1319 3040 1515 3147 predictas.
1537 3040 1668 3117 Dictus
1687 3067 1776 3116 vero
1795 3040 2023 3146 Stephanus,
2046 3056 2175 3118 contra
2191 3069 2306 3146 quem

880 3172 996 3250 nichil
1017 3172 1088 3249 luit
1104 3175 1296 3251 inventmn
1312 3172 1530 3279 probatum,
1546 3171 1741 3248 absolutus
1760 3169 1832 3246 fuit
1848 3187 1874 3246 a·
1883 3170 2080 3277 predictis,
2099 3188 2154 3257 et,
2176 3187 2305 3247 contra

881 3303 1066 3409 predictos
1085 3303 1278 3381 scutiferos
1298 3319 1424 3378 contra
1444 3329 1540 3408 quos
1560 3309 1638 3379 nori
1655 3301 1727 3378 luit
1744 3301 1982 3407 inquisitum,
1999 3300 2087 3406 ipsis
2103 3299 2241 3377 vocatis
2254 3300 2304 3377 ed

880 3434 996 3510 finem
1017 3429 1178 3520 civilem,
1197 3434 1329 3510 veritas
1349 3431 1572 3538 inquiretur,
1585 3449 1623 3509 et
1640 3431 1748 3510 faciet
1765 3432 1869 3508 curia
1886 3459 2000 3536 super
2011 3430 2086 3507 hoc
2102 3429 2206 3535 quod
2222 3428 2305 3506 fue-

882 3564 929 3640 rit
950 3563 1122 3641 racionis.
1237 3659 1238 3662 Ἴ

936 3697 1043 3772 Lune
1064 3710 1147 3772 ante
1164 3695 1391 3772 Brandones.

934 3961 975 4040 C.
1008 3961 1124 4048 Cum,
1148 3961 1186 4036 iu
1201 3985 1306 4036 causa
1326 3985 1451 4035 coram
1472 3957 1662 4063 preposito
1681 3956 1878 4034 Parisiensi
1896 3956 2103 4063 pendente,
2125 3957 2224 4033 inter
2244 3937 2306 4033 Ni-

879 4121 972 4168 num
996 4091 1043 4166 de
1063 4089 1413 4175 Castro-Arentini,
1434 4104 1716 4193 procuratorem
1740 4086 1862 4164 fratris
1881 4086 2082 4164 Tholomei
2105 4104 2143 4163 et
2166 4087 2305 4163 lazaru

880 4223 927 4300 de
952 4223 1138 4310 Fondera,
1161 4238 1420 4307 executurum,
1444 4237 1487 4296 ut
1508 4219 1656 4307 dicitur,
1674 4218 1844 4295 defuncti
1857 4218 1986 4296 Labbe
2006 4219 2235 4309 Girarduce,
2259 4219 2304 4296 de

880 4354 999 4440 Luca,
1022 4381 1064 4428 ex
1079 4380 1152 4428 una
1168 4367 1289 4456 parte,
1314 4366 1351 4426 et
1373 4350 1493 4428 dictos
1513 4347 1759 4454 Quinquenel
1779 4365 1818 4450 et
1837 4347 2025 4440 Tenaille,
2049 4350 2097 4426 de
2119 4350 2237 4439 Luca,
2263 4378 2306 4426 ex

881 4483 1011 4571 altera,
1036 4483 1238 4590 aquadam
1259 4481 1537 4559 interlocutoria
1558 4507 1627 4586 per
1648 4480 1793 4556 dictum
1818 4453 2052 4586 prepositum
2081 4479 2153 4558 lata
2179 4498 2307 4559 contra

880 4614 1067 4721 predictos
1081 4611 1324 4719 Quinquenel
1344 4629 1382 4689 et
1400 4611 1586 4701 Tenaille,
1603 4637 1673 4717 pro
1688 4626 1792 4716 parte
1811 4611 1985 4698 adversa,
2006 4611 2094 4719 ipsi,
2114 4630 2303 4718 tamquam

881 4774 901 4821 a
918 4745 1007 4821 salsa
1027 4763 1065 4820 et
1079 4772 1205 4850 prava,
1226 4743 1274 4821 ad
1287 4759 1454 4820 nostram
1476 4743 1618 4820 curiam
1638 4741 1908 4848 appellassent:
1925 4742 2114 4832 Tandem,
2136 4742 2175 4818 in
2195 4769 2304 4819 causa

881 4876 980 4952 dicte
1000 4874 1281 4982 appellaciouis,
1302 4874 1481 4980 predictis
1499 4874 1669 4981 partibus
1688 4872 1842 4960 auditis,
1865 4890 1904 4950 et
1928 4873 2006 4952 viso
2026 4901 2202 4981 processu
2222 4901 2306 4981 pre-

881 5007 996 5096 dict0,
1017 5035 1086 5113 per
1108 5007 1210 5084 curie
1231 5022 1357 5084 nostre
1376 5006 1565 5114 judicium
1587 5006 1732 5083 dictum
1750 5002 1822 5081 fuit
1840 5002 2052 5110 predictum
2070 5004 2304 5113 prepositum

881 5138 977 5214 male
992 5136 1196 5244 judicasse,
1216 5155 1253 5213 et
1272 5137 1393 5214 dictos
1412 5137 1641 5244 appellantes
1658 5136 1757 5214 bene
1771 5134 1993 5243 appellasse,
2018 5154 2057 5214 et
2080 5137 2186 5243 quod
2205 5136 2304 5213 dicte

883 5285 1002 5372 partes
1015 5267 1053 5343 in
1071 5268 1237 5374 predicta
1250 5294 1380 5344 eorum
1399 5267 1593 5376 principali
1608 5295 1717 5344 causa
1732 5266 1892 5345 ulterius
1906 5267 1945 5342 in
1959 5269 2062 5345 curia
2078 5285 2203 5346 nostra
2219 5293 2304 5373 pro-

883 5398 1029 5477 cedent.
