5817 7292
998 1056 1263 1168 naonirns
1288 1078 1351 1151 nr
1377 1056 1583 1152 raonis.
1840 1029 1844 1035 ’
1927 1082 2001 1155 ors

587 1254 648 1305 res
666 1242 704 1303 et
721 1220 904 1331 quosdam
919 1219 1123 1298 monachos
1138 1217 1354 1305 monasterii
1369 1218 1417 1295 de
1435 1218 1584 1324 Figiaco
1604 1234 1707 1294 mota
1720 1216 1925 1309 discordia,
1946 1248 2005 1297 ra-
2039 1226 2225 1291 emirati.

587 1356 696 1435 aione
710 1352 902 1461 sepulture
920 1350 1111 1458 cujusdam
1122 1348 1288 1427 defuncti
1303 1348 1369 1454 qui
1381 1348 1484 1456 apud
1495 1348 1616 1425 dictos
1627 1346 1882 1425 Predieatores
1897 1376 2003 1427 suam
2101 1320 2164 1363 Μ’

450 1479 458 1496 ’
586 1485 760 1595 eligeret,
777 1502 821 1563 ut
834 1483 984 1574 dieitur,
997 1480 1239 1587 sepulturam,
1256 1478 1347 1557 dieti
1360 1478 1553 1568 monaehi,
1570 1484 1806 1557 cumeorum
1817 1478 2006 1586 complici·

587 1616 675 1706 bus,
699 1614 967 1693 eontra-dictos
984 1611 1243 1689 Predieatores
1267 1608 1449 1687 insultum
1469 1607 1657 1697 fecerunt,
1678 1624 1717 1687 et
1739 1606 1941 1715 quemdam
1962 1638 2005 1688 ex

590 1746 699 1824 dictis
718 1742 1018 1823 Predieatoribus
1036 1742 1299 1829 vulnerarunt,
1323 1740 1373 1817 ita
1388 1739 1494 1847 qnod
1510 1738 1604 1816 inlra
1620 1766 1758 1846 paucos
1775 1738 1858 1816 dies
1881 1738 2007 1819 deces-

588 1876 653 1969 sit,
669 1876 932 1981 dicereturque
952 1872 1056 1979 quod
1076 1872 1167 1950 dicti
1184 1869 1402 1951 monasterii
1426 1869 1541 1948 abbas
1563 1869 1759 1976 culpabilis
1779 1870 1914 1947 eratin
1935 1871 2008 1949 hu·

582 2004 770 2111 jusmodi,
791 2022 829 2082 et
855 2004 971 2081 eciam
997 1990 1191 2110 negligens
1215 2002 1255 2077 in
1278 2000 1474 2106 puniendo
1497 1999 1703 2078 monachos
1728 2027 1817 2079 suos
1841 2000 2008 2108 culpabi·

587 2134 643 2214 les
662 2135 710 2211 de
725 2134 922 2240 predictis,
938 2160 1027 2225 nos,
1043 2132 1091 2209 ad
1106 2130 1199 2209 tanti
1215 2157 1385 2207 excessus
1397 2129 1658 2235 punicionem,
1675 2148 1859 2236 quantum
1873 2132 1923 2209 ad
1937 2160 2006 2211 nos

585 2263 764 2370 pertinet,
785 2260 954 2339 volentes
977 2259 1204 2367 procedere,
1224 2257 1484 2336 mandavimus
1502 2286 1616 2365 super
1635 2260 1844 2364 premissis,
1868 2263 2007 2341 vocatis

585 2392 772 2498 partibus,
788 2390 980 2470 veritatem
1000 2390 1140 2496 inquiri
1158 2420 1167 2466 r
1187 2388 1275 2469 Visa
1293 2388 1409 2494 igitur
1424 2389 1597 2494 inquesta
1616 2417 1731 2496 super
1747 2390 1821 2467 biis
1836 2391 1884 2469 de
1901 2422 2006 2471 anan-

587 2521 676 2601 dato
690 2519 941 2607 neruoram,
958 2518 1120 2625 visisque
1135 2518 1440 2596 excusacionibus
1453 2546 1498 2595 ex
1509 2533 1613 2624 parte
1629 2518 1719 2595 dicti
1734 2520 1880 2599 abbatis
1894 2552 2007 2630 super

587 2652 662 2731 hoc
679 2650 896 2758 propositis,
913 2676 981 2756 per
996 2648 1098 2725 curie
1121 2665 1248 2727 nostre
1261 2646 1467 2756 judicium,
1484 2646 1626 2725 dictum
1644 2646 1718 2725 suit
1735 2677 1813 2726 non
1830 2678 2006 2757 apparere

588 2806 658 2885 per
670 2781 879 2887 inquestsm
893 2779 1101 2887 predictam
1117 2778 1261 2857 diotrrm
1281 2776 1455 2856 abbatem
1468 2805 1583 2884 super
1597 2778 1670 2857 boc
1688 2777 1852 2885 inculpa
1869 2780 1929 2859 vel
1948 2810 2008 2859 ne

588 2909 770 3020 gligeneia
786 2908 920 2999 luisse,
941 2909 1138 3016 quodque,
1157 2936 1229 3016 pro
1252 2906 1350 2987 facto
1370 2907 1563 3014 predicto,
1584 2908 1687 2987 curia
1705 2926 1851 2999 nostra,
1877 2939 1947 3017 pro
1966 2940 2007 2993 se

587 3039 643 3117 vel
663 3066 734 3147 pro
748 3054 869 3145 parte,
891 3037 1035 3115 nullam
1050 3035 1245 3117 emendam
1266 3035 1378 3115 levari
1396 3036 1507 3115 [sciet
1524 3036 1571 3114 ab
1585 3036 1718 3117 abbate
1731 3040 1921 3146 predicto,
1939 3042 2007 3121 sed

588 3170 691 3275 quia,
723 3197 793 3275 per
822 3168 979 3246 dicum-
994 3168 1223 3275 inquestam,
1256 3183 1495 3275 compertum
1526 3184 1584 3245 est
1620 3170 1804 3275 quosdam
1833 3170 2005 3260 clericos,

586 3314 663 3377 tarn
681 3298 877 3407 religiosos
902 3325 1017 3404 quam
1037 3296 1240 3389 seculares,
1261 3298 1302 3375 in
1320 3296 1540 3404 hujusmodi
1560 3298 1781 3405 deliquisse,
1802 3302 2007 3407 superbos

587 3428 688 3509 euna
707 3446 834 3509 nostra
849 3427 1116 3541 aognioionem
1133 3444 1173 3507 et
1189 3428 1435 3535 punitionem
1452 3426 1652 3507 ordinariis
1667 3428 1862 3535 judicibus
1875 3458 2007 3509 eornm

588 3559 742 3638 dimisit.

645 3688 807 3768 Sabbata
826 3704 913 3793 post
924 3687 1208 3769 Penthecosten.

647 3947 737 4027 ClV.
768 3946 891 4052 Super
904 3946 1038 4023 saisina
1060 3972 1322 4025 mensurarum
1334 3944 1419 4023 ville
1433 3946 1482 4025 de
1496 3944 1733 4027 Guieneourt
1750 3963 1855 4027 moto
1871 3948 2008 4029 debato

591 4078 689 4159 inter
708 4075 905 4156 dominum
927 4076 975 4155 de
994 4074 1244 4185 Guienequrt,
1270 4103 1314 4155 ex
1337 4102 1413 4155 una
1432 4094 1552 4183 parte,
1578 4095 1618 4157 et
1639 4092 1918 4184 procuratorem
1943 4080 2011 4159 do-

591 4206 686 4285 mini
705 4205 834 4313 Regis,
862 4205 1059 4295 exstars,
1089 4206 1228 4285 auditis
1250 4206 1438 4313 partibus,
1463 4224 1503 4286 et
1519 4207 1594 4286 visa
1622 4208 1780 4315 apprisia
1805 4210 2010 4317 superbos

592 4336 684 4417 lacta
703 4363 852 4415 necnon
867 4335 990 4414 littera
1008 4364 1121 4443 super
1136 4337 1225 4426 hoc,
1247 4364 1292 4415 ex
1310 4352 1414 4444 parte
1432 4336 1523 4415 dicti
1540 4338 1704 4429 domini,
1724 4340 1922 4445 producta,
1943 4368 2012 4447 per

592 4484 774 4547 arrestum
794 4483 921 4547 nostre
942 4466 1061 4559 curie,
1076 4466 1220 4545 dietum
1235 4466 1310 4545 lirit
1327 4468 1434 4575 quod
1453 4468 1631 4547 dominus
1644 4471 1723 4549 Rex
1740 4469 1950 4549 remanebit
1971 4471 2012 4547 in

591 4596 724 4675 saisina
745 4624 1008 4678 mensurarum
1030 4596 1298 4702 predictarum,
1319 4596 1433 4690 salva,
1454 4626 1568 4705 super
1589 4599 1686 4686 hoc,
1706 4597 1808 4679 dieto
1836 4599 2009 4690 domino,

590 4728 789 4835 questione
802 4727 1051 4834 proprietatis.

649 4855 784 4937 Actum
802 4856 980 4947 Parisius,
1000 4854 1155 4937 sabbato
1169 4874 1254 4963 post
1267 4852 1502 4950 Brandonea,
1519 4884 1619 4937 anno
1635 4856 1795 4939 manao.

648 5117 722 5199 CV.
752 5118 837 5199 Visa
861 5118 1033 5227 inquesta
1056 5134 1185 5199 eontra
1208 5120 1375 5197 Huetum
1403 5118 1453 5198 de
1478 5119 1658 5209 Raueeio,
1684 5119 1947 5213 domicellum,
1977 5136 2015 5198 et

593 5248 675 5356 ejus
692 5246 823 5328 iratres
842 5266 880 5329 et
898 5248 1114 5357 complices,
1127 5248 1223 5329 saca
1234 5250 1445 5329 secundum
1455 5266 1626 5329 tenorem
1635 5250 1793 5359 judicati
1813 5252 2011 5331 noussime

593 5377 761 5479 preteriti
774 5378 1013 5485 parlamenti,
1027 5408 1141 5487 super
1149 5380 1389 5461 estimacione
1402 5380 1651 5489 dampnorum
1662 5409 1731 5487 per
1740 5408 1806 5461 eos
1819 5380 2011 5459 illatorum
