5817 7292
944 1012 1019 1087 594
1527 1010 1617 1083 LES
1647 1008 1785 1083 OblM.

646 1213 652 1227 ,
718 1168 847 1221 Parnm
859 1164 904 1228 lv,
998 1156 1159 1261 Mangon
1177 1154 1387 1260 reportavit.
1405 1150 1539 1231 Adbuc
1557 1151 1672 1229 babet
1685 1151 1755 1227 ista
1774 1150 1996 1256 inquestam.

779 1256 842 1301 ttlt.

996 1418 1187 1497 LXXXVI.
1215 1415 1380 1508 Cum,in
1392 1442 1501 1492 causa
1513 1441 1604 1519 que,
1619 1440 1744 1489 coram
1755 1410 2202 1505 ballivoVirornandensi,
2215 1445 2366 1523 presan

939 1549 1040 1627 tibus
1063 1546 1281 1624 bominibus
1304 1547 1407 1623 curie
1431 1560 1558 1623 nostre
1584 1541 1944 1631 Montis-Desiderii,
1966 1542 2154 1621 lohannes
2179 1545 2227 1624 dc
2249 1550 2363 1641 Falvi,

941 1676 1176 1765 domicellus,
1199 1693 1326 1754 contre
1349 1674 1590 1781 Radulpbum
1611 1672 1659 1750 de
1677 1673 1837 1780 Nigella,
1857 1691 2033 1779 patruum
2052 1704 2180 1767 suum,
2201 1701 2364 1759 mouerat

940 1839 1052 1917 super
1077 1807 1209 1886 saisina
1230 1807 1417 1885 bonorum
1442 1833 1517 1911 que
1541 1802 1733 1910 quondam
1755 1803 1909 1882 fuerunt
1931 1804 2195 1885 defunctorum
2218 1811 2362 1890 comitis

938 1939 1082 2018 Pontivi
1103 1956 1140 2015 et
1164 1936 1361 2025 lobannis,
1385 1936 1466 2044 ejus
1489 1934 1746 2040 primogeniti,
1767 1935 1884 2040 patris
1903 1934 1993 2011 dicti
2014 1937 2205 2015 domicelli
2224 1939 2362 2019 fratris-

939 2097 1013 2177 que
1035 2067 1125 2145 dicti
1139 2066 1304 2156 Radulli,
1319 2064 1441 2143 dictus
1455 2063 1689 2167 Radulpbus,
1706 2062 1813 2141 inter'
1824 2082 1960 2155 cetera,
1983 2068 2236 2173 proposuisset
2254 2074 2356 2177 quod

939 2202 1034 2308 ipse,
1045 2200 1145 2277 dicto
1158 2198 1302 2287 comiti,
1312 2214 1503 2303 tamquam
1515 2195 1596 2304 ejus
1608 2193 1726 2283 lilius,
1740 2196 2079 2305 secundogenitus,
2091 2197 2246 2277 inbonis
2259 2201 2353 2291 suis,

937 2360 1005 2436 pro
1019 2330 1130 2407 certis
1143 2328 1401 2435 porcionibus,
1414 2325 1624 2405 secundum
1640 2325 1759 2431 patrie
1772 2327 2097 2417 consuetudinem,
2116 2349 2353 2420 successerat,

937 2461 1111 2539 videlicet
1123 2461 1162 2535 in
1177 2459 1307 2566 qarinta
1320 2476 1424 2565 parte
1437 2455 1637 2535 feodorum
1650 2456 1909 2549 viromandie,
1926 2476 1965 2536 et
1980 2460 2020 2536 in
2034 2461 2142 2537 tertia
2156 2478 2258 2566 parte
2276 2461 2356 2540 seo-

939 2592 1074 2669 dorum
1099 2590 1313 2680 Belvacinii,
1343 2606 1381 2666 et
1400 2590 1439 2666 in
1458 2587 1583 2665 media
1603 2604 1708 2693 parte
1732 2586 1893 2666 aliorum
1915 2588 2106 2667 bonorum
2129 2591 2355 2669 censualium

936 2722 1167 2828 ubicumque
1182 2722 1441 2809 existenciurn,
1458 2736 1497 2796 et
1509 2718 1615 2826 quod
1627 2719 1724 2825 ipse,
1740 2737 1826 2826 post
1837 2719 1987 2800 obitum
2000 2721 2090 2799 dicti
2102 2722 2268 2812 comitis,
2284 2721 2358 2799 lue·

935 2870 991 2930 rat
1013 2854 1054 2930 iu
1078 2848 1423 2949 saisinabonoruni
1449 2850 1707 2957 predictorum
1732 2879 1801 2956 pro
1823 2852 2068 2958 porcionibus
2086 2854 2299 2943 antedictis,
2318 2881 2358 2931 ac

936 3012 980 3061 ax
996 2984 1139 3062 eisdem
1156 2982 1297 3063 fructus
1313 3002 1350 3063 et
1366 2983 1500 3071 exitam
1517 2982 1661 3060 vivente
1676 2999 1715 3071 et
1727 2981 1867 3062 sciente
1882 2983 1983 3062 dicto
1999 2984 2111 3063 lintre
2127 3014 2214 3076 suo,
2234 3013 2359 3092 perce·

935 3134 1094 3220 perstet
1117 3116 1310 3223 babuerat,
1329 3145 1371 3193 ac
1391 3115 1525 3203 eciam,
1543 3131 1628 3219 post
1646 3113 1794 3191 obitum
1819 3114 1908 3192 dicti
1926 3114 2050 3193 fratris
2069 3116 2147 3205 sui,
2165 3117 2205 3193 in
2223 3116 2356 3192 saisina

934 3246 1124 3323 bonorum
1136 3244 1393 3349 predictorum
1408 3242 1561 3350 pacifice
1575 3259 1822 3335 remanseran
1837 3272 1952 3352 quare
1969 3243 2116 3321 dicabat
2131 3272 2188 3333 se,
2200 3243 2240 3321 in
2255 3243 2356 3321 dieta

936 3375 1083 3461 saisina,
1094 3402 1163 3479 per
1173 3372 1386 3480 predictum
1393 3374 1588 3463 ballivum,
1601 3374 1741 3452 debere
1750 3375 1868 3451 teneri
1878 3392 1916 3452 et
1926 3374 2149 3463 conservari,
2162 3391 2201 3451 et
2207 3372 2355 3479 petitio·

935 3530 1023 3581 nem
1046 3530 1157 3610 qnam
1175 3532 1288 3611 super
1302 3503 1481 3611 predictis
1500 3504 1622 3582 dictus
1640 3503 1857 3583 domicellus
1874 3502 2010 3581 lecerat
2026 3530 2103 3581 non
2122 3531 2204 3582 esse
2217 3502 2355 3581 facien·

937 3634 1041 3725 dam;
1059 3652 1095 3713 ct
1110 3633 1176 3713 lite
1191 3652 1391 3713 contestata
1405 3664 1520 3743 super
1532 3634 1704 3740 pluribus
1713 3635 1817 3713 lactis
1832 3633 2039 3725 contrariis,
2052 3632 2252 3741 propositis
2265 3633 2356 3709 binc

937 3782 974 3845 et
994 3765 1098 3857 inde,
1116 3766 1230 3845 nullis
1246 3765 1537 3876 probacionibus
1556 3796 1669 3874 super
1686 3767 1762 3844 biis
1775 3766 1929 3856 auditis,
1949 3764 2039 3843 dicti
2055 3764 2213 3843 ballivus
2234 3780 2273 3841 et
2286 3763 2360 3841 bo-

935 3899 1055 3975 mines
1063 3897 1275 4004 judicatum
1290 3928 1401 3985 suam
1416 3898 1606 3990 tulissent,
1623 3927 1694 4006 pro
1712 3898 1813 3976 dicto
1831 3896 2052 3987 domicello,
2072 3914 2201 3976 contra
2218 3893 2357 3973 Radad-

935 4027 1053 4133 pbum
1067 4028 1295 4133 predictum,
1315 4048 1353 4109 at
1370 4030 1507 4108 edicto
1522 4028 1706 4138 judicato,
1724 4048 1918 4136 tamquam
1932 4027 2025 4106 falso
2039 4047 2077 4105 ct
2093 4056 2219 4134 pravo,
2236 4026 2357 4103 dictus

935 4158 1154 4265 liudulphus
1174 4162 1222 4238 ad
1237 4178 1403 4239 nostram
1418 4162 1559 4241 curiam
1579 4161 1813 4268 appellasset,
1831 4177 1884 4250 et,
1906 4161 1945 4237 in
1962 4160 2195 4267 parlamento
2207 4174 2353 4247 nostro,

872 4278 874 4283 ’
934 4290 1040 4397 quod
1059 4291 1130 4370 fuit
1147 4319 1245 4368 anno
1260 4293 1413 4370 Domini
1430 4292 1632 4371 millasimo
1652 4291 1918 4385 trecentesimo
1931 4318 2049 4383 nono,
2067 4290 2210 4368 dictum
2228 4288 2358 4367 satiust

934 4422 1121 4527 predictos
1134 4421 1315 4500 ballivum
1331 4441 1369 4501 et
1384 4424 1557 4503 homines
1571 4422 1668 4500 male
1678 4423 1882 4531 judicasse,
1900 4438 1940 4499 et
1954 4421 2100 4503 dictum
2113 4419 2354 4527 Radulpbum

934 4550 1273 4660 beneappellasse,
1293 4572 1331 4632 et
1347 4556 1451 4662 quod
1475 4555 1620 4633 dictum
1635 4553 1847 4661 judicatum
1863 4580 1943 4631 non
1964 4552 2207 4629 mandaretur
2227 4578 2354 4627 exeus-

934 4682 1048 4773 tioni‚
1061 4684 1363 4775 deinde,vi1tute
1379 4686 1470 4765 dicti
1486 4686 1611 4764 ultimi
1629 4685 1804 4793 judicati,
1820 4685 1944 4761 mnus
1957 4683 2176 4790 Radulpbus
2191 4696 2351 4789 pataret,

937 4812 1124 4895 dacum
1146 4812 1333 4892 bonorum
1354 4846 1454 4894 nunc
1471 4834 1758 4923 occupatorum,
1783 4833 1828 4893 ut
1849 4800 2016 4907 dicebat,
2036 4842 2107 4921 per
2126 4814 2265 4891 dictum
2287 4838 2356 4887 ne·

936 4959 1064 5049 potem
1080 4972 1201 5033 suum,
1218 4946 1387 5023 saisinam
1403 4978 1471 5054 pro
1486 4949 1596 5026 dictis
1604 4946 1849 5055 porcionibus
1862 4946 1933 5024 sibi
1947 4944 2148 5025 deliberari
2164 4972 2253 5021 cum
2263 4940 2356 5019 fruc·

936 5072 1037 5157 tibus
1062 5074 1150 5153 inda
1174 5077 1380 5182 perceptis,
1402 5096 1440 5160 et
1463 5079 1586 5157 dictus
1605 5106 1724 5187 nepos
1744 5108 1765 5157 e
1792 5078 1978 5158 conuario
1996 5092 2143 5184 peteret
2165 5076 2353 5153 dictorm

929 5203 1123 5303 bonorum
1139 5206 1210 5283 sibi
1225 5202 1307 5283 lieri
1321 5210 1590 5301 ostensionem,
1606 5229 1661 5302 et,
1678 5209 1816 5288 auditis
1830 5210 1921 5286 binc
1936 5208 2025 5285 inde
2040 5206 2255 5315 propositis,
2272 5202 2354 5281 viso

937 5336 1054 5413 eciam
1073 5331 1241 5444 judicato
1265 5318 1453 5443 predicto,
1477 5368 1546 5445 per
1568 5358 1749 5419 arrestum
1770 5355 1897 5418 nostoe
1916 5339 2037 5429 catria,
2062 5338 2203 5421 dictum
2221 5334 2356 5414 baisset
