5817 7292
950 1093 952 1096 ’
1080 1100 1344 1210 saoneres
1369 1119 1433 1192 av
1459 1100 1662 1194 vsocns.
2035 1123 2079 1192 21

663 1262 753 1340 dicti
785 1260 951 1364 religiosi
977 1260 1174 1340 donasse
1200 1259 1459 1339 omnimodam
1489 1260 1630 1340 habere
1651 1257 1952 1369 jurisdictionem
1978 1279 2018 1337 et
2044 1289 2084 1338 se
2122 1263 2251 1318 Qum
2265 1265 2308 1328 Ν·

664 1419 744 1470 esse
765 1408 803 1469 et
821 1390 933 1470 luisse
952 1391 993 1468 in
1012 1392 1145 1470 saisina
1165 1391 1354 1498 ejusdem,
1376 1391 1458 1470 sola
1474 1389 1737 1498 superioritate
1756 1406 1795 1468 et
1812 1390 1924 1499 garda
1943 1409 1982 1467 et
1999 1421 2085 1498 spe-
2185 1363 2247 1406 ¹⁹⁹²

664 1521 808 1602 cialiter
831 1523 1021 1602 dictomm
1046 1523 1216 1602 locorum
1239 1523 1289 1600 ad
1312 1550 1381 1602 nos
1405 1522 1530 1604 solum
1548 1520 1776 1629 pertinente,
1798 1520 2017 1600 accedentes
2037 1523 2084 1600 de

665 1679 777 1744 novo,
808 1670 934 1759 portas
962 1653 1100 1733 domus
1127 1653 1175 1730 de
1203 1652 1393 1732 Chameco
1420 1651 1628 1760 fregerunt,
1658 1652 1749 1730 item
1778 1678 1916 1757 ceppos
1944 1651 2086 1729 ibidem

665 1787 863 1863 existentes
888 1785 1083 1892 fregerunt
1107 1801 1147 1863 et
1172 1801 1409 1873 amoverunt,
1438 1801 1477 1860 et
1499 1784 1539 1860 in
1566 1783 1652 1862 loco
1681 1782 1729 1860 de
1754 1782 1917 1861 Dorneci
1937 1781 2087 1860 surches

664 1916 754 2022 erigi
783 1913 829 1991 de
857 1943 955 1994 novo
982 1913 1151 1994 lecerunt
1177 1934 1216 1994 et
1241 1917 1348 2022 poni;
1375 1944 1449 2023 que
1477 1915 1606 1995 omnia
1631 1913 1798 2020 predicta
1820 1930 1860 1990 et
1882 1912 1992 2019 plura
2015 1913 2087 1990 alia

663 2046 752 2123 dicti
781 2043 947 2152 religiosi
974 2063 1146 2124 asserunt
1175 2072 1254 2124 esse
1281 2045 1376 2122 sacta
1402 2047 1441 2122 in
1469 2044 1723 2154 prejudicium
1751 2044 2023 2150 superioritatis
2049 2063 2088 2122 ct

659 2173 775 2281 garde
802 2192 947 2262 nostre,
969 2205 1011 2252 ac
1025 2175 1301 2283 jurisdictionis
1320 2203 1388 2254 sue
1408 2175 1617 2282 dampnum
1637 2203 1715 2252 non
1732 2174 1929 2253 modicum
1948 2193 1988 2252 et
2002 2205 2085 2284 gra-

637 2368 641 2376 .
659 2333 813 2396 vamen,
836 2333 921 2394 nos,
937 2333 1050 2413 super
1063 2309 1260 2414 predictis,
1275 2308 1471 2386 veritatem
1487 2308 1582 2386 scire
1598 2307 1784 2397 volentes,
1800 2309 1986 2414 quosdam
2002 2339 2086 2415 pro

659 2436 729 2514 bos
752 2438 851 2514 viros
874 2437 924 2514 ad
950 2437 1048 2516 dicta
1073 2437 1153 2516 loca
1179 2438 1466 2528 destinavimus,
1498 2439 1720 2518 mandantes
1745 2457 1783 2519 et
1808 2448 2084 2518 committentes
2133 2523 2142 2545 ⁸

660 2567 804 2646 eisdem
830 2568 1007 2674 quatinus
1035 2597 1078 2647 ea
1107 2597 1180 2678 que
1208 2568 1307 2648 clara
1337 2587 1376 2648 et
1400 2569 1546 2677 liquida
1571 2571 1619 2648 de
1648 2569 1824 2678 predictis
1851 2570 2081 2662 invenirent,

659 2697 708 2772 ad
732 2699 934 2803 pristinum
960 2717 1100 2778 statum
1122 2700 1252 2778 reduci
1272 2699 1453 2790 facerent;
1474 2729 1552 2806 que
1575 2728 1663 2778 vero
1683 2700 1799 2778 dubia
1816 2728 1885 2806 per
1903 2702 2083 2778 debatum

659 2828 825 2933 parcium
852 2829 1078 2918 invenirent,
1101 2831 1193 2908 locis
1225 2830 1400 2934 primitus
1430 2830 1625 2918 resaisitis,
1655 2829 1835 2907 debatum
1860 2832 1906 2906 ad
1926 2859 2083 2907 manum

658 2975 824 3035 nostram
843 2977 1048 3065 ponerent,
1071 2976 1110 3037 et
1123 2959 1225 3037 ‹iiem
1245 2987 1358 3065 super
1373 2959 1446 3036 hoc
1460 2957 1629 3066 partibus
1646 2960 1877 3068 assignarent
1891 2961 1940 3037 ad
1954 2962 2083 3040 subse-

657 3115 777 3194 quens
804 3089 976 3197 proximo
1005 3090 1296 3196 parlamentum,
1330 3107 1442 3194 prout
1464 3090 1504 3166 in
1533 3089 1667 3168 litteris
1695 3091 1970 3188 commissionis
1995 3121 2081 3198 pre-

657 3218 756 3296 dicte
776 3218 925 3324 plenius
945 3220 1176 3306 continetum
1197 3247 1327 3296 verum
1348 3246 1434 3295 cum
1456 3218 1548 3296 dicti
1570 3221 1815 3298 commissarii
1836 3221 1885 3298 de
1903 3223 2082 3326 predictis

657 3349 953 3456 inquisivissent,
972 3349 1192 3428 auctoritate
1219 3348 1494 3426 commissionis
1515 3349 1705 3454 predicte,
1724 3350 2078 3454 pronunciaverunt,

657 3498 694 3556 et
708 3480 806 3558 inter
820 3481 889 3558 alia
901 3491 1150 3587 preceperunt
1162 3479 1397 3584 procuratori
1408 3479 1497 3556 dicti
1513 3479 1661 3557 comitis
1679 3481 1801 3586 quod,
1822 3507 1892 3587 pro
1902 3479 2091 3560 fractione·

656 3612 755 3688 dicte
775 3612 912 3690 domus
929 3611 977 3689 de
993 3612 1200 3697 Chameco,
1220 3609 1330 3687 nobis
1346 3626 1384 3686 ct
1403 3608 1513 3687 dictis
1526 3609 1712 3718 religiosis
1726 3612 1926 3689 emendam
1944 3611 2081 3691 laceret

656 3759 694 3818 et
713 3741 862 3820 lurchas
879 3743 1066 3850 predictas
1086 3741 1185 3819 dirui
1206 3738 1346 3818 laceret
1364 3767 1431 3816 seu
1452 3739 1606 3847 deponi.
1623 3740 1655 3817 A
1671 3769 1746 3848 qua
1764 3744 2078 3848 pronunciacione

655 3896 721 3946 seu
741 3889 918 3980 precepto
938 3873 1062 3950 dictus
1080 3888 1312 3978 procurator,
1334 3898 1373 3948 se
1394 3887 1433 3948 et
1451 3868 1596 3949 dictum
1615 3871 1793 3951 comitem
1812 3875 1982 3952 senciens
1999 3903 2080 3979 gra-

655 4017 771 4090 vatos,
792 4001 841 4078 ad
859 4031 944 4095 nos,
964 4021 1143 4110 tanquam
1164 4033 1184 4080 a
1203 4001 1296 4081 lalso
1318 4021 1355 4080 et
1373 4029 1486 4109 pravo
1503 4003 1663 4111 judicio,
1680 4004 1895 4110 appellavit,
1913 4033 2079 4082 asserens

654 4160 693 4207 se
714 4136 949 4238 proposuisse
970 4147 1055 4212 ante
1076 4135 1214 4212 dictam
1233 4134 1592 4240 pronunciationem
1614 4152 1770 4241 etpost,
1793 4151 1831 4212 et
1848 4163 1889 4212 se
1907 4134 2080 4241 probatu-

655 4289 741 4338 rum
762 4261 961 4353 obtulisse,
982 4263 1155 4342 videlicet
1173 4265 1281 4370 quod
1301 4262 1399 4340 dicta
1417 4263 1498 4342 loca
1520 4263 1567 4340 de
1587 4265 1776 4342 Chameco
1796 4281 1834 4340 et
1853 4266 1900 4342 de
1916 4265 2078 4342 Dorneci

655 4394 723 4470 sita
736 4394 873 4471 suntin
888 4395 1066 4471 comitatu
1080 4394 1298 4473 Nivernensi
1315 4411 1353 4471 et
1368 4392 1592 4472 castellaniis
1607 4393 1696 4470 dicti
1709 4395 1857 4472 comitis
1868 4393 1917 4472 de
1929 4395 2080 4474 Mahcrs

655 4543 693 4600 et
712 4524 760 4601 de
776 4522 958 4614 Clameci;
979 4525 1087 4611 item,
1109 4523 1214 4631 quod
1233 4525 1272 4600 in
1293 4524 1403 4602 dictis
1422 4521 1515 4602 locis
1534 4524 1658 4604 dictus
1677 4552 1803 4604 comes
1822 4526 1937 4604 habet
1955 4529 2078 4604 omni-

654 4655 807 4733 modam
822 4654 1126 4764 jurisdictionem
1148 4671 1186 4731 et
1204 4654 1435 4744 dominium,
1455 4655 1548 4734 item
1566 4656 1737 4765 gardam,
1757 4659 2074 4764 superioritatem,

654 4785 926 4864 correctionem
952 4803 989 4862 et
1009 4783 1269 4863 obedienciam
1289 4787 1462 4864 omnium
1480 4813 1555 4894 que
1576 4787 1665 4866 dicti
1688 4788 1854 4896 religiosi
1878 4788 2020 4866 habent
2037 4790 2077 4865 in

652 4914 744 4994 locis
762 4916 957 5023 predictis,
980 4934 1018 4994 et
1037 4933 1094 4992 est
1113 4915 1237 4994 dictus
1257 4944 1401 5006 comes,
1422 4945 1491 5025 per
1504 4945 1545 4996 se
1562 4936 1600 4994 et
1613 4918 1896 5024 predecessores
1915 4948 2019 5008 suos,
2037 4922 2076 4996 in

652 5047 786 5124 saisina
806 5047 978 5126 omnium
1001 5047 1261 5152 predictorum
1282 5065 1320 5125 et
1342 5048 1501 5127 maxime
1520 5049 1562 5125 in
1585 5048 1720 5128 saisina
1735 5050 2010 5158 jurisdictionis
2029 5052 2076 5127 de

652 5176 833 5269 Dorneci,
853 5207 921 5284 per
934 5175 1124 5286 judicium
1139 5176 1265 5256 ballivi
1284 5178 1544 5270 bituricensis
1560 5179 1669 5273 item,
1686 5181 1791 5289 quod
1805 5182 1896 5260 dicti
1911 5182 2075 5289 religiosi

654 5334 791 5413 ceppos
821 5309 869 5388 de
895 5336 992 5388 novo
1016 5327 1220 5415 posuerant
1243 5310 1281 5386 in
1305 5309 1390 5388 loco
1414 5311 1583 5417 predicto
1607 5314 1656 5389 de
1680 5312 1885 5405 Chameco,
1912 5330 1950 5390 et
1972 5311 2076 5415 quod

655 5435 728 5514 hoc
750 5438 799 5518 de
822 5467 919 5518 novo
945 5441 992 5517 ad
1016 5441 1193 5519 noticiam
1213 5440 1386 5548 gencium
1416 5442 1506 5521 dicti
1531 5444 1678 5522 comitis
1701 5462 1935 5551 pervenerat;
1961 5443 2072 5529 item,
2150 5504 2153 5508 .
