5817 7292
1038 1123 1306 1234 anouarns
1331 1125 1627 1220 srraocns
1967 1147 2036 1220 aar

623 1307 698 1388 que
711 1279 801 1359 dicti
813 1301 1035 1390 procurator
1046 1301 1084 1362 ct
1095 1285 1268 1362 consules
1282 1283 1459 1362 <licebant
1474 1286 1631 1363 denoto
1648 1267 1886 1373 calidoniae,
1905 1287 1944 1362 in
1957 1310 2043 1364 nos·
2081 1275 2211 1350 aliems
2226 1293 2268 1358 W,

623 1429 725 1489 uum
740 1431 781 1490 et
799 1413 987 1494 dictorum
1007 1411 1207 1494 consulum
1226 1405 1479 1523 prejudicium
1488 1415 1611 1506 ,··sacta
1630 1412 1741 1494 luisse
1750 1459 1765 1508 ‚·
1780 1395 1978 1494 asserendo
1995 1417 2041 1493 ad
2142 1387 2204 1431 Μ’

624 1575 693 1623 nos
701 1545 893 1652 justiciam
908 1549 1019 1626 altam
1034 1566 1072 1626 et
1086 1547 1232 1625 bassam
1246 1549 1286 1623 in
1298 1548 1384 1624 villa
1400 1548 1448 1625 de
1463 1549 1663 1626 Castancto'
1674 1577 1716 1624 ac
1731 1548 1847 1654 ipsius
1861 1547 1948 1622 ville
1959 1574 2044 1652 per·

623 1676 799 1754 tinenciis
814 1695 852 1755 et
866 1678 1039 1757 districtu
1056 1679 1263 1757 insolidum
1277 1679 1484 1784 pertinere,
1501 1696 1554 1768 et,
1570 1690 1725 1785 pr'o'pter
1739 1665 1961 1786 hujusmodi
1980 1676 2045 1753 de-

624 1808 771 1894 batum‚
795 1835 861 1914 per
878 1809 1021 1886 dictum
1038 1808 1301 1896 senescallum,
1316 1810 1356 1884 in
1371 1810 1463 1916 ipsis
1475 1809 1605 1896 lurcis,
1625 1835 1757 1886 manus
1774 1801 1898 1884 nostra
1915 1787 2045 1886 luisset

624 1939 806 2043 apposita,
823 1940 1003 2044 predictis
1022 1939 1231 2018 Guillelmo
1248 1956 1286 2017 et
1302 1939 1480 2018 Guidone
1504 1939 1817 2046 pretendentibus
1839 1967 1877 2015 se
1898 1967 1977 2015 esse
2005 1940 2044 2015 in

624 2067 760 2144 saisina
773 2067 849 2145 alte
867 2086 907 2146 et
924 2070 1032 2147 basse
1043 2069 1195 2177 justicie
1208 2069 1309 2146 'dicte
1323 2070 1411 2147 ville
1433 2087 1471 2146 et
1486 2071 1567 2179 ejus
1582 2069 1897 2176 pertinenciarum
1913 2085 1949 2146 et
1970 2069 2045 2147 ‹lis—

623 2197 775 2286 uictus,
792 2215 832 2275 at
848 2200 1131 2306 requirentibus
1150 2222 1304 2276 manum
1323 2204 1489 2279 nostram
1511 2201 1600 2278 inde
1621 2201 1807 2291 amoveris
1819 2209 1932 2308 super
1951 2228 2043 2308 quo,

623 2355 749 2404 soram
764 2327 867 2405 dicto
882 2329 1105 2422 senescallo..
1121 2331 1222 2408 inter
1236 2347 1361 2437 partes
1374 2331 1561 2438 predictas
1577 2331 1726 2410 diucius
1746 2333 1967 2438 disceptato,
1988 2362 2047 2410 se-

623 2457 901 2564 nssoallusips'd
909 2457 1105 2537 diffinitive
1114 2460 1374 2568 pronunciavit
1386 2461 1508 2538 dictos
1520 2459 1769 2540 Guillelmum
1781 2460 2046 2540 etGuidonenr

625 2589 764 2666 assus
786 2606 985 2668 remanere
1006 2591 1045 2666 n
1059 2585 1201 2668 aium
1214 2590 1389 2668 ‘noenu
1411 2607 1450 2667 a
1468 2591 1624 2668 tenendi
1641 2573 1892 2668 dictasturcas
1908 2611 2047 2670 eremas

620 2718 867 2823 justiciabiles
886 2722 926 2796 in
946 2721 1031 2798 loco
1048 2720 1237 2828 predicto,
1255 2736 1293 2798 et
1312 2746 1468 2797 nmnum
1488 2703 1653 2798 nostram
1675 2737 1712 2797 et
1730 2701 2046 2826 impedimentum

625 2850 896 2957 quodcumque
914 2879 983 2956 per
998 2851 1123 2956 ipsum
1136 2849 1348 2956 appositum
1365 2847 1509 2926 ibidem
1530 2851 1681 2957 penitus
1697 2852 1852 2942 amovit,
1870 2851 1965 2927 salva
1978 2881 2047 2930 no-

627 2979 687 3056 bis
706 2976 905 3087 questione
924 2982 1165 3089 proprietatis
1185 2983 1225 3057 in
1244 2981 1423 3058 omnibus
1441 2981 1683 3087 supradictis3
1704 3011 1723 3059 a
1743 3011 1816 3090 qua
1839 2965 2044 3071 sentencia,

624 3128 818 3218 tamquam
831 3110 881 3187 ab
895 3111 1039 3219 iniqua,
1062 3111 1151 3188 dicti
1166 3129 1387 3219 procurator
1401 3127 1441 3188 et
1454 3099 1628 3190 consules
1641 3113 1771 3191 ad-nos
1790 3113 2046 3220 appellarunt:

625 3239 724 3320 Visis
741 3242 867 3350 igitur,
889 3241 928 3318 in
946 3267 1054 3321 causa
1072 3242 1172 3321 dicte
1192 3238 1476 3349 appellacionis‚
1487 3244 1729 3347 processibus
1745 3245 1961 3337 antrldictis‚
1981 3270 2049 3351 per

626 3372 728 3450 maie
747 3381 875 3449 nostre
891 3373 1081 3479 judicium
1092 3362 1106 3460 ,’
1123 3370 1266 3449 dictum
1287 3371 1360 3449 fuit
1378 3372 1591 3478 predictum
1609 3373 1859 3452 'senescallum
1878 3373 1977 3451 bene
1992 3374 2049 3481 ju-

627 3503 784 3592 dicasse,
806 3520 847 3580 et
864 3501 984 3581 dictos
1003 3519 1286 3612 procuratorem
1304 3503 1537 3582 etconsules
1556 3503 1654 3584 male
1674 3499 1893 3611 appellasse!
1929 3527 1932 3534 ¹
1974 3546 1977 3552 ·
2046 3507 2050 3516 '

664 3634 879 3714 ,Dominlca
894 3634 1072 3742 predicta.
1875 3649 1879 3657 ·

660 3891 841 3972 ’[ΧΧΙΧ.
874 3895 972 3972 Cum
993 3897 1206 4002 prepositus
1223 3915 1475 3975 mercatorum
1495 3893 1760 3974 Parisiensium
1772 3893 1968 3974 'innostra
1989 3927 2050 3974 cu-

628 4024 684 4100 ria
698 4018 954 4130 proposuisset
966 4027 1073 4133 quod
1085 4025 1504 4114 ballivusscnonensis,
1526 4055 1594 4134 pro
1608 4021 1707 4136 ipso,
1732 4029 1859 4103 contra
1874 4023 2048 4140 abbatem

629 4171 667 4232 et
686 4171 911 4232 conventum
933 4158 981 4233 de
1005 4156 1160 4234 Barbael
1177 4186 1247 4263 per
1265 4185 1377 4234 suum
1391 4155 1583 4266 judicium
1601 4158 1908 4264 pronunciaverat
1927 4157 2048 4263 quod,

628 4311 698 4391 pro
716 4285 935 4362 necessitate
953 4304 1246 4364 mercaturarum
1267 4304 1305 4365 et
1323 4287 1523 4366 securitate
1542 4315 1805 4394 personarum,
1825 4301 2057 4365 mercaturas·

628 4439 698 4520 per
706 4439 840 4520 aquam
854 4418 995 4494 Secane
1009 4417 1248 4507 (lucentium,
1262 4416 1463 4524 oportebat
1478 4415 1574 4495 duos
1587 4419 1751 4526 gurgites
1759 4419 1950 4495 *dictorum
1961 4418 2055 4495 reliss
2193 4495 2195 4500 ,
2265 4467 2273 4480 ·

630 4535 843 4654 ‘giosorum'
854 4576 955 4654 *quos
969 4547 1111 4626 habent
1129 4548 1261 4626 subtus
1280 4533 1433 4656 ponium
1450 4549 1498 4625 de
1514 4549 1688 4626 Samesio'
1699 4566 1736 4626 ct
1756 4567 1841 4626 ante
1859 4548 2056 4626 abbaciam

631 4675 866 4769 de‘BarbaeL
882 4697 984 4758 retro
994 4679 1144 4756 trabere
1157 4681 1208 4757 ita
1221 4680 1327 4787 quod
1342 4705 1453 4758 naves
1466 4681 1611 4786 possint
1624 4679 1677 4757 ibi
1692 4674 1864 4769 transire,
1883 4697 1921 4756 et
1933 4681 2050 4757 eciam

631 4807 736 4916 qood
755 4810 1056 4914 operiebantur,
1079 4809 1379 4888 seu'oheminum
1396 4827 1467 4917 per
1484 4825 1623 4893 terram
1638 4801 1742 4918 julla
1760 4809 1950 4888 abbaciam
1969 4837 2054 4916 pre-

633 4938 769 5019 dicum
793 4941 935 5035 facere,
959 4929 1347 5048 peteretque-<lictum
1366 4940 1598 5047 judicatum,
1622 4938 1726 5048 quod
1743 4941 1822 5049 jam
1844 4939 1965 5018 luerat
1985 4967 2052 5045 pro

631 5085 736 5172 parte
750 5072 962 5150 executioni
982 5072 1220 5161 mandatum,
1241 5071 1281 5148 in
1299 5089 1424 5150 totum
1440 5071 1655 5149 execucioni
1672 5071 1860 5161 mandari3
1878 5099 2055 5176 procura·

632 5214 714 5276 tore
737 5203 926 5282 dictorum
952 5203 1216 5311 religiosorum
1235 5201 1345 5308 plura
1366 5201 1459 5280 lacta
1483 5201 1521 5279 in
1549 5200 1778 5280 contrarium
1801 5193 2053 5309 proponente}

632 5348 788 5435 propter
806 5361 881 5440 que
900 5333 1049 5412 dicebat
1066 5333 1234 5440 predicta
1259 5333 1344 5410 lieri
1363 5359 1440 5410 non
1452 5330 1620 5410 debere:
1643 5333 1729 5414 Visa
1742 5333 1865 5440 'igitur
1885 5331 2054 5438 inquesta

634 5489 747 5567 super
767 5465 839 5542 hiis
853 5467 901 5544 de
922 5466 1099 5545 mandato
1118 5483 1246 5544 nostro
1261 5465 1373 5558 lacta,
1390 5482 1428 5545 et
1441 5465 1569 5544 audita
1584 5465 1771 5543 relacione
1788 5459 2057 5540 commissario

1899 5617 1951 5682 lta.
