5817 7292
1039 1113 1308 1222 recurres
1333 1132 1398 1203 nr
1425 1114 1632 1208 proces.
1973 1141 2044 1220 311

680 1273 840 1353 Cuillier
858 1272 1070 1379 reportavit.
1121 1359 1127 1365 ⁴

680 1537 772 1616 LIV.
802 1536 901 1615 Cum
916 1552 1018 1614 motr
1033 1552 1131 1615 esset
1145 1535 1347 1623 discordia,
1361 1565 1487 1618 comm
1503 1531 1936 1639 comministrantes,
1950 1538 2048 1624 inter

624 1668 844 1775 magistrum
858 1666 1037 1773 Egidium
1051 1666 1358 1756 camerinensis
1378 1685 1662 1773 procuratorem
1683 1683 1874 1756 nostrum,
1894 1668 2048 1756 nominc

623 1816 769 1888 nostro,
786 1826 831 1876 er
847 1825 925 1875 une
940 1813 1064 1902 poto.
1081 1813 1120 1878 ct
1133 1813 1394 1904 preceptorem
1415 1815 1455 1880 et
1473 1797 1604 1876 fratres
1621 1797 1759 1879 domus
1775 1797 1976 1904 Hospitalis
1990 1800 2049 1876 Je-

622 1929 869 2009 rosolimitani
892 1927 939 2004 de
954 1926 1264 2019 Podio-Sivrano,
1284 1929 1441 2010 nomine
1461 1930 1579 2037 ipsius
1598 1929 1751 2018 domus,
1775 1958 1818 2008 er
1837 1928 1969 2020 altere,
1988 1959 2050 2014 eu-

621 2085 690 2163 per
702 2060 790 2168 jure
807 2057 1003 2137 exercendi
1020 2058 1281 2136 omnimodam
1297 2059 1488 2166 justiciam
1504 2059 1616 2136 altam
1632 2075 1670 2138 et
1684 2059 1831 2138 bessem
1846 2059 1886 2146 ip
1900 2060 1984 2142 loco
2000 2061 2047 2137 de

621 2188 915 2266 PodioSivmno
929 2187 1116 2294 predicto¹
1134 2216 1222 2264 cum
1234 2188 1478 2294 pertinenciis
1493 2189 1586 2280 suis,
1601 2189 1707 2296 quod
1720 2190 1783 2297 jus
1793 2207 1952 2298 utreque
1965 2219 2048 2298 par-

622 2319 720 2398 cium
740 2319 789 2398 ed
808 2347 848 2396 se
867 2319 1057 2425 pertinere
1077 2318 1247 2396 dicebat:
1262 2317 1412 2398 Auditis
1431 2321 1601 2426 partibus
1621 2337 1659 2398 et
1677 2323 1752 2400 visa
1773 2321 1973 2432 diligenter
1992 2323 2049 2399 in·

620 2468 753 2557 queste
776 2477 891 2556 super
909 2451 983 2530 boc
1007 2449 1117 2540 fecte,
1138 2479 1208 2558 per
1226 2451 1329 2536 curie
1347 2469 1476 2530 nostre
1499 2452 1705 2558 judicium,
1728 2453 1871 2538 dictum
1892 2455 1965 2532 fuir
1984 2456 2047 2562 jus

621 2583 817 2662 exercendi
837 2583 878 2660 in
897 2582 982 2660 loco
1001 2582 1172 2688 predicto
1192 2612 1281 2663 cum
1300 2582 1382 2690 ejus
1401 2583 1643 2688 pertinenciis
1663 2585 1922 2666 omnimodam
1937 2587 2047 2692 justi-

621 2712 715 2790 cium
731 2712 780 2788 nd
794 2740 864 2791 nos
876 2712 1085 2818 pertinere,
1105 2711 1299 2817 dictosque
1314 2729 1575 2816 preceptorem
1591 2728 1630 2789 et
1643 2711 1776 2790 fratres
1793 2713 1892 2790 dicte
1910 2713 2046 2796 domus

620 2869 697 2919 non
714 2841 853 2920 hebere
865 2842 930 2948 jus
945 2841 1090 2920 ibidem
1110 2841 1276 2946 aliquem
1291 2842 1481 2948 justiciam
1501 2843 1717 2932 exercendi.
1733 2842 2045 2950 prohibitumque

620 2970 693 3052 fuit
702 2973 865 3062 eisdem,
877 2985 947 3078 per
957 2972 1060 3050 curie
1070 2988 1198 3054 nome
1203 2971 1410 3079 judicium.
1420 2999 1470 3056 rte
1480 2971 1528 3056 de
1539 2990 1664 3056 cetero
1676 2973 1841 3080 aliquem
1852 2985 2045 3055 exerceant

614 3101 805 3208 justiciam
824 3103 866 3180 in
883 3101 976 3182 locis
994 3102 1194 3209 predictis,
1215 3102 1560 3210 condempnctiqne
1579 3102 1735 3186 inerunt
1754 3104 1825 3210 ipsi
1848 3121 2045 3211 preceptor

619 3247 657 3309 et
674 3231 806 3310 fratres
824 3233 873 3312 od
892 3232 1133 3313 reddendum
1154 3231 1266 3313 nobis
1282 3233 1540 3313 emolumenta
1555 3234 1682 3312 omnia
1697 3261 1773 3340 que
1789 3234 1875 3340 ipsi,
1894 3235 2043 3314 racione

617 3364 717 3444 dicte
730 3363 1021 3472 jurisdictionis,
1038 3391 1157 3472 quem
1171 3364 1211 3443 in
1229 3363 1332 3442 dicto
1347 3363 1433 3443 loco
1453 3379 1492 3442 et
1510 3363 1590 3470 ejus
1606 3364 1849 3471 pertinenciis
1868 3393 2043 3444 exercue-

615 3511 706 3572 nmt
726 3523 748 3571 e
766 3511 939 3601 tompore
960 3494 1037 3573 litis
1056 3512 1279 3586 contrectate,
1299 3491 1441 3572 scilicet
1463 3495 1510 3574 ab
1532 3523 1631 3574 enno
1656 3494 1811 3576 Domini
1839 3495 2042 3575 millesimo

618 3626 878 3706 drmmtesimo
898 3625 1129 3734 octogesimo
1146 3624 1315 3707 secundo
1335 3625 1441 3717 citro,
1460 3643 1709 3734 perceperunt
1725 3625 1871 3708 exinde.

673 3757 838 3836 Sebbnto
857 3775 944 3864 post
960 3757 1226 3837 Reminisoere.

672 3888 834 3966 Cuiilier
849 3889 1062 3995 reportarit.

672 4150 748 4228 LV.
778 4149 874 4227 Cum
888 4165 990 4226 mota
1001 4147 1133 4226 firisset
1143 4147 1348 4237 discordia,
1359 4175 1483 4227 comm
1498 4147 1761 4229 commissoriis
1774 4149 1927 4234 nostrie,
1942 4149 2041 4226 inter

618 4279 836 4388 magistrum
852 4279 1030 4388 Egidium
1050 4278 1252 4369 Camelini,
1268 4296 1361 4356 tunc
1374 4296 1656 4386 procumtorem
1677 4295 1867 4368 nostrum,
1885 4279 2040 4358 nomine

618 4426 763 4500 nostro,
779 4438 825 4486 er
839 4437 915 4486 um
929 4426 1051 4516 perte,
1072 4427 1113 4487 et
1127 4427 1390 4517 preceptorem
1407 4426 1445 4489 et
1461 4407 1593 4488 iratres
1612 4410 1748 4490 domus
1766 4409 1968 4516 Hospitalis
1982 4413 2041 4488 Je-

617 4539 874 4648 rosodymitnni
891 4541 941 4619 de
957 4540 1157 4633 Gaddir,
1173 4570 1219 4620 er
1235 4541 1373 4630 altere,
1397 4569 1512 4648 super
1531 4542 1618 4650 jure
1638 4541 1834 4620 exercendi
1853 4541 2041 4623 omnimo-

619 4670 705 4748 dem
725 4671 913 4777 justiciam
938 4670 1049 4748 altam
1074 4689 1113 4748 et
1133 4672 1279 4750 bessam
1302 4673 1342 4748 in
1366 4672 1449 4749 ioco
1474 4671 1644 4782 predicto
1671 4672 1717 4749 de
1744 4670 1926 4751 Gerridiis
1952 4701 2039 4754 ‚cum

617 4802 859 4907 pertinenciis
875 4803 970 4894 suis,
984 4803 1090 4910 quod
1102 4804 1167 4912 jus
1182 4820 1341 4910 utraque
1356 4803 1524 4909 parcium
1539 4802 1587 4880 ed
1605 4829 1643 4880 se
1660 4802 1849 4909 pertinere
1865 4802 2037 4880 dicebat:

617 4932 766 5010 Auditis
776 4933 947 5040 pertibus
964 4950 1003 5011 ct
1015 4933 1091 5011 riso
1107 4934 1310 5044 diligenter
1320 4934 1497 5041 inquestr
1508 4961 1625 5039 super
1639 4933 1712 5012 hoc
1725 4932 1835 5024 fecte,
1853 4961 1921 5040 per
1936 4933 2038 5014 curie

617 5081 744 5141 nostre
759 5060 948 5172 judicium
969 5064 1113 5144 dictum
1132 5063 1207 5143 fnit
1223 5064 1369 5145 dictum
1385 5063 1450 5172 jus
1470 5059 1667 5143 exercendi
1688 5063 1949 5152 omnimodam
1963 5064 2040 5174 jus·

615 5194 741 5274 tioium
756 5195 873 5272 eitam
889 5213 928 5273 et
938 5195 1087 5274 bessem
1102 5195 1143 5274 in
1155 5195 1243 5278 toco
1257 5195 1431 5304 predicto
1444 5221 1537 5276 cum
1554 5196 1635 5303 ejus
1650 5194 1894 5302 pertinenciis
1906 5195 1954 5275 ed
1970 5221 2040 5275 nos

617 5305 822 5431 pertinere,
842 5328 1039 5435 dictostpe
1053 5345 1315 5435 preceptorem
1336 5343 1374 5404 ot
1390 5325 1596 5435 iratresjus
1615 5353 1693 5406 nou
1713 5325 1855 5405 bebere
1874 5325 2037 5434 ediquem

611 5454 799 5562 justicitm
810 5458 1010 5536 exercendi
1022 5459 1063 5537 in
1071 5457 1362 5567 docopredicto,
1378 5457 1689 5566 prohibitumque
1704 5454 1777 5534 suit
1792 5454 1952 5542 eisdem.
1968 5481 2036 5559 per

2088 1287 2218 1344 Purrtrrn
2232 1291 2274 1354 IV,

2150 1382 2211 1426 1³0⁸.
