5817 7292
855 1110 904 1185 98
1418 1116 1520 1189 ,Lus
1551 1113 1692 1189 otttt.

627 1258 757 1313 esstote
771 1258 813 1320 Ν,
853 1250 928 1329 sibi
949 1253 1081 1333 luctam
1103 1272 1321 1363 pergentes
1342 1272 1487 1335 nostrae
1507 1254 1693 1363 predictas
1711 1254 1881 1335 totaliter
1898 1254 2071 1361 mulleri.
2096 1254 2265 1360 predicto

689 1348 751 1391 lm
851 1384 990 1464 Jacobo
1010 1415 1031 1463 e
1054 1386 1237 1465 contrario
1258 1404 1514 1493 proponente,
1539 1404 1592 1476 et,
1612 1386 1787 1494 pluribus
1806 1384 2036 1474 raeionihm,
2055 1402 2207 1492 petente
2221 1386 2269 1465 ab

851 1516 1091 1623 impeticione
1111 1516 1277 1623 predicta
1293 1518 1384 1595 dicti
1406 1516 1583 1625 Symonis
1600 1547 1641 1595 se
1660 1516 1825 1597 absolvi:
1845 1513 2033 1605 Tandem,
2055 1514 2195 1595 auditis
2212 1542 2273 1593 su-

851 1672 920 1751 per
939 1646 1012 1724 hoc
1030 1646 1245 1725 racionibus
1267 1648 1436 1756 parcium
1451 1649 1722 1754 ,predictarum
1745 1664 1785 1725 et
1800 1674 1916 1753 super
1937 1644 2043 1723 factis
2068 1674 2198 1744 earum
2217 1643 2273 1725 in·

851 1792 983 1883 questa
997 1776 1105 1868 lacta,
1127 1778 1204 1856 visa
1223 1796 1260 1857 et
1281 1779 1480 1887 diligenter
1499 1780 1720 1870 examinata,
1742 1778 1863 1857 dictus
1883 1776 2061 1865 lacobus,
2083 1804 2151 1883 per
2170 1775 2272 1855 curie

849 1925 976 1986 nostre
992 1909 1197 2016 judicium,
1220 1909 1267 1987 ab
1291 1910 1534 2017 impetitione
1553 1910 1723 2018 predicta
1746 1906 1836 1987 dicti
1860 1907 2041 2015 Symouis
2061 1906 2182 1988 extitit
2206 1906 2273 1989 ab·

849 2039 1007 2118 solutus.

904 2171 1004 2249 Jovis
1022 2187 1107 2277 post
1125 2170 1470 2249 Annumiaciouem
1488 2171 1654 2251 Domini.

904 2302 954 2381 Μ.
974 2300 1178 2409 Dyonisius
1197 2302 1408 2408 reportavit.

903 2562 1044 2640 XLVII.
1075 2562 1176 2640 Cum
1203 2561 1317 2640 abbas
1346 2578 1387 2640 et
1411 2550 1618 2641 conventus
1644 2558 1964 2644 Sancti-Victoris
1990 2558 2208 2643 Parisiensis
2233 2574 2273 2637 et

848 2718 982 2769 eornm
1002 2692 1105 2799 prior
1124 2692 1172 2769 de
1191 2694 1309 2800 Brayo
1324 2692 1495 2771 dicerent
1507 2708 1546 2769 et
1560 2709 1834 2799 proponerent,
1849 2708 1980 2771 contra
1996 2692 2166 2797 hospites
2184 2717 2272 2769 suos
2331 2695 2335 2703 “

848 2820 896 2899 de
917 2822 1030 2900 huilli
1056 2822 1161 2899 etde
1185 2822 1387 2914 chamini,
1409 2822 1517 2931 quod
1534 2822 1606 2929 ipsi
1625 2822 1764 2931 injuste
1788 2839 1827 2901 et
1846 2820 1925 2900 siue
1943 2850 2055 2899 causa
2074 2848 2114 2899 se
2134 2848 2272 2927 posue-

847 2970 931 3030 rant
960 2953 1000 3030 in
1026 2955 1160 3032 saisina
1187 2954 1352 3062 eligendi
1379 2955 1581 3033 servientes
1606 2982 1676 3060 pro
1697 2953 1929 3062 justiciando
1958 2969 1997 3030 et
2024 2950 2272 3030 custodiendo

842 3080 1033 3190 justiciam
1053 3086 1242 3163 dictorum
1266 3084 1549 3193 religiosorem,
1574 3084 1761 3161 declarato
1788 3086 1886 3162 inter
1908 3100 2032 3191 partes
2056 3082 2161 3189 quod
2181 3082 2271 3160 dieti

846 3213 1014 3320 hospites
1038 3213 1225 3321 eligebant
1246 3214 1342 3291 duos
1360 3215 1460 3292 viros
1478 3230 1516 3290 et
1534 3214 1799 3320 presentabant
1822 3214 1923 3291 dicto
1952 3213 2069 3319 priori
2096 3240 2166 3291 seu
2190 3213 2271 3321 ejus
2373 3236 2380 3249 “

846 3344 1036 3431 mandato,
1059 3343 1125 3449 qui
1148 3342 1225 3421 dno
1243 3342 1422 3448 jurabant
1446 3342 1494 3419 ad
1517 3359 1643 3419 sancta
1665 3343 1741 3419 Dei
1760 3342 1959 3450 Evangelia
1977 3343 2083 3448 qnod
2100 3342 2269 3448 quinque

844 3470 965 3549 honos
985 3471 1083 3547 viros
1110 3471 1156 3548 de
1183 3470 1290 3549 dictis
1308 3471 1405 3551 villis
1425 3472 1624 3580 eligerent;
1644 3472 1712 3579 qni
1732 3472 1901 3579 quinque
1926 3471 2036 3548 electi
2050 3470 2177 3578 jurare
2201 3472 2272 3549 de-

844 3599 984 3678 hebant
1012 3600 1184 3679 similiter
1210 3602 1316 3709 quod
1344 3602 1436 3679 alios
1465 3603 1562 3682 duos
1587 3603 1709 3681 bonos
1726 3602 1826 3683 viros
1845 3600 2029 3708 eligerent
2056 3619 2094 3679 et
2114 3629 2268 3708 presen-

735 3812 739 3817 ,
843 3749 966 3809 tarent
985 3731 1140 3810 domino
1159 3731 1345 3811 dictarum
1363 3730 1551 3824 villarum,
1574 3748 1613 3811 et
1629 3731 1692 3811 isti
1708 3734 1785 3811 duo
1800 3732 1972 3841 jurarent
1991 3733 2090 3810 dicto
2111 3734 2267 3815 domiuo

844 3864 950 3971 quod
967 3864 1064 3941 bene
1085 3882 1123 3941 et
1142 3862 1306 3941 fideliter
1326 3864 1561 3944 custodirent
1578 3863 1813 3943 territorium
1837 3881 1876 3945 et
1893 3864 2000 3942 villas
2023 3863 2211 3970 predictas
2229 3883 2269 3943 et

843 4013 1077 4103 reportarent
1095 3995 1194 4074 dicto
1215 3994 1371 4073 domino
1394 3993 1576 4073 maleficia
1593 4023 1663 4102 pro
1682 3996 1762 4074 suis
1776 3996 1965 4085 emendis3
1980 4022 2057 4102 quo
2076 3995 2191 4085 facto,
2211 3995 2267 4073 illi

844 4126 939 4217 dno,
967 4127 1014 4203 de
1039 4127 1257 4204 anctoritate
1283 4124 1372 4203 dicti
1392 4125 1555 4214 domini,
1577 4125 1820 4204 remanebant
1837 4126 2040 4204 servientes
2061 4154 2130 4232 per
2147 4152 2267 4203 unum

842 4286 983 4335 annum
1003 4257 1164 4349 ibidem3
1187 4256 1295 4345 item,
1313 4273 1351 4334 et
1365 4256 1470 4364 quod
1486 4255 1576 4333 dicti
1595 4256 1762 4364 hospites
1781 4257 1921 4367 injuste
1940 4286 1980 4335 se
2003 4273 2208 4365 posuerant
2227 4257 2266 4333 in

842 4387 974 4465 saisina
995 4388 1126 4465 utendi
1155 4386 1202 4464 de
1227 4386 1446 4494 pasturagiis
1470 4386 1511 4463 in
1529 4388 1689 4467 maresio
1713 4388 1784 4467 sito
1803 4388 1903 4467 inter
1924 4387 2051 4466 villam
2076 4387 2125 4465 de
2145 4388 2265 4496 Brayo

843 4533 881 4593 et
895 4516 1033 4594 dictam
1050 4518 1173 4595 villam
1189 4519 1237 4596 de
1254 4518 1384 4609 Ruilli3
1405 4519 1499 4596 item
1517 4520 1557 4597 in
1574 4518 1708 4599 saisina
1726 4520 1966 4600 custodiendi
1980 4518 2149 4599 l’estalon
2162 4546 2266 4597 men·

841 4674 929 4725 sure
949 4646 997 4723 ad
1013 4646 1161 4737 vinum;
1177 4653 1268 4725 item
1289 4665 1326 4725 et
1340 4650 1509 4754 ponendi
1525 4667 1804 4729 mensuratores
1817 4679 1888 4757 pro
1901 4647 2164 4729 mensurandis
2178 4647 2265 4723 red·

842 4778 985 4855 ditibus
1017 4778 1082 4885 qui
1107 4808 1128 4855 a
1158 4778 1269 4856 dictis
1298 4778 1512 4885 hospitibus
1541 4780 1652 4860 dietis
1676 4782 1862 4891 religiosis
1887 4781 1927 4859 in
1949 4778 2059 4857 dictis
2081 4777 2175 4857 locis
2197 4776 2263 4855 de·

839 4909 995 5003 bentur3
1021 4910 1207 4991 declarato
1235 4910 1353 4989 eciam
1377 4911 1477 4989 inter
1502 4931 1626 5018 partes
1645 4914 1752 5022 quod
1775 4910 1866 4991 dicti
1887 4911 2055 5017 hospites
2074 4906 2263 5016 eligebant

840 5039 937 5119 duos
965 5042 1154 5135 homines,
1181 5070 1276 5149 quos
1301 5042 1566 5149 presentabant
1592 5042 1747 5125 domino
1774 5042 1959 5121 dictarum
1983 5040 2173 5131 villarum,
2194 5038 2261 5146 qui

839 5173 917 5249 duo
942 5172 1121 5281 jurabant
1145 5173 1245 5251 dicto
1273 5173 1430 5251 domino
1459 5175 1567 5282 quod
1590 5175 1659 5282 ipsi
1685 5174 1867 5280 eligerent
1892 5174 1990 5252 duos
2008 5170 2101 5251 alios
2121 5168 2259 5278 probos

838 5302 1026 5396 homines,
1050 5304 1116 5412 qui
1141 5305 1218 5382 duo
1243 5303 1368 5381 ultimi
1384 5303 1557 5412 jurarent
1575 5306 1677 5384 dicto
1702 5303 1858 5383 domino
1882 5302 1995 5409 quod.
2004 5301 2075 5407 ipsi
2093 5301 2192 5381 bene
2219 5316 2258 5379 et

837 5434 1002 5515 fideliter
1022 5436 1234 5543 reciperent
1251 5435 1422 5514 redditus
1445 5437 1548 5515 dicto
1574 5435 1729 5514 domiuo
1752 5432 1907 5513 debitos
1938 5448 1977 5511 et
2004 5430 2078 5514 illis
2104 5430 2152 5509 de
2171 5432 2258 5513 Vic-
