5817 7292
1066 1166 1334 1293 sunoutrss
1360 1186 1424 1259 ur
1450 1167 1656 1261 procus.
2003 1188 2070 1261 ror

709 1328 785 1411 VII.
816 1328 913 1407 Cum
925 1328 1029 1437 prior
1043 1331 1090 1408 de
1101 1330 1257 1411 Melloto
1273 1328 1375 1405 curie
1388 1344 1515 1406 nostre
1528 1325 1791 1422 deuuuciasset
1803 1326 1909 1433 quod
1922 1328 2076 1408 domina
2115 1354 2301 1424 smnsstv,

654 1461 702 1539 de
722 1460 898 1552 Melloto,
922 1461 999 1566 ipsa
1014 1480 1208 1571 presente,
1230 1461 1434 1539 mandente
1456 1477 1494 1538 et
1513 1455 1762 1565 precipiente,
1783 1485 1853 1564 per
1875 1460 2077 1567 complices
2177 1450 2240 1494 ¹⁸⁰⁶·

653 1618 742 1669 suos
763 1609 801 1670 et
819 1592 996 1671 homiues
1016 1592 1063 1671 de
1088 1592 1245 1673 Melloto
1271 1591 1310 1667 in
1333 1618 1468 1698 magna
1489 1587 1758 1680 multitudine,
1781 1588 1883 1667 dicto
1902 1590 2021 1701 priori
2040 1609 2079 1669 et

653 1722 735 1829 ejus
751 1722 934 1829 prioratui
956 1741 994 1800 et
1013 1724 1184 1830 personis
1200 1723 1390 1830 ejusdem,
1408 1722 1492 1830 qui,
1510 1750 1598 1799 cum
1613 1720 1725 1800 bonis
1744 1719 1838 1811 suis,
1863 1720 1910 1797 de
1925 1722 2076 1826 speciali

652 1853 766 1960 garda
789 1870 915 1931 nostra
943 1882 1022 1931 esse
1048 1854 1238 1945 dicuntur,
1262 1853 1478 1943 violencias,
1500 1851 1657 1959 injurias
1677 1868 1715 1928 et
1737 1851 1899 1958 dampna
1913 1850 2078 1958 plurima

651 1982 790 2064 iecerat
804 1983 950 2075 inferri,
972 2012 1042 2063 nos
1057 2012 1170 2090 super
1186 1983 1382 2091 predictis,
1403 1984 1541 2063 vocatis
1556 1984 1743 2090 partibus,
1760 1983 1901 2091 inquiri
1920 1983 2078 2061 lecimus
2095 2057 2103 2073 ,

651 2114 845 2191 veritatem
859 2114 965 2194 :ttisa
984 2115 1099 2223 igitur
1118 2116 1423 2222 inquestasuper
1442 2115 1516 2192 hoc
1534 2114 1644 2209 sacta,
1666 2130 1704 2191 et
1722 2114 1861 2193 auditis
1878 2142 1993 2220 super
2005 2113 2079 2193 boc

652 2243 886 2322 consessione
918 2244 1017 2322 dicte
1049 2245 1204 2324 domine
1231 2275 1273 2323 ac
1303 2246 1428 2323 mariti
1458 2245 1516 2323 sui
1543 2246 1813 2337 ratificacione
1841 2246 1882 2323 in
1907 2246 2078 2353 inquesta

651 2374 819 2481 predicta
842 2377 1046 2466 contentis,
1073 2376 1170 2454 dicta
1196 2375 1349 2454 domina
1374 2375 1490 2483 priori
1515 2376 1704 2484 predicto,
1723 2405 1793 2484 pro
1819 2377 1982 2486 injuriis,
2003 2379 2080 2455 vio-

652 2504 782 2583 lenciis
809 2523 847 2582 et
867 2506 1040 2614 dampnis
1060 2507 1258 2614 predictis,
1283 2508 1323 2584 in
1344 2506 1559 2614 quingentis
1584 2506 1690 2584 libris
1709 2509 2016 2599 Turonensibus,
2037 2538 2079 2587 ac

652 2635 763 2714 nobis
785 2636 825 2712 iu
844 2635 926 2717 eliis
948 2638 1164 2744 quingentis
1184 2636 1308 2730 libris,
1329 2666 1399 2743 pro
1422 2638 1599 2731 emenda,
1619 2665 1688 2744 per
1708 2636 1809 2716 curie
1832 2654 1960 2717 nostre
1976 2639 2080 2747 judi-

652 2766 768 2855 cium,
791 2767 912 2844 extitit
932 2768 1217 2873 condempnata.

708 2896 885 2974 Mercurii
905 2914 991 3004 post
1009 2898 1272 2975 lnvencionem
1294 2898 1427 2975 Sancte
1448 2898 1590 2977 Crucis.

708 3158 799 3237 VIII.
831 3157 929 3237 Cum
940 3158 1057 3236 Fulco
1074 3159 1121 3236 de
1137 3159 1292 3248 Mastaz,
1312 3156 1437 3248 miles,
1453 3157 1685 3264 superomni
1700 3158 1787 3264 jure
1807 3159 1913 3265 quod
1931 3158 2003 3235 sibi
2025 3159 2082 3236 di·

653 3287 760 3365 cebet
772 3304 989 3394 competere
1004 3286 1044 3366 in
1059 3286 1202 3366 civitate
1215 3303 1254 3389 st
1270 3287 1484 3365 castellania
1499 3287 1841 3378 xanctonensibus,
1852 3288 2081 3395 peticionem

652 3446 721 3497 seu
740 3435 954 3525 requestam
973 3418 1085 3497 nobis
1099 3416 1261 3509 lecisset,
1279 3417 1486 3497 senescallo
1500 3418 1754 3497 Xauctonensi
1769 3436 1908 3497 certam
1923 3418 2082 3499 fecimus

653 3550 958 3629 commissionem
988 3578 1057 3657 pro
1087 3548 1314 3656 inquirenda
1343 3578 1458 3658 super
1485 3548 1559 3627 hoc
1586 3550 1765 3627 veritate:
1787 3550 1873 3630 Visa
1891 3550 2005 3659 igitur
2024 3551 2084 3630 in·

653 3698 785 3789 questa
801 3681 999 3788 superbos
1013 3678 1118 3770 lacta,
1136 3696 1179 3757 ut
1192 3680 1344 3768 dicitur,
1359 3708 1428 3787 per
1441 3677 1687 3757 Fulcherium
1705 3679 1782 3757 dou
1798 3681 1940 3759 Perrou
1961 3698 1999 3759 et
2017 3683 2084 3759 Be·

653 3811 868 3917 reugarium
887 3814 1027 3900 Jusser,
1048 3811 1324 3889 commissarios
1346 3838 1461 3919 super
1484 3811 1558 3886 hoc
1577 3811 1798 3917 deputatos,
1820 3828 1865 3889 ut
1889 3810 2039 3904 dicitur,
2061 3841 2082 3889 a

654 3943 830 4047 magistro
855 3941 1064 4021 Guillelmo
1089 3941 1291 4031 Gaillardi,
1317 3942 1444 4020 locum
1469 3957 1625 4017 tenente
1646 3940 1739 4017 dicti
1765 3940 1976 4031 senescalli,
2004 3970 2082 4021 nou

655 4070 811 4149 luerunt
837 4072 988 4149 invente
1012 4072 1297 4153 commissiones
1317 4102 1391 4180 que
1414 4071 1509 4149 fecte
1531 4070 1709 4148 dicuntur
1728 4099 1841 4178 super
1859 4072 1934 4150 hoc
1953 4072 2081 4151 locum

653 4202 801 4280 tenenti
825 4218 864 4279 et
883 4204 1148 4283 commissoriis
1168 4202 1363 4310 predictis,
1390 4220 1427 4280 et
1449 4202 1591 4279 ideirco
1607 4230 1683 4281 non
1703 4201 1777 4279 Iuit
1795 4230 2013 4309 processum
2033 4204 2082 4281 ad

650 4331 901 4441 judicandum
922 4334 1135 4440 inquestam
1155 4334 1383 4442 predictam,
1406 4332 1566 4409 maxime
1588 4333 1744 4411 eumad
1769 4361 1923 4440 presens
1942 4332 2081 4413 dictam

607 4542 617 4560 ,
653 4481 793 4543 terram
813 4493 891 4541 non
910 4481 1118 4542 teneamus.

711 4595 887 4675 Mercurii
907 4595 1087 4704 predicta.

710 4860 770 4937 IX.
800 4858 927 4937 Abbas
952 4875 990 4937 et
1013 4875 1219 4938 conventus
1239 4858 1540 4938 Sancti-Victoris
1563 4859 1797 4949 Parisiensis,
1813 4878 2020 4938 asserentes
2039 4888 2080 4938 se

654 4991 794 5070 babere
814 4991 913 5069 intra
929 4988 1140 5067 clausuram
1158 5018 1356 5067 murorum
1375 4990 1529 5068 abbacie
1548 5018 1616 5068 sue
1637 4988 1804 5097 predicte
1819 4990 2080 5069 omnimodam

649 5122 939 5229 jurisdicionem
958 5120 1071 5199 altam
1092 5138 1130 5200 et
1148 5120 1315 5211 bassam,
1340 5121 1668 5229 conquerebantur
1693 5120 1740 5199 de
1765 5122 1956 5229 preposito
1979 5123 2081 5199 Pari·

654 5254 767 5332 sisnsi
787 5282 899 5362 super
922 5254 1109 5363 eoquod,
1131 5280 1218 5331 cum
1237 5251 1325 5359 ipsi,
1346 5268 1391 5329 ut
1415 5252 1607 5341 dicebant,
1623 5253 1828 5361 Symonem
1858 5253 1905 5330 de
1929 5254 2082 5332 Sancto-

654 5385 832 5464 Ferreolo
844 5387 941 5463 iutra
954 5378 1092 5463 dietam
1105 5384 1315 5463 clausuram
1327 5382 1526 5492 cepissent,
1535 5400 1574 5461 et
1583 5385 1851 5461 incarceratum
1862 5384 1901 5459 in
1915 5380 2079 5488 prisione

657 5542 723 5591 sua
742 5531 931 5606 tenerent,
943 5542 1013 5622 pro
1029 5514 1239 5623 suspicione
1254 5513 1453 5593 homicidii
1468 5515 1508 5591 iu
1520 5542 1677 5622 persona
1692 5512 1863 5589 Arbeloti
1877 5510 2079 5589 Normanni

764 5688 816 5731 ΕΒ
837 5688 919 5731 ΟΗΙ.
942 5689 989 5730 111.
1917 5684 1952 5725 21

267 6027 597 6406 „s
