<?xml version="1.0" encoding="UTF-8"?>
<!DOCTYPE html PUBLIC "-//W3C//DTD XHTML 1.0 Transitional//EN"
    "http://www.w3.org/TR/xhtml1/DTD/xhtml1-transitional.dtd">
<html xmlns="http://www.w3.org/1999/xhtml" xml:lang="en" lang="en">
 <head>
  <title>
</title>
<meta http-equiv="Content-Type" content="text/html;charset=utf-8" />
  <meta name='ocr-system' content='tesseract 3.04.00' />
  <meta name='ocr-capabilities' content='ocr_page ocr_carea ocr_par ocr_line ocrx_word'/>
</head>
<body>
  <div class='ocr_page' id='page_1' title='image "./lesolimouregist00pargoog_0726.png"; bbox 0 0 5817 7292; ppageno 0'>
   <div class='ocr_carea' id='block_1_1' title="bbox 920 1007 1757 1087">
    <p class='ocr_par' dir='ltr' id='par_1_1' title="bbox 920 1007 1757 1087">
     <span class='ocr_line' id='line_1_1' title="bbox 920 1007 1757 1087; baseline -0.005 -1"><span class='ocrx_word' id='word_1_1' title='bbox 920 1010 995 1087; x_wconf 68' lang='lat'>624</span> <span class='ocrx_word' id='word_1_2' title='bbox 1499 1008 1588 1083; x_wconf 87' lang='lat' dir='ltr'>LES</span> <span class='ocrx_word' id='word_1_3' title='bbox 1618 1007 1757 1083; x_wconf 88' lang='lat' dir='ltr'><strong>OLIM.</strong></span> 
     </span>
    </p>
   </div>
   <div class='ocr_carea' id='block_1_2' title="bbox 692 1149 2347 2828">
    <p class='ocr_par' dir='ltr' id='par_1_2' title="bbox 692 1149 2347 2568">
     <span class='ocr_line' id='line_1_2' title="bbox 692 1149 2347 1265; baseline 0.005 -35"><span class='ocrx_word' id='word_1_4' title='bbox 692 1170 821 1221; x_wconf 72' lang='lat' dir='ltr'>Parnm</span> <span class='ocrx_word' id='word_1_5' title='bbox 834 1165 877 1230; x_wconf 84' lang='lat' dir='ltr'>tv,</span> <span class='ocrx_word' id='word_1_6' title='bbox 919 1152 1062 1232; x_wconf 92' lang='lat' dir='ltr'>domini</span> <span class='ocrx_word' id='word_1_7' title='bbox 1084 1154 1208 1260; x_wconf 83' lang='lat' dir='ltr'>Regis,</span> <span class='ocrx_word' id='word_1_8' title='bbox 1231 1178 1297 1242; x_wconf 89' lang='lat' dir='ltr'>ne,</span> <span class='ocrx_word' id='word_1_9' title='bbox 1318 1151 1509 1258; x_wconf 76' lang='lat' dir='ltr'>pendente</span> <span class='ocrx_word' id='word_1_10' title='bbox 1530 1151 1620 1229; x_wconf 91' lang='lat' dir='ltr'>dicti</span> <span class='ocrx_word' id='word_1_11' title='bbox 1641 1149 1887 1259; x_wconf 90' lang='lat' dir='ltr'>ajornamenti</span> <span class='ocrx_word' id='word_1_12' title='bbox 1907 1150 2094 1231; x_wconf 89' lang='lat' dir='ltr'>dilacione</span> <span class='ocrx_word' id='word_1_13' title='bbox 2110 1184 2222 1262; x_wconf 92' lang='lat' dir='ltr'>super</span> <span class='ocrx_word' id='word_1_14' title='bbox 2239 1186 2347 1265; x_wconf 85' lang='lat' dir='ltr'>pres·</span> 
     </span>
     <span class='ocr_line' id='line_1_3' title="bbox 754 1258 2344 1396; baseline 0.004 -34"><span class='ocrx_word' id='word_1_15' title='bbox 754 1258 816 1301; x_wconf 55' lang='grc' dir='ltr'>’ω’</span> <span class='ocrx_word' id='word_1_16' title='bbox 916 1284 1032 1363; x_wconf 91' lang='lat' dir='ltr'>tando</span> <span class='ocrx_word' id='word_1_17' title='bbox 1060 1299 1360 1360; x_wconf 88' lang='lat' dir='ltr'>assecuramento</span> <span class='ocrx_word' id='word_1_18' title='bbox 1383 1283 1571 1390; x_wconf 89' lang='lat' dir='ltr'>predicto,</span> <span class='ocrx_word' id='word_1_19' title='bbox 1598 1279 1669 1387; x_wconf 93' lang='lat' dir='ltr'>ipsi</span> <span class='ocrx_word' id='word_1_20' title='bbox 1700 1280 1856 1387; x_wconf 87' lang='lat' dir='ltr'>ajornati</span> <span class='ocrx_word' id='word_1_21' title='bbox 1887 1281 2045 1396; x_wconf 87' lang='lat' dir='ltr'>injurias</span> <span class='ocrx_word' id='word_1_22' title='bbox 2074 1284 2218 1393; x_wconf 88' lang='lat' dir='ltr'>aliquas</span> <span class='ocrx_word' id='word_1_23' title='bbox 2243 1288 2344 1368; x_wconf 89' lang='lat' dir='ltr'>dicto</span> 
     </span>
     <span class='ocr_line' id='line_1_4' title="bbox 917 1410 2344 1523; baseline 0.002 -30"><span class='ocrx_word' id='word_1_24' title='bbox 917 1413 1108 1493; x_wconf 88' lang='lat' dir='ltr'>Bonilacio</span> <span class='ocrx_word' id='word_1_25' title='bbox 1130 1414 1169 1489; x_wconf 93' lang='lat' dir='ltr'>in</span> <span class='ocrx_word' id='word_1_26' title='bbox 1188 1440 1348 1521; x_wconf 88' lang='lat' dir='ltr'>persona</span> <span class='ocrx_word' id='word_1_27' title='bbox 1367 1414 1427 1490; x_wconf 84' lang='lat' dir='ltr'>vel</span> <span class='ocrx_word' id='word_1_28' title='bbox 1441 1411 1553 1490; x_wconf 90' lang='lat' dir='ltr'>bonis</span> <span class='ocrx_word' id='word_1_29' title='bbox 1574 1410 1651 1487; x_wconf 88' lang='lat' dir='ltr'>suis</span> <span class='ocrx_word' id='word_1_30' title='bbox 1670 1410 1872 1500; x_wconf 83' lang='lat' dir='ltr'>inferrent,</span> <span class='ocrx_word' id='word_1_31' title='bbox 1891 1432 2050 1519; x_wconf 84' lang='lat' dir='ltr'>nepotes</span> <span class='ocrx_word' id='word_1_32' title='bbox 2064 1417 2243 1523; x_wconf 79' lang='lat' dir='ltr'>predicti,</span> <span class='ocrx_word' id='word_1_33' title='bbox 2258 1448 2344 1497; x_wconf 90' lang='lat' dir='ltr'>con·</span> 
     </span>
     <span class='ocr_line' id='line_1_5' title="bbox 917 1540 2345 1649; baseline 0.004 -27"><span class='ocrx_word' id='word_1_34' title='bbox 917 1563 973 1622; x_wconf 89' lang='lat' dir='ltr'>tra</span> <span class='ocrx_word' id='word_1_35' title='bbox 986 1546 1131 1622; x_wconf 90' lang='lat' dir='ltr'>dictum</span> <span class='ocrx_word' id='word_1_36' title='bbox 1146 1542 1399 1631; x_wconf 84' lang='lat' dir='ltr'>Bonisacium&#39;,</span> <span class='ocrx_word' id='word_1_37' title='bbox 1415 1541 1572 1619; x_wconf 82' lang='lat' dir='ltr'>fecerint</span> <span class='ocrx_word' id='word_1_38' title='bbox 1591 1540 1774 1619; x_wconf 90' lang='lat' dir='ltr'>insultum</span> <span class='ocrx_word' id='word_1_39' title='bbox 1786 1558 1823 1619; x_wconf 93' lang='lat' dir='ltr'>et</span> <span class='ocrx_word' id='word_1_40' title='bbox 1838 1542 1962 1649; x_wconf 90' lang='lat' dir='ltr'>ipsum</span> <span class='ocrx_word' id='word_1_41' title='bbox 1979 1544 2183 1625; x_wconf 82' lang='lat' dir='ltr'>invaserint</span> <span class='ocrx_word' id='word_1_42' title='bbox 2201 1566 2239 1626; x_wconf 94' lang='lat' dir='ltr'>et</span> <span class='ocrx_word' id='word_1_43' title='bbox 2257 1540 2345 1628; x_wconf 89' lang='lat' dir='ltr'>vile-</span> 
     </span>
     <span class='ocr_line' id='line_1_6' title="bbox 918 1671 2345 1787; baseline 0.006 -35"><span class='ocrx_word' id='word_1_44' title='bbox 918 1676 1116 1766; x_wconf 90' lang='lat' dir='ltr'>niaverint,</span> <span class='ocrx_word' id='word_1_45' title='bbox 1134 1690 1173 1752; x_wconf 91' lang='lat' dir='ltr'>et</span> <span class='ocrx_word' id='word_1_46' title='bbox 1192 1675 1365 1781; x_wconf 89' lang='lat' dir='ltr'>inquesta</span> <span class='ocrx_word' id='word_1_47' title='bbox 1384 1700 1499 1778; x_wconf 92' lang='lat' dir='ltr'>super</span> <span class='ocrx_word' id='word_1_48' title='bbox 1516 1671 1589 1749; x_wconf 93' lang='lat' dir='ltr'>hoc</span> <span class='ocrx_word' id='word_1_49' title='bbox 1607 1671 1718 1765; x_wconf 83' lang='lat' dir='ltr'>facta,</span> <span class='ocrx_word' id='word_1_50' title='bbox 1741 1671 1864 1750; x_wconf 83' lang='lat' dir='ltr'>dictus</span> <span class='ocrx_word' id='word_1_51' title='bbox 1882 1672 2027 1765; x_wconf 90' lang='lat' dir='ltr'>Guido,</span> <span class='ocrx_word' id='word_1_52' title='bbox 2047 1705 2117 1782; x_wconf 89' lang='lat' dir='ltr'>per</span> <span class='ocrx_word' id='word_1_53' title='bbox 2132 1679 2345 1787; x_wconf 85' lang='lat' dir='ltr'>inquestam</span> 
     </span>
     <span class='ocr_line' id='line_1_7' title="bbox 918 1802 2345 1913; baseline 0.005 -30"><span class='ocrx_word' id='word_1_54' title='bbox 918 1806 1143 1913; x_wconf 83' lang='lat' dir='ltr'>predictam,</span> <span class='ocrx_word' id='word_1_55' title='bbox 1163 1805 1203 1881; x_wconf 89' lang='lat' dir='ltr'>in</span> <span class='ocrx_word' id='word_1_56' title='bbox 1224 1804 1423 1882; x_wconf 90' lang='lat' dir='ltr'>emendam</span> <span class='ocrx_word' id='word_1_57' title='bbox 1448 1802 1740 1911; x_wconf 83' lang='lat' dir='ltr'>quingentarum</span> <span class='ocrx_word' id='word_1_58' title='bbox 1763 1803 1947 1882; x_wconf 88' lang='lat' dir='ltr'>librarum</span> <span class='ocrx_word' id='word_1_59' title='bbox 1966 1808 2252 1887; x_wconf 86' lang='lat' dir='ltr'>Turonensium</span> <span class='ocrx_word' id='word_1_60' title='bbox 2276 1813 2345 1890; x_wconf 91' lang='lat' dir='ltr'>do·</span> 
     </span>
     <span class='ocr_line' id='line_1_8' title="bbox 917 1935 2344 2045; baseline 0.007 -31"><span class='ocrx_word' id='word_1_61' title='bbox 917 1940 1023 2016; x_wconf 91' lang='lat' dir='ltr'>mino</span> <span class='ocrx_word' id='word_1_62' title='bbox 1043 1937 1133 2045; x_wconf 83' lang='lat' dir='ltr'>Regi</span> <span class='ocrx_word' id='word_1_63' title='bbox 1155 1936 1373 2015; x_wconf 89' lang='lat' dir='ltr'>solvendam</span> <span class='ocrx_word' id='word_1_64' title='bbox 1386 1935 1502 2013; x_wconf 86' lang='lat' dir='ltr'>luerit</span> <span class='ocrx_word' id='word_1_65' title='bbox 1516 1935 1831 2041; x_wconf 84' lang='lat' dir='ltr'>condempnatus,</span> <span class='ocrx_word' id='word_1_66' title='bbox 1844 1936 2001 2015; x_wconf 90' lang='lat' dir='ltr'>tandem</span> <span class='ocrx_word' id='word_1_67' title='bbox 2015 1938 2139 2019; x_wconf 92' lang='lat' dir='ltr'>dictus</span> <span class='ocrx_word' id='word_1_68' title='bbox 2154 1940 2294 2035; x_wconf 90' lang='lat' dir='ltr'>Guido,</span> <span class='ocrx_word' id='word_1_69' title='bbox 2306 1973 2344 2024; x_wconf 88' lang='lat' dir='ltr'>se</span> 
     </span>
     <span class='ocr_line' id='line_1_9' title="bbox 918 2038 2343 2175; baseline 0.004 -30"><span class='ocrx_word' id='word_1_70' title='bbox 918 2086 1096 2174; x_wconf 91' lang='lat' dir='ltr'>reputans</span> <span class='ocrx_word' id='word_1_71' title='bbox 1119 2097 1162 2145; x_wconf 87' lang='lat' dir='ltr'>ex</span> <span class='ocrx_word' id='word_1_72' title='bbox 1175 2038 1530 2175; x_wconf 80' lang='lat' dir='ltr'>⁰condempnacione</span> <span class='ocrx_word' id='word_1_73' title='bbox 1548 2066 1717 2173; x_wconf 90' lang='lat' dir='ltr'>predicta</span> <span class='ocrx_word' id='word_1_74' title='bbox 1735 2084 1947 2174; x_wconf 82' lang='lat' dir='ltr'>gravatum,</span> <span class='ocrx_word' id='word_1_75' title='bbox 1969 2070 2130 2175; x_wconf 82' lang='lat' dir='ltr'>graciam</span> <span class='ocrx_word' id='word_1_76' title='bbox 2145 2071 2343 2151; x_wconf 89' lang='lat' dir='ltr'>obtinuita</span> 
     </span>
     <span class='ocr_line' id='line_1_10' title="bbox 921 2196 2344 2309; baseline 0.002 -33"><span class='ocrx_word' id='word_1_77' title='bbox 921 2199 1077 2278; x_wconf 90' lang='lat' dir='ltr'>domino</span> <span class='ocrx_word' id='word_1_78' title='bbox 1098 2203 1198 2309; x_wconf 81' lang='lat' dir='ltr'>Rege</span> <span class='ocrx_word' id='word_1_79' title='bbox 1219 2217 1278 2293; x_wconf 91' lang='lat' dir='ltr'>ut,</span> <span class='ocrx_word' id='word_1_80' title='bbox 1300 2228 1378 2277; x_wconf 93' lang='lat' dir='ltr'>non</span> <span class='ocrx_word' id='word_1_81' title='bbox 1399 2199 1571 2277; x_wconf 89' lang='lat' dir='ltr'>obstante</span> <span class='ocrx_word' id='word_1_82' title='bbox 1589 2196 1924 2305; x_wconf 64' lang='lat' dir='ltr'>condempnatione</span> <span class='ocrx_word' id='word_1_83' title='bbox 1945 2200 2124 2306; x_wconf 90' lang='lat' dir='ltr'>predicta,</span> <span class='ocrx_word' id='word_1_84' title='bbox 2143 2202 2274 2281; x_wconf 88' lang='lat' dir='ltr'>iterato</span> <span class='ocrx_word' id='word_1_85' title='bbox 2288 2204 2344 2279; x_wconf 86' lang='lat' dir='ltr'>vi-</span> 
     </span>
     <span class='ocr_line' id='line_1_11' title="bbox 920 2328 2344 2438; baseline 0.003 -31"><span class='ocrx_word' id='word_1_86' title='bbox 920 2330 1075 2409; x_wconf 92' lang='lat' dir='ltr'>deretur</span> <span class='ocrx_word' id='word_1_87' title='bbox 1101 2332 1274 2437; x_wconf 89' lang='lat' dir='ltr'>inquesta</span> <span class='ocrx_word' id='word_1_88' title='bbox 1295 2330 1465 2438; x_wconf 90' lang='lat' dir='ltr'>predicta</span> <span class='ocrx_word' id='word_1_89' title='bbox 1487 2362 1495 2405; x_wconf 91' lang='lat'>:</span> <span class='ocrx_word' id='word_1_90' title='bbox 1516 2330 1602 2409; x_wconf 91' lang='lat' dir='ltr'>Visa</span> <span class='ocrx_word' id='word_1_91' title='bbox 1621 2329 1737 2435; x_wconf 84' lang='lat' dir='ltr'>igitur</span> <span class='ocrx_word' id='word_1_92' title='bbox 1759 2330 1898 2407; x_wconf 90' lang='lat' dir='ltr'>iterum</span> <span class='ocrx_word' id='word_1_93' title='bbox 1926 2328 2024 2407; x_wconf 89' lang='lat' dir='ltr'>dicta</span> <span class='ocrx_word' id='word_1_94' title='bbox 2046 2329 2212 2438; x_wconf 90' lang='lat' dir='ltr'>inquesta</span> <span class='ocrx_word' id='word_1_95' title='bbox 2232 2351 2270 2410; x_wconf 92' lang='lat' dir='ltr'>et</span> <span class='ocrx_word' id='word_1_96' title='bbox 2292 2334 2344 2411; x_wconf 91' lang='lat' dir='ltr'>ad</span> 
     </span>
     <span class='ocr_line' id='line_1_12' title="bbox 919 2459 2339 2568; baseline 0.003 -31"><span class='ocrx_word' id='word_1_97' title='bbox 919 2480 1084 2540; x_wconf 87' lang='lat' dir='ltr'>nostram</span> <span class='ocrx_word' id='word_1_98' title='bbox 1103 2462 1245 2538; x_wconf 86' lang='lat' dir='ltr'>curiam</span> <span class='ocrx_word' id='word_1_99' title='bbox 1258 2476 1462 2567; x_wconf 83' lang='lat' dir='ltr'>reportata,</span> <span class='ocrx_word' id='word_1_100' title='bbox 1483 2476 1521 2537; x_wconf 91' lang='lat' dir='ltr'>et</span> <span class='ocrx_word' id='word_1_101' title='bbox 1539 2488 1652 2566; x_wconf 90' lang='lat' dir='ltr'>super</span> <span class='ocrx_word' id='word_1_102' title='bbox 1672 2488 1714 2536; x_wconf 90' lang='lat' dir='ltr'>ea</span> <span class='ocrx_word' id='word_1_103' title='bbox 1729 2459 2001 2539; x_wconf 88' lang='lat' dir='ltr'>deliberatione</span> <span class='ocrx_word' id='word_1_104' title='bbox 2021 2461 2148 2539; x_wconf 88' lang='lat' dir='ltr'>habita</span> <span class='ocrx_word' id='word_1_105' title='bbox 2160 2461 2339 2568; x_wconf 90' lang='lat' dir='ltr'>pleniori,</span> 
     </span>
    </p>

    <p class='ocr_par' dir='ltr' id='par_1_3' title="bbox 921 2590 2266 2701">
     <span class='ocr_line' id='line_1_13' title="bbox 921 2590 2266 2701; baseline 0.002 -33"><span class='ocrx_word' id='word_1_106' title='bbox 921 2592 1042 2669; x_wconf 92' lang='lat' dir='ltr'>dictus</span> <span class='ocrx_word' id='word_1_107' title='bbox 1059 2590 1187 2670; x_wconf 92' lang='lat' dir='ltr'>Guido</span> <span class='ocrx_word' id='word_1_108' title='bbox 1208 2620 1226 2667; x_wconf 90' lang='lat' dir='ltr'>a</span> <span class='ocrx_word' id='word_1_109' title='bbox 1247 2591 1413 2701; x_wconf 78' lang='lat' dir='ltr'>predicta</span> <span class='ocrx_word' id='word_1_110' title='bbox 1429 2590 1775 2697; x_wconf 89' lang='lat' dir='ltr'>condempnacione</span> <span class='ocrx_word' id='word_1_111' title='bbox 1789 2590 1863 2668; x_wconf 89' lang='lat' dir='ltr'>fuit</span> <span class='ocrx_word' id='word_1_112' title='bbox 1879 2591 2047 2669; x_wconf 90' lang='lat' dir='ltr'>totaliter</span> <span class='ocrx_word' id='word_1_113' title='bbox 2061 2591 2266 2671; x_wconf 88' lang='lat' dir='ltr'>absolutus.</span> 
     </span>
    </p>

    <p class='ocr_par' dir='ltr' id='par_1_4' title="bbox 974 2720 2246 2828">
     <span class='ocr_line' id='line_1_14' title="bbox 974 2720 2246 2828; baseline 0.001 -30"><span class='ocrx_word' id='word_1_114' title='bbox 974 2723 1074 2799; x_wconf 83' lang='lat' dir='ltr'>lovis</span> <span class='ocrx_word' id='word_1_115' title='bbox 1086 2739 1172 2828; x_wconf 90' lang='lat' dir='ltr'>post</span> <span class='ocrx_word' id='word_1_116' title='bbox 1188 2720 1609 2812; x_wconf 87' lang='lat' dir='ltr'>Sanctum-Barnabam,</span> <span class='ocrx_word' id='word_1_117' title='bbox 1627 2749 1727 2799; x_wconf 90' lang='lat' dir='ltr'>anno</span> <span class='ocrx_word' id='word_1_118' title='bbox 1746 2721 2011 2801; x_wconf 87' lang='lat' dir='ltr'>trecentesimo</span> <span class='ocrx_word' id='word_1_119' title='bbox 2027 2723 2246 2803; x_wconf 89' lang='lat' dir='ltr'>undecimo.</span> 
     </span>
    </p>
   </div>
   <div class='ocr_carea' id='block_1_3' title="bbox 1034 3161 2231 3360">
    <p class='ocr_par' dir='ltr' id='par_1_5' title="bbox 1034 3161 2231 3360">
     <span class='ocr_line' id='line_1_15' title="bbox 1034 3161 2231 3231; baseline -0.001 -15"><span class='ocrx_word' id='word_1_120' title='bbox 1034 3167 1121 3220; x_wconf 82' lang='lat' dir='ltr'>trau</span> <span class='ocrx_word' id='word_1_121' title='bbox 1140 3163 1314 3231; x_wconf 78' lang='lat' dir='ltr'>ruomsrn</span> <span class='ocrx_word' id='word_1_122' title='bbox 1336 3162 1515 3216; x_wconf 81' lang='lat' dir='ltr'>sxrsnrra</span> <span class='ocrx_word' id='word_1_123' title='bbox 1535 3164 1642 3216; x_wconf 81' lang='lat' dir='ltr'>turra</span> <span class='ocrx_word' id='word_1_124' title='bbox 1658 3161 1731 3217; x_wconf 88' lang='lat' dir='ltr'>nuo</span> <span class='ocrx_word' id='word_1_125' title='bbox 1754 3164 1984 3218; x_wconf 67' lang='lat' dir='ltr'>russanum</span> <span class='ocrx_word' id='word_1_126' title='bbox 2006 3164 2054 3217; x_wconf 80' lang='lat' dir='ltr'>nn</span> <span class='ocrx_word' id='word_1_127' title='bbox 2074 3164 2231 3217; x_wconf 78' lang='lat' dir='ltr'>eranam</span> 
     </span>
     <span class='ocr_line' id='line_1_16' title="bbox 1485 3294 1782 3360; baseline -0.003 -14"><span class='ocrx_word' id='word_1_128' title='bbox 1485 3294 1673 3360; x_wconf 71' lang='lat' dir='ltr'>nannum,</span> <span class='ocrx_word' id='word_1_129' title='bbox 1700 3294 1782 3349; x_wconf 85' lang='lat' dir='ltr'>arc.</span> 
     </span>
    </p>
   </div>
   <div class='ocr_carea' id='block_1_4' title="bbox 820 3510 2353 5450">
    <p class='ocr_par' dir='ltr' id='par_1_6' title="bbox 924 3510 2342 3747">
     <span class='ocr_line' id='line_1_17' title="bbox 979 3510 2339 3619; baseline 0.002 -32"><span class='ocrx_word' id='word_1_130' title='bbox 979 3512 1005 3587; x_wconf 93' lang='lat' dir='ltr'>l.</span> <span class='ocrx_word' id='word_1_131' title='bbox 1037 3512 1133 3590; x_wconf 85' lang='lat' dir='ltr'>Cum</span> <span class='ocrx_word' id='word_1_132' title='bbox 1151 3510 1259 3589; x_wconf 82' lang='lat' dir='ltr'>Auda</span> <span class='ocrx_word' id='word_1_133' title='bbox 1279 3511 1326 3588; x_wconf 93' lang='lat' dir='ltr'>de</span> <span class='ocrx_word' id='word_1_134' title='bbox 1342 3513 1536 3619; x_wconf 84' lang='lat' dir='ltr'>Tyranno,</span> <span class='ocrx_word' id='word_1_135' title='bbox 1558 3511 1636 3588; x_wconf 87' lang='lat' dir='ltr'>filia</span> <span class='ocrx_word' id='word_1_136' title='bbox 1656 3530 1693 3590; x_wconf 91' lang='lat' dir='ltr'>et</span> <span class='ocrx_word' id='word_1_137' title='bbox 1712 3514 1822 3591; x_wconf 91' lang='lat' dir='ltr'>heres</span> <span class='ocrx_word' id='word_1_138' title='bbox 1841 3512 2052 3592; x_wconf 88' lang='lat' dir='ltr'>Gombaudi</span> <span class='ocrx_word' id='word_1_139' title='bbox 2074 3512 2122 3589; x_wconf 93' lang='lat' dir='ltr'>de</span> <span class='ocrx_word' id='word_1_140' title='bbox 2141 3514 2339 3618; x_wconf 85' lang='lat' dir='ltr'>Tyranno,</span> 
     </span>
     <span class='ocr_line' id='line_1_18' title="bbox 924 3638 2342 3747; baseline -0.001 -29"><span class='ocrx_word' id='word_1_141' title='bbox 924 3640 1130 3733; x_wconf 88' lang='lat' dir='ltr'>domicelli,</span> <span class='ocrx_word' id='word_1_142' title='bbox 1143 3640 1182 3716; x_wconf 91' lang='lat' dir='ltr'>in</span> <span class='ocrx_word' id='word_1_143' title='bbox 1194 3641 1301 3717; x_wconf 75' lang='lat' dir='ltr'>caiisa</span> <span class='ocrx_word' id='word_1_144' title='bbox 1316 3638 1583 3747; x_wconf 88' lang='lat' dir='ltr'>appellacionis</span> <span class='ocrx_word' id='word_1_145' title='bbox 1595 3641 1643 3717; x_wconf 88' lang='lat' dir='ltr'>ab</span> <span class='ocrx_word' id='word_1_146' title='bbox 1655 3642 1751 3747; x_wconf 87' lang='lat' dir='ltr'>ipsa,</span> <span class='ocrx_word' id='word_1_147' title='bbox 1771 3659 1899 3719; x_wconf 91' lang='lat' dir='ltr'>contra</span> <span class='ocrx_word' id='word_1_148' title='bbox 1915 3640 2162 3718; x_wconf 90' lang='lat' dir='ltr'>Bertrandum</span> <span class='ocrx_word' id='word_1_149' title='bbox 2180 3640 2342 3730; x_wconf 86' lang='lat' dir='ltr'>Calculi,</span> 
     </span>
    </p>

    <p class='ocr_par' dir='ltr' id='par_1_7' title="bbox 923 3770 2348 4010">
     <span class='ocr_line' id='line_1_19' title="bbox 924 3770 2347 3878; baseline -0.001 -29"><span class='ocrx_word' id='word_1_150' title='bbox 924 3803 943 3849; x_wconf 90' lang='lat' dir='ltr'>a</span> <span class='ocrx_word' id='word_1_151' title='bbox 964 3773 1067 3851; x_wconf 90' lang='lat' dir='ltr'>curia</span> <span class='ocrx_word' id='word_1_152' title='bbox 1086 3770 1232 3848; x_wconf 91' lang='lat' dir='ltr'>domini</span> <span class='ocrx_word' id='word_1_153' title='bbox 1249 3771 1297 3848; x_wconf 89' lang='lat' dir='ltr'>de</span> <span class='ocrx_word' id='word_1_154' title='bbox 1321 3770 1561 3861; x_wconf 89' lang='lat' dir='ltr'>Blancasorti,</span> <span class='ocrx_word' id='word_1_155' title='bbox 1583 3772 1759 3878; x_wconf 90' lang='lat' dir='ltr'>primitus</span> <span class='ocrx_word' id='word_1_156' title='bbox 1780 3772 1827 3848; x_wconf 92' lang='lat' dir='ltr'>ad</span> <span class='ocrx_word' id='word_1_157' title='bbox 1854 3772 1994 3849; x_wconf 91' lang='lat' dir='ltr'>curiam</span> <span class='ocrx_word' id='word_1_158' title='bbox 2015 3771 2143 3849; x_wconf 91' lang='lat' dir='ltr'>dilecti</span> <span class='ocrx_word' id='word_1_159' title='bbox 2164 3788 2202 3848; x_wconf 89' lang='lat' dir='ltr'>et</span> <span class='ocrx_word' id='word_1_160' title='bbox 2223 3770 2347 3849; x_wconf 87' lang='lat' dir='ltr'>fidelis</span> 
     </span>
     <span class='ocr_line' id='line_1_20' title="bbox 923 3901 2348 4010; baseline 0.001 -31"><span class='ocrx_word' id='word_1_161' title='bbox 923 3904 1043 3981; x_wconf 91' lang='lat' dir='ltr'>nostri</span> <span class='ocrx_word' id='word_1_162' title='bbox 1059 3902 1165 3980; x_wconf 87' lang='lat' dir='ltr'>ducis</span> <span class='ocrx_word' id='word_1_163' title='bbox 1180 3901 1377 4009; x_wconf 89' lang='lat' dir='ltr'>Aquitanie</span> <span class='ocrx_word' id='word_1_164' title='bbox 1399 3919 1436 3980; x_wconf 91' lang='lat' dir='ltr'>et</span> <span class='ocrx_word' id='word_1_165' title='bbox 1453 3902 1535 4010; x_wconf 88' lang='lat' dir='ltr'>ejus</span> <span class='ocrx_word' id='word_1_166' title='bbox 1551 3903 1743 3981; x_wconf 86' lang='lat' dir='ltr'>senescalli</span> <span class='ocrx_word' id='word_1_167' title='bbox 1759 3904 1960 3983; x_wconf 89' lang='lat' dir='ltr'>Wasconie</span> <span class='ocrx_word' id='word_1_168' title='bbox 1977 3902 2188 4008; x_wconf 85' lang='lat' dir='ltr'>interjecte,</span> <span class='ocrx_word' id='word_1_169' title='bbox 2208 3930 2229 3978; x_wconf 91' lang='lat' dir='ltr'>a</span> <span class='ocrx_word' id='word_1_170' title='bbox 2246 3902 2348 3980; x_wconf 90' lang='lat' dir='ltr'>curia</span> 
     </span>
    </p>

    <p class='ocr_par' dir='ltr' id='par_1_8' title="bbox 820 4032 2348 4272">
     <span class='ocr_line' id='line_1_21' title="bbox 820 4032 2348 4141; baseline 0.001 -31"><span class='ocrx_word' id='word_1_171' title='bbox 820 4053 827 4069; x_wconf 86' lang='lat'><strong>·</strong></span> <span class='ocrx_word' id='word_1_172' title='bbox 923 4034 1040 4140; x_wconf 91' lang='lat' dir='ltr'>ipsius</span> <span class='ocrx_word' id='word_1_173' title='bbox 1057 4032 1162 4109; x_wconf 89' lang='lat' dir='ltr'>ducis</span> <span class='ocrx_word' id='word_1_174' title='bbox 1176 4051 1214 4110; x_wconf 92' lang='lat' dir='ltr'>et</span> <span class='ocrx_word' id='word_1_175' title='bbox 1229 4033 1310 4139; x_wconf 88' lang='lat' dir='ltr'>ejus</span> <span class='ocrx_word' id='word_1_176' title='bbox 1324 4033 1517 4110; x_wconf 88' lang='lat' dir='ltr'>senescalli</span> <span class='ocrx_word' id='word_1_177' title='bbox 1534 4033 1711 4140; x_wconf 87' lang='lat' dir='ltr'>predicti,</span> <span class='ocrx_word' id='word_1_178' title='bbox 1725 4063 1746 4110; x_wconf 93' lang='lat' dir='ltr'>a</span> <span class='ocrx_word' id='word_1_179' title='bbox 1760 4033 1933 4141; x_wconf 88' lang='lat' dir='ltr'>pluribus</span> <span class='ocrx_word' id='word_1_180' title='bbox 1947 4034 2222 4140; x_wconf 84' lang='lat' dir='ltr'>gravaminibus</span> <span class='ocrx_word' id='word_1_181' title='bbox 2235 4052 2273 4112; x_wconf 91' lang='lat' dir='ltr'>et</span> <span class='ocrx_word' id='word_1_182' title='bbox 2286 4034 2348 4112; x_wconf 90' lang='lat' dir='ltr'>de·</span> 
     </span>
     <span class='ocr_line' id='line_1_22' title="bbox 923 4142 2345 4272; baseline 0.002 -32"><span class='ocrx_word' id='word_1_183' title='bbox 923 4163 1023 4240; x_wconf 85' lang='lat' dir='ltr'>fectu</span> <span class='ocrx_word' id='word_1_184' title='bbox 1036 4192 1077 4239; x_wconf 89' lang='lat' dir='ltr'>ac</span> <span class='ocrx_word' id='word_1_185' title='bbox 1089 4163 1336 4270; x_wconf 83' lang='lat' dir='ltr'>denegacione</span> <span class='ocrx_word' id='word_1_186' title='bbox 1343 4164 1457 4272; x_wconf 88' lang='lat' dir='ltr'>juris,</span> <span class='ocrx_word' id='word_1_187' title='bbox 1475 4165 1642 4241; x_wconf 91' lang='lat' dir='ltr'>secundo</span> <span class='ocrx_word' id='word_1_188' title='bbox 1653 4193 1692 4242; x_wconf 91' lang='lat' dir='ltr'>se</span> <span class='ocrx_word' id='word_1_189' title='bbox 1703 4193 1869 4244; x_wconf 86' lang='lat' dir='ltr'>asserens</span> <span class='ocrx_word' id='word_1_190' title='bbox 1877 4142 2098 4271; x_wconf 88' lang='lat' dir='ltr'>appellasse,</span> <span class='ocrx_word' id='word_1_191' title='bbox 2110 4165 2249 4242; x_wconf 86' lang='lat' dir='ltr'>litteras</span> <span class='ocrx_word' id='word_1_192' title='bbox 2261 4192 2345 4243; x_wconf 89' lang='lat' dir='ltr'>nos·</span> 
     </span>
    </p>

    <p class='ocr_par' dir='ltr' id='par_1_9' title="bbox 838 4293 2353 5450">
     <span class='ocr_line' id='line_1_23' title="bbox 838 4293 2347 4402; baseline 0.001 -33"><span class='ocrx_word' id='word_1_193' title='bbox 838 4362 850 4379; x_wconf 84' lang='lat'>‚</span> <span class='ocrx_word' id='word_1_194' title='bbox 923 4310 999 4371; x_wconf 88' lang='lat' dir='ltr'>tras</span> <span class='ocrx_word' id='word_1_195' title='bbox 1013 4294 1238 4373; x_wconf 89' lang='lat' dir='ltr'>obtinuisset</span> <span class='ocrx_word' id='word_1_196' title='bbox 1247 4293 1451 4395; x_wconf 88' lang='lat' dir='ltr'>senescallo</span> <span class='ocrx_word' id='word_1_197' title='bbox 1462 4294 1755 4401; x_wconf 82' lang='lat' dir='ltr'>Petregoricensi</span> <span class='ocrx_word' id='word_1_198' title='bbox 1767 4294 1827 4373; x_wconf 90' lang='lat' dir='ltr'>vel</span> <span class='ocrx_word' id='word_1_199' title='bbox 1843 4294 1924 4402; x_wconf 88' lang='lat' dir='ltr'>ejus</span> <span class='ocrx_word' id='word_1_200' title='bbox 1934 4294 2062 4371; x_wconf 92' lang='lat' dir='ltr'>locum</span> <span class='ocrx_word' id='word_1_201' title='bbox 2076 4295 2221 4372; x_wconf 89' lang='lat' dir='ltr'>tenenti</span> <span class='ocrx_word' id='word_1_202' title='bbox 2234 4294 2347 4371; x_wconf 90' lang='lat' dir='ltr'>direc-</span> 
     </span>
     <span class='ocr_line' id='line_1_24' title="bbox 925 4423 2343 4532; baseline 0.001 -33"><span class='ocrx_word' id='word_1_203' title='bbox 925 4424 1104 4513; x_wconf 90' lang='lat' dir='ltr'>tas,inter</span> <span class='ocrx_word' id='word_1_204' title='bbox 1114 4442 1235 4503; x_wconf 91' lang='lat' dir='ltr'>cetera</span> <span class='ocrx_word' id='word_1_205' title='bbox 1246 4425 1483 4503; x_wconf 90' lang='lat' dir='ltr'>continentes</span> <span class='ocrx_word' id='word_1_206' title='bbox 1493 4423 1878 4532; x_wconf 87' lang='lat' dir='ltr'>quod,appellacione</span> <span class='ocrx_word' id='word_1_207' title='bbox 1887 4453 1955 4502; x_wconf 89' lang='lat' dir='ltr'>sua</span> <span class='ocrx_word' id='word_1_208' title='bbox 1963 4425 2130 4532; x_wconf 90' lang='lat' dir='ltr'>predicta</span> <span class='ocrx_word' id='word_1_209' title='bbox 2140 4425 2343 4530; x_wconf 90' lang='lat' dir='ltr'>pendente,</span> 
     </span>
     <span class='ocr_line' id='line_1_25' title="bbox 926 4553 2347 4663; baseline 0.001 -34"><span class='ocrx_word' id='word_1_210' title='bbox 926 4553 1021 4630; x_wconf 91' lang='lat' dir='ltr'>nihil</span> <span class='ocrx_word' id='word_1_211' title='bbox 1040 4554 1276 4661; x_wconf 90' lang='lat' dir='ltr'>permitteret</span> <span class='ocrx_word' id='word_1_212' title='bbox 1295 4555 1507 4663; x_wconf 85' lang='lat' dir='ltr'>attemptari</span> <span class='ocrx_word' id='word_1_213' title='bbox 1521 4556 1560 4631; x_wconf 89' lang='lat' dir='ltr'>in</span> <span class='ocrx_word' id='word_1_214' title='bbox 1574 4555 1827 4663; x_wconf 86' lang='lat' dir='ltr'>prejudicium</span> <span class='ocrx_word' id='word_1_215' title='bbox 1847 4554 1965 4662; x_wconf 89' lang='lat' dir='ltr'>ipsius</span> <span class='ocrx_word' id='word_1_216' title='bbox 1979 4554 2218 4663; x_wconf 88' lang='lat' dir='ltr'>appellantis,</span> <span class='ocrx_word' id='word_1_217' title='bbox 2239 4571 2276 4631; x_wconf 85' lang='lat' dir='ltr'>et</span> <span class='ocrx_word' id='word_1_218' title='bbox 2293 4571 2347 4630; x_wconf 90' lang='lat' dir='ltr'>at-</span> 
     </span>
     <span class='ocr_line' id='line_1_26' title="bbox 927 4683 2348 4795; baseline 0.001 -35"><span class='ocrx_word' id='word_1_219' title='bbox 927 4701 1105 4790; x_wconf 87' lang='lat' dir='ltr'>emptata,</span> <span class='ocrx_word' id='word_1_220' title='bbox 1128 4684 1158 4761; x_wconf 88' lang='lat' dir='ltr'>si</span> <span class='ocrx_word' id='word_1_221' title='bbox 1177 4714 1251 4793; x_wconf 83' lang='lat' dir='ltr'>que</span> <span class='ocrx_word' id='word_1_222' title='bbox 1274 4702 1411 4779; x_wconf 86' lang='lat' dir='ltr'>essent,</span> <span class='ocrx_word' id='word_1_223' title='bbox 1434 4684 1482 4761; x_wconf 88' lang='lat' dir='ltr'>ad</span> <span class='ocrx_word' id='word_1_224' title='bbox 1498 4703 1637 4764; x_wconf 90' lang='lat' dir='ltr'>statum</span> <span class='ocrx_word' id='word_1_225' title='bbox 1659 4685 1831 4764; x_wconf 89' lang='lat' dir='ltr'>debitum</span> <span class='ocrx_word' id='word_1_226' title='bbox 1853 4684 1993 4763; x_wconf 89' lang='lat' dir='ltr'>faceret</span> <span class='ocrx_word' id='word_1_227' title='bbox 2010 4684 2186 4795; x_wconf 85' lang='lat' dir='ltr'>revocari,</span> <span class='ocrx_word' id='word_1_228' title='bbox 2203 4683 2348 4761; x_wconf 89' lang='lat' dir='ltr'>locum-</span> 
     </span>
     <span class='ocr_line' id='line_1_27' title="bbox 926 4812 2348 4923; baseline -0.001 -32"><span class='ocrx_word' id='word_1_229' title='bbox 926 4841 1000 4922; x_wconf 90' lang='lat' dir='ltr'>que</span> <span class='ocrx_word' id='word_1_230' title='bbox 1027 4831 1161 4892; x_wconf 90' lang='lat' dir='ltr'>tenens</span> <span class='ocrx_word' id='word_1_231' title='bbox 1190 4815 1280 4891; x_wconf 92' lang='lat' dir='ltr'>dicti</span> <span class='ocrx_word' id='word_1_232' title='bbox 1301 4815 1493 4893; x_wconf 88' lang='lat' dir='ltr'>senescalli</span> <span class='ocrx_word' id='word_1_233' title='bbox 1519 4817 1833 4922; x_wconf 83' lang='lat' dir='ltr'>Petregoricensis</span> <span class='ocrx_word' id='word_1_234' title='bbox 1863 4815 2070 4923; x_wconf 86' lang='lat' dir='ltr'>predictam</span> <span class='ocrx_word' id='word_1_235' title='bbox 2101 4812 2348 4893; x_wconf 90' lang='lat' dir='ltr'>commisisset</span> 
     </span>
     <span class='ocr_line' id='line_1_28' title="bbox 924 4944 2350 5055; baseline -0.001 -32"><span class='ocrx_word' id='word_1_236' title='bbox 924 4946 1054 5054; x_wconf 90' lang='lat' dir='ltr'>bajulo</span> <span class='ocrx_word' id='word_1_237' title='bbox 1068 4963 1195 5025; x_wconf 91' lang='lat' dir='ltr'>nostro</span> <span class='ocrx_word' id='word_1_238' title='bbox 1209 4976 1303 5025; x_wconf 89' lang='lat' dir='ltr'>nove</span> <span class='ocrx_word' id='word_1_239' title='bbox 1317 4948 1462 5025; x_wconf 91' lang='lat' dir='ltr'>bastide</span> <span class='ocrx_word' id='word_1_240' title='bbox 1478 4948 1821 5042; x_wconf 89' lang='lat' dir='ltr'>Sancti-Ludovici,</span> <span class='ocrx_word' id='word_1_241' title='bbox 1834 4948 1957 5025; x_wconf 90' lang='lat' dir='ltr'>dictus</span> <span class='ocrx_word' id='word_1_242' title='bbox 1969 4946 2139 5055; x_wconf 90' lang='lat' dir='ltr'>bajulus,</span> <span class='ocrx_word' id='word_1_243' title='bbox 2153 4972 2266 5051; x_wconf 89' lang='lat' dir='ltr'>super</span> <span class='ocrx_word' id='word_1_244' title='bbox 2280 4944 2350 5022; x_wconf 89' lang='lat' dir='ltr'>eis·</span> 
     </span>
     <span class='ocr_line' id='line_1_29' title="bbox 927 5077 2352 5187; baseline -0.002 -32"><span class='ocrx_word' id='word_1_245' title='bbox 927 5105 1001 5185; x_wconf 90' lang='lat' dir='ltr'>que</span> <span class='ocrx_word' id='word_1_246' title='bbox 1022 5078 1120 5155; x_wconf 88' lang='lat' dir='ltr'>dicta</span> <span class='ocrx_word' id='word_1_247' title='bbox 1138 5077 1245 5155; x_wconf 84' lang='lat' dir='ltr'>Anda</span> <span class='ocrx_word' id='word_1_248' title='bbox 1265 5078 1305 5155; x_wconf 92' lang='lat' dir='ltr'>in</span> <span class='ocrx_word' id='word_1_249' title='bbox 1321 5080 1401 5186; x_wconf 92' lang='lat' dir='ltr'>ejus</span> <span class='ocrx_word' id='word_1_250' title='bbox 1421 5096 1459 5156; x_wconf 91' lang='lat' dir='ltr'>et</span> <span class='ocrx_word' id='word_1_251' title='bbox 1473 5079 1738 5186; x_wconf 90' lang='lat' dir='ltr'>appellacionis</span> <span class='ocrx_word' id='word_1_252' title='bbox 1753 5108 1819 5159; x_wconf 90' lang='lat' dir='ltr'>sue</span> <span class='ocrx_word' id='word_1_253' title='bbox 1836 5078 2090 5187; x_wconf 88' lang='lat' dir='ltr'>prejudicium</span> <span class='ocrx_word' id='word_1_254' title='bbox 2102 5077 2251 5155; x_wconf 91' lang='lat' dir='ltr'>dicebat</span> <span class='ocrx_word' id='word_1_255' title='bbox 2264 5092 2352 5183; x_wconf 87' lang='lat' dir='ltr'>post</span> 
     </span>
     <span class='ocr_line' id='line_1_30' title="bbox 929 5188 2348 5318; baseline -0.002 -33"><span class='ocrx_word' id='word_1_256' title='bbox 929 5208 1066 5285; x_wconf 88' lang='lat' dir='ltr'>dictam</span> <span class='ocrx_word' id='word_1_257' title='bbox 1079 5208 1372 5315; x_wconf 87' lang='lat' dir='ltr'>appellacionem</span> <span class='ocrx_word' id='word_1_258' title='bbox 1389 5208 1503 5288; x_wconf 86' lang='lat' dir='ltr'>fuisse</span> <span class='ocrx_word' id='word_1_259' title='bbox 1522 5226 1754 5318; x_wconf 89' lang='lat' dir='ltr'>attemptata,</span> <span class='ocrx_word' id='word_1_260' title='bbox 1768 5229 1897 5290; x_wconf 83' lang='lat' dir='ltr'>vocato</span> <span class='ocrx_word' id='word_1_261' title='bbox 1913 5208 2080 5288; x_wconf 82' lang='lat' dir='ltr'>Arnaldo</span> <span class='ocrx_word' id='word_1_262' title='bbox 2094 5209 2142 5288; x_wconf 92' lang='lat' dir='ltr'>de</span> <span class='ocrx_word' id='word_1_263' title='bbox 2155 5188 2348 5315; x_wconf 84' lang='lat' dir='ltr'>Baigaran,</span> 
     </span>
     <span class='ocr_line' id='line_1_31' title="bbox 928 5330 2353 5450; baseline -0.002 -33"><span class='ocrx_word' id='word_1_264' title='bbox 928 5338 1057 5446; x_wconf 88' lang='lat' dir='ltr'>bajulo</span> <span class='ocrx_word' id='word_1_265' title='bbox 1077 5339 1166 5416; x_wconf 89' lang='lat' dir='ltr'>dicti</span> <span class='ocrx_word' id='word_1_266' title='bbox 1183 5339 1328 5417; x_wconf 89' lang='lat' dir='ltr'>domini</span> <span class='ocrx_word' id='word_1_267' title='bbox 1350 5341 1396 5418; x_wconf 91' lang='lat' dir='ltr'>de</span> <span class='ocrx_word' id='word_1_268' title='bbox 1410 5339 1639 5449; x_wconf 82' lang='lat' dir='ltr'>Blaquaforti</span> <span class='ocrx_word' id='word_1_269' title='bbox 1655 5360 1693 5420; x_wconf 88' lang='lat' dir='ltr'>et</span> <span class='ocrx_word' id='word_1_270' title='bbox 1712 5330 1941 5450; x_wconf 79' lang='lat' dir='ltr'>quiliusdam</span> <span class='ocrx_word' id='word_1_271' title='bbox 1958 5340 2058 5434; x_wconf 88' lang='lat' dir='ltr'>aliis,</span> <span class='ocrx_word' id='word_1_272' title='bbox 2079 5340 2271 5418; x_wconf 87' lang='lat' dir='ltr'>veritatem</span> <span class='ocrx_word' id='word_1_273' title='bbox 2295 5336 2353 5415; x_wconf 90' lang='lat' dir='ltr'>in·</span> 
     </span>
    </p>
   </div>
   <div class='ocr_carea' id='block_1_5' title="bbox 0 0 2930 7284">
    <p class='ocr_par' dir='ltr' id='par_1_10' title="bbox 0 0 2930 7284">
     <span class='ocr_line' id='line_1_32' title="bbox 0 0 2930 7284; baseline 0 0"><span class='ocrx_word' id='word_1_274' title='bbox 0 0 2930 7284; x_wconf 95' lang='lat' dir='ltr'> </span> 
     </span>
    </p>
   </div>
  </div>
 </body>
</html>
