5817 7292
936 1054 1008 1126 568
1514 1057 1604 1129 Lus
1639 1057 1779 1132 OLlll.

708 1206 838 1257 Pflm
851 1204 895 1266 Ν·
933 1201 1211 1279 Turonensium
1228 1228 1443 1307 parvorum,
1460 1229 1530 1307 pro
1545 1202 1715 1306 expensis
1730 1202 1830 1279 dicte
1847 1231 1957 1280 cause
1971 1206 2251 1313 appellacionis,
2271 1243 2364 1293 con-
2468 1266 2471 1271 -

768 1298 832 1338 mm
934 1332 1167 1438 dempnavit;
1185 1360 1205 1407 a
1220 1359 1292 1439 qua
1308 1330 1465 1438 quidem
1480 1331 1669 1409 sentencia
1683 1360 1768 1438 pars
1783 1349 1962 1441 utraque,
1978 1332 2020 1411 in
2034 1356 2219 1444 pruritum
2231 1362 2360 1422 contra

933 1495 972 1541 se
991 1463 1163 1553 faciebat,
1184 1463 1233 1539 ad
1251 1479 1415 1539 nostram
1430 1462 1572 1539 curiam
1593 1461 1814 1569 appellavit:
1834 1465 1931 1544 Visis
1950 1467 2067 1575 igitur
2083 1470 2195 1547 dictis
2212 1501 2361 1578 proces-

932 1597 1035 1673 sibus
1055 1612 1092 1673 et
1109 1594 1309 1702 diligenter
1323 1593 1556 1683 examinatis,
1573 1622 1642 1701 per
1654 1594 1755 1671 curie
1770 1613 1898 1696 nostre
1906 1598 2112 1704 judicium,
2128 1602 2274 1681 dictum
2289 1606 2360 1681 fuit

933 1726 1144 1831 predictum
1169 1726 1296 1804 locum
1319 1740 1511 1802 tenentem
1540 1723 1734 1802 senescalli
1755 1725 2057 1807 Carcassonensis
2075 1714 2257 1821 bene,‘in
2275 1764 2360 1841 pre-

933 1858 1042 1936 dictis
1061 1857 1250 1945 omnibus,
1272 1854 1538 1961 pronunciasse
1555 1872 1594 1931 et
1613 1854 1795 1961 predictas
1814 1860 2055 1964 partes'male
2074 1861 2296 1967 appellasse,
2320 1884 2358 1943 et

932 1989 1219 2067 demandabitur
1238 1986 1425 2065 sentencia
1446 1987 1563 2094 ipsius
1582 1985 1707 2064 locum
1728 1990 1892 2088 tenentis
1911 1992 2139 2069 execucioni.

988 2121 1087 2198 Jovis
1102 2137 1186 2227 post
1205 2122 1384 2229 Sanctum
1405 2117 1629 2224 Georgium,
1652 2147 1749 2197 anno
1769 2124 2034 2202 trecentesimo
2054 2125 2265 2205 undecimo.

988 2255 1161 2329 Decanns
1181 2249 1401 2330 Casletensis
1418 2249 1631 2356 reportavit.

989 2521 1110 2596 LXlll.
1142 2518 1223 2595 Lite
1239 2534 1358 2607 mota,
1375 2518 1415 2593 in
1430 2517 1533 2594 curia
1547 2534 1687 2607 nostra,
1704 2518 1802 2595 inter
1812 2519 2040 2611 lobannam,
2055 2525 2354 2603 uxoremloban-

931 2652 990 2727 nis
1006 2651 1053 2727 de
1069 2649 1256 2737 Machiau,
1272 2647 1404 2725 militis
1420 2666 1458 2725 et
1471 2647 1693 2727 cambellani
1708 2650 1843 2739 nostri,
1859 2668 2020 2758 exparte
2035 2681 2126 2743 una,
2144 2673 2181 2731 et
2195 2654 2356 2733 Guillel-

932 2811 1056 2871 mum,
1073 2780 1271 2857 dominum
1288 2780 1336 2857 de
1351 2779 1516 2870 Yvriaco,
1533 2780 1711 2870 militem,
1730 2810 1774 2858 ex
1790 2779 1921 2872 altera,
1938 2812 2052 2889 super
2072 2812 2119 2862 eo
2134 2785 2238 2891 quod
2252 2803 2357 2892 pete-

932 2912 996 2989 bat
1009 2913 1106 2990 dicta
1118 2910 1303 3003 Johanna,
1323 2940 1410 2990 cum
1427 2912 1648 2989 auctoritate
1666 2913 1754 2989 dicti
1770 2914 1893 2990 mariti
1910 2916 1986 3003 sui,
2006 2914 2202 3005 declarari,
2221 2934 2273 3007 et,
2291 2946 2358 3023 per

933 3044 1032 3122 dicte
1056 3045 1157 3122 curie
1183 3060 1308 3123 nostre
1328 3042 1534 3149 judicium,
1556 3044 1795 3149 pronunciari
1820 3044 1946 3122 villam
1971 3046 2296 3152 Sancti-Padulpbi
2320 3064 2359 3125 et

843 3264 845 3268 ¹
932 3174 1058 3253 villam
1079 3175 1126 3252 de
1143 3175 1284 3253 Nolron
1302 3204 1388 3251 cum
1407 3174 1650 3280 pertinenciis
1667 3175 1887 3252 earumdem
1907 3193 1945 3255 et
1959 3175 2131 3282 pluribus
2145 3177 2227 3254 aliis
2240 3177 2356 3255 rebus

935 3306 1169 3384 hereditariis
1186 3307 1225 3383 in
1240 3305 1405 3383 articulis
1425 3306 1541 3412 ipsius
1560 3305 1729 3385 lohanne
1748 3307 1956 3396 declaratis,
1974 3336 2017 3383 ex
2033 3334 2141 3383 causa
2154 3306 2357 3384 successio-

933 3438 990 3512 nis
1011 3435 1185 3513 deluncte
1200 3435 1372 3513 iohanne
1392 3436 1441 3511 de
1459 3437 1597 3525 Barris,
1618 3437 1747 3515 matris
1762 3465 1828 3514 sue
1842 3436 2047 3543 quondam
2063 3465 2131 3513 sua
2145 3464 2226 3513 esse
2245 3454 2283 3513 et
2303 3438 2353 3512 ad

933 3596 988 3657 se,
1000 3584 1193 3673 tamquam
1206 3564 1387 3644 heredem
1398 3565 1605 3644 insolidum
1619 3568 1718 3645 dicte
1732 3568 1922 3656 defuncte,
1936 3568 2139 3675 pertinere,
2156 3582 2195 3644 et
2206 3566 2352 3643 dictum

934 3699 1132 3777 dominum
1149 3698 1196 3776 de
1211 3698 1362 3775 Yvriaco
1379 3698 1647 3804 condempnari
1663 3716 1703 3777 et
1716 3698 1893 3807 compelli
1907 3698 1955 3776 ad
1968 3697 2207 3775 reddendum
2225 3716 2262 3774 et
2276 3725 2356 3775 res-

931 3831 1148 3909 tituendum
1165 3829 1291 3906 eidem
1310 3829 1506 3935 premissa,
1522 3859 1599 3907 una
1618 3860 1705 3907 cum
1724 3822 1909 3908 fructibus
1929 3830 2018 3908 inde
2036 3830 2236 3936 perceptis,
2254 3829 2357 3906 dicto

933 3941 1090 4041 domino
1111 3962 1158 4038 de
1185 3961 1336 4039 Yvriaco
1361 3961 1399 4037 in
1421 3961 1651 4039 contrarium
1673 3977 1909 4068 proponente
1932 3978 1970 4038 et
1990 3961 2120 4038 multis
2143 3959 2359 4038 racionibns

933 4109 1119 4172 asserente
1140 4092 1266 4170 omnia
1283 4092 1464 4198 premissa
1489 4093 1536 4169 ad
1557 4120 1613 4183 se,
1635 4120 1679 4169 ex
1694 4094 1799 4201 justo
1825 4110 1863 4170 et
1886 4091 2071 4199 legittimo
2090 4092 2216 4176 titulo.
2243 4093 2360 4199 perti-

934 4254 1045 4303 nere:
1064 4226 1173 4301 Facta
1188 4224 1302 4331 igitur
1314 4252 1428 4330 super
1439 4225 1630 4330 premissis
1646 4217 1829 4331 inquesta,
1847 4243 1885 4302 et
1897 4224 2000 4302 curie
2014 4198 2139 4301 nostre
2152 4240 2358 4328 reportata,

933 4356 1009 4433 visa
1028 4371 1066 4432 et
1085 4354 1285 4463 diligenter
1302 4355 1524 4442 examinata,
1541 4356 1630 4462 quia
1648 4354 1840 4432 inventum
1860 4374 1932 4444 est,
1950 4383 2063 4462 super
2076 4353 2249 4461 pluribus
2268 4382 2363 4429 con-

934 4489 1216 4576 suetudinibus,
1239 4486 1448 4595 apartibus
1474 4488 1513 4562 in
1536 4487 1637 4565 dicto
1660 4515 1837 4594 processu
1858 4485 2040 4594 allegatis,
2062 4503 2176 4564 testes
2194 4486 2232 4560 in
2255 4485 2364 4563 suffi-

935 4621 1047 4697 cienti
1069 4646 1227 4697 numero
1250 4618 1297 4695 ad
1318 4617 1555 4725 probandum
1584 4618 1700 4697 dictas
1719 4619 2012 4697 consuetudines
2033 4645 2110 4695 non
2130 4616 2244 4693 luisse
2269 4644 2363 4720 pro-

936 4752 1083 4841 ductos,
1102 4770 1140 4830 et
1154 4752 1280 4830 minus
1294 4750 1523 4829 sufficienter
1538 4753 1801 4859 interrogatos,
1818 4779 1887 4857 per
1897 4751 1999 4827 curie
2015 4765 2143 4827 nostre
2148 4746 2361 4855 judicium,

892 4922 894 4927 ‘
936 4885 1077 4961 dictum
1098 4883 1170 4961 luit
1190 4883 1292 4991 quod
1314 4883 1412 4960 dicta
1432 4884 1604 4991 inquesta
1625 4884 1673 4961 ad
1692 4912 1845 4991 presens
1863 4910 1941 4959 non
1956 4878 2206 4988 judicabitur,
2220 4876 2289 4972 sed
2309 4879 2369 4956 ad

935 5018 1026 5094 alios
1053 5016 1245 5094 auditores
1269 5015 1493 5105 remittetur,
1521 5016 1585 5121 qui
1611 5043 1725 5123 super
1750 5014 1892 5093 eisdem
1917 5010 2083 5090 articulis
2106 5008 2368 5088 sufficientem

934 5176 1133 5225 numerum
1147 5145 1319 5233 testium,
1335 5146 1383 5221 ad
1396 5144 1635 5252 probandum
1648 5145 1769 5223 dictas
1783 5142 2091 5242 consuetudines,
2104 5142 2209 5249 juxta
2227 5138 2371 5216 stilum

935 5276 1037 5353 curie
1062 5291 1205 5365 nostre,
1227 5274 1427 5363 vocabunt,
1458 5292 1496 5352 et
1525 5304 1589 5354 eos
1613 5268 1837 5385 diligencius
1856 5272 2137 5360 examinabunt,
2162 5286 2199 5347 et
2217 5268 2373 5346 dictam

935 5407 1143 5513 inquestam
1159 5403 1360 5513 perlectam
1369 5405 1477 5481 curie
1496 5423 1623 5484 nostre
1643 5405 1900 5513 reportabunt.
