5817 7292
1000 1015 1269 1125 uuouurus
1295 1035 1360 1109 nr
1388 1035 1597 1112 ruoous.
1944 1035 2016 1110 soe

589 1177 718 1257 habito
732 1193 892 1255 tractatu
912 1205 998 1254 cum
1015 1175 1236 1255 consiliariis
1251 1176 1349 1255 dicte
1366 1177 1471 1269 ville,
1483 1175 1783 1284 hominibusque
1799 1177 2021 1256 universita·
2058 1194 2189 1248 Pomm
2201 1193 2245 1258 tv,

588 1309 638 1387 tis
658 1307 748 1386 dicti
767 1307 841 1388 loci
864 1307 904 1384 in
923 1307 997 1387 boc
1017 1307 1361 1400 consencientibus,
1381 1326 1603 1418 congregata
1625 1305 1871 1386 multitudine
1896 1309 2021 1387 homi·
2120 1286 2185 1330 ”¹⁰⁹

589 1469 699 1529 num,
717 1441 765 1517 ad
783 1439 1136 1548 ingurgiueumsive
1151 1457 1352 1548 stangnum
1371 1441 1419 1518 de
1437 1439 1474 1516 la
1489 1441 1675 1528 Maitona,
1694 1419 1813 1547 prope
1832 1440 2022 1518 molendi·

589 1601 682 1650 num
700 1571 897 1651 Guillelmi
912 1571 1082 1650 Arnaudi
1100 1571 1147 1649 de
1159 1572 1299 1648 Prisart
1314 1589 1352 1650 et
1366 1585 1585 1652 consortum
1598 1601 1768 1665 suorum,
1776 1572 1883 1679 juxta
1895 1570 2021 1648 villam

590 1704 639 1781 de
654 1703 818 1793 Affaciis,
838 1704 1057 1782 accedentes
1077 1701 1267 1782 hostiliter
1287 1721 1325 1782 et
1347 1733 1432 1782 cum
1451 1704 1579 1793 armis,
1601 1703 1825 1781 macrasium
1843 1731 1911 1782 seu
1924 1702 2022 1782 bon—

589 1835 678 1913 dam
699 1835 788 1912 dicti
808 1835 1010 1945 ingorgiaci
1032 1836 1107 1913 sive
1126 1837 1272 1944 stangni
1299 1854 1536 1928 amoverunt,
1558 1836 1803 1943 hostiumque
1826 1835 2023 1943 eujusdam

590 1965 802 2044 molendini
821 1967 876 2045 ibi
894 1994 1012 2073 prope
1034 1964 1224 2043 existentis
1239 1965 1442 2072 fregerunt,
1458 1984 1496 2044 et
1513 1995 1620 2056 eum,
1637 1965 1718 2042 sine
1732 1965 1863 2056 blado,
1878 1965 2022 2044 molere

590 2095 770 2188 lecerunt,
782 2098 968 2203 reciaque,
980 2098 1028 2174 ad
1038 2097 1260 2204 piscandum
1273 2097 1405 2205 pisces,
1419 2097 1458 2173 in
1472 2098 1574 2175 dicto
1587 2114 1747 2206 stangno
1763 2099 2020 2207 projecerunt,

590 2245 801 2335 aquamque
829 2229 970 2307 adioto
995 2245 1153 2338 stangno
1177 2227 1344 2307 totaliter
1362 2247 1603 2316 evacuarunt,
1624 2229 1829 2336 pluresque
1854 2259 2025 2309 excessus

590 2357 683 2442 alios
699 2360 738 2436 in
758 2360 858 2438 dicto
876 2360 961 2438 loco
983 2360 1272 2452 commiserunt3
1293 2390 1362 2467 pro
1387 2361 1526 2468 quibus
1546 2360 1670 2438 dictus
1688 2361 1934 2455 senescallus,
1952 2364 2025 2441 eis·

590 2491 679 2568 dem
699 2492 832 2571 volens
846 2521 983 2600 penam
1004 2492 1218 2599 imponere,
1235 2492 1445 2569 secundum
1467 2493 1597 2570 delicti
1612 2493 1851 2598 qualitatem,
1872 2495 1921 2572 de
1940 2524 2025 2601 pre-

590 2621 713 2698 missis
729 2622 918 2699 mandavit
929 2623 1121 2701 veritatem
1139 2622 1296 2728 inquiri;
1315 2623 1490 2729 inquesta
1507 2621 1623 2727 igitur
1638 2621 1732 2700 laeta
1748 2624 1795 2700 de
1807 2624 2021 2731 premissis,

592 2749 639 2826 de
664 2752 841 2834 mandato
867 2752 956 2829 dicti
973 2751 1184 2838 senescalli,
1208 2750 1478 2855 condempnati
1503 2750 1676 2840 luerunt,
1699 2781 1769 2859 per
1791 2757 2023 2832 sentenciam

592 2880 682 2960 dicti
696 2882 900 2974 senescalli,
914 2882 1003 2959 dicti
1018 2879 1191 2959 consules
1207 2896 1245 2958 et
1260 2881 1480 2958 universitas
1492 2880 1678 2960 Gimontis
1693 2883 1733 2960 in
1751 2883 2025 2964 duobusmilli-
2120 2877 2123 2880 ’

590 3011 663 3092 bus
682 3012 789 3090 libris
800 3013 1087 3092 Turonensibus
1102 3010 1229 3104 nobis,
1246 3040 1315 3119 pro
1332 3012 1509 3102 emenda,
1523 3013 1728 3106 solvendis;
1747 3045 1855 3124 aqua
1867 3019 2024 3125 quidem

591 3145 798 3234 sentencia,
813 3175 857 3222 ex
871 3160 976 3251 parte
989 3143 1189 3222 consulum
1206 3161 1244 3220 et
1263 3143 1514 3222 universitatis
1526 3143 1624 3222 dicte
1640 3145 1744 3236 ville,
1760 3149 1808 3225 ad
1822 3177 1893 3229 nos
1904 3152 2025 3229 extitit

591 3275 842 3384 appellatum:
863 3276 1037 3355 Partibus
1053 3275 1179 3384 igitur,
1200 3276 1241 3351 in
1261 3292 1389 3354 nostra
1408 3276 1529 3365 cirria,
1550 3277 1592 3352 in
1609 3306 1718 3356 causa
1739 3279 1841 3357 dicte
1860 3283 2023 3389 appella-

591 3409 724 3500 cionis,
746 3409 1064 3516 comparentibus,
1093 3424 1130 3485 et
1158 3405 1275 3485 nichil
1299 3406 1386 3484 novi
1406 3408 1725 3514 proponentibus,
1752 3411 1914 3519 visisque
1938 3415 2025 3491 dili·

590 3560 723 3649 gcnter
742 3541 980 3649 processibus
998 3539 1115 3648 partis
1139 3541 1354 3647 utriusque,
1371 3569 1440 3648 per
1456 3540 1559 3618 curie
1578 3559 1707 3620 nostre
1723 3542 1931 3651 judicium,
1952 3542 2025 3622 luit

592 3671 739 3750 dictum
761 3671 859 3748 bene
883 3669 997 3749 luisse
1019 3671 1250 3780 judicatum,
1279 3687 1317 3748 et
1338 3670 1437 3748 male
1460 3671 1711 3777 appellatum,
1738 3689 1776 3747 et
1797 3672 1902 3776 quod
1924 3674 2023 3751 dicta

594 3800 890 3905 condempnacio
906 3799 1148 3878 mandabitur
1165 3800 1393 3878 execucioni.

649 3930 804 4011 Veneris
822 3948 908 4037 post
925 3948 1093 4010 sanctum
1111 3929 1372 4010 Vincencinm.

650 4061 757 4141 Creci
776 4061 988 4168 reportavit.

653 4329 712 4408 Vl.
744 4327 846 4406 Mota
867 4325 1053 4405 discordia
1063 4327 1162 4406 iuter
1177 4328 1396 4435 episcopum
1410 4329 1693 4406 Ruthenensem
1705 4345 1744 4408 et
1756 4329 2024 4439 Berengarium

594 4460 766 4549 Amaldi,
789 4487 833 4538 ex
850 4477 957 4567 purte
978 4489 1069 4552 una,
1097 4478 1135 4539 et
1157 4477 1440 4569 procuratorem
1460 4477 1633 4541 nostrum
1651 4460 1867 4540 senescallie
1884 4463 2026 4541 liuthe-

596 4591 737 4682 nensis,
756 4619 801 4668 ex
815 4589 946 4682 altera,
966 4620 1080 4701 super
1091 4592 1225 4671 saisina
1241 4590 1315 4670 alte
1324 4592 1476 4702 justicie
1489 4593 1597 4670 castri
1610 4592 1659 4670 de
1672 4594 1847 4671 Leucono
1859 4596 2024 4672 etmansi

597 4723 643 4802 de
670 4723 837 4818 Solerio,
857 4723 919 4802 siti
945 4723 985 4800 in
1004 4723 1201 4831 parrochia
1218 4725 1307 4803 dicti
1328 4725 1460 4815 castri,
1487 4742 1541 4816 et,
1561 4742 1648 4832 post
1666 4723 1810 4804 multos
1831 4753 2026 4832 processus

596 4883 710 4964 super
724 4856 797 4934 hoc
811 4853 977 4947 habitos,
995 4853 1089 4934 facta
1106 4857 1277 4966 inquesta
1292 4855 1533 4934 demandato
1548 4855 1740 4934 senescalli
1755 4855 2024 4946 Ruthenensis,

597 4987 719 5068 dictus
733 4988 959 5068 senescallus
973 5017 1131 5068 manum
1145 5006 1330 5080 nostram,
1348 4989 1389 5066 in
1408 4989 1483 5068 ulta
1494 4989 1643 5100 justicia
1662 4988 1850 5066 dictorum
1867 4989 1974 5066 castri
1989 5007 2028 5065 et

597 5118 715 5198 mansi
735 5119 915 5228 positam,
937 5124 1089 5211 amovit,
1111 5119 1362 5230 promisitque
1382 5121 1491 5199 dictu
1515 5119 1720 5230 episcopis¹
1741 5137 1779 5198 et
1794 5119 2027 5227 Bereugar-io

597 5250 701 5355 quod
720 5251 790 5360 ipsi
811 5253 866 5332 uti
886 5271 1040 5361 possent
1063 5253 1196 5332 saisina
1221 5252 1319 5332 dicte
1345 5252 1418 5332 alte
1438 5254 1606 5362 justicie,
1634 5255 1677 5331 in
1699 5267 1818 5332 maro
1837 5249 1880 5328 'et
1895 5278 2027 5328 manso

643 5423 650 5452 ¹
673 5424 754 5486 Liser
768 5428 900 5513 epitrope.
