5817 7292
1047 1110 1316 1218 anonrns
1341 1127 1406 1198 nr
1432 1110 1638 1204 nnoots.
1983 1133 2053 1205 123

688 1272 842 1352 Sabbati
872 1286 957 1379 post
975 1265 1277 1349 Decolacionem‘
1291 1269 1427 1347 sanctis
1450 1269 1645 1358 lobannis,
1668 1294 1766 1346 anno
1790 1273 2054 1350 trecentesimo
2089 1283 2219 1419 Ρωᾚοζε
2233 1283 2276 1346 tv,

628 1423 759 1482 tercio.

685 1669 761 1745 XII.
793 1668 893 1748 Cum
913 1667 952 1742 in
969 1694 1080 1744 causa
1104 1682 1206 1744 mota
1227 1691 1351 1742 coram
1372 1666 1576 1743 camerario
1596 1663 1937 1744 SanowGenovele
1957 1667 2058 1742 Pari·

630 1799 778 1888 siensis,
800 1798 899 1875 inter
916 1793 1166 1889 Esmelinam,
1186 1823 1343 1875 morem
1356 1795 1540 1874 lobannis
1555 1797 1602 1876 de
1619 1797 1948 1886 Sancto-Muttine,
1971 1824 2057 1876 cum

630 1930 848 2008 auctoritate
874 1928 966 2006 dicti
993 1929 1118 2005 mariti
1145 1929 1221 2021 sui,
1250 1957 1294 2005 ex
1318 1955 1394 2004 una
1417 1946 1539 2034 parte,
1563 1946 1600 2006 et
1619 1929 1823 2005 Henricum
1849 1927 1896 2005 de
1916 1932 2058 2039 Burgo-

629 2061 788 2166 Regine,
810 2060 1017 2167 gerandum
1031 2059 1217 2167 Amulphi
1238 2059 1287 2136 de
1306 2058 1547 2152 Alta-Domo,
1568 2060 1721 2136 nomino
1742 2059 1832 2137 dieti
1851 2058 2052 2168 Arnnlphi,

630 2191 781 2283 exalia,
808 2218 923 2297 snper
946 2190 1129 2270 divisione
1148 2189 1343 2298 cujusdam
1365 2190 1502 2269 domus
1522 2209 1559 2268 et
1580 2192 1661 2300 ejus
1682 2191 1998 2299 pertinenciarum
2020 2210 2057 2270 ct

627 2339 813 2399 terrarum
837 2320 1051 2411 arabilium,
1076 2324 1234 2400 sitarum
1259 2323 1361 2427 apud
1386 2322 1533 2400 Trinon
1559 2340 1597 2400 et
1620 2313 1660 2399 in
1681 2325 1761 2432 ejus
1784 2323 1990 2413 territorio,
2017 2325 2055 2399 in

624 2453 775 2558 justicia
789 2454 890 2532 dicte
906 2453 1062 2532 eoelesie
1079 2453 1432 2543 SancteGenovel'e,
1450 2483 1565 2561 quam
1581 2455 1806 2536 divisionem
1823 2456 1919 2532 dicta
1932 2459 2062 2534 Esme·

629 2583 705 2660 lina
724 2584 795 2661 sibi
818 2585 901 2662 fieri
921 2585 1094 2690 petebat3
1120 2603 1158 2663 et
1183 2587 1230 2664 de
1256 2586 1396 2691 quibus
1421 2587 1535 2663 rebus
1560 2585 1654 2662 sacta
1677 2583 1750 2663 snit
1769 2587 1937 2664 ostensio
1960 2585 2060 2664 inter

629 2733 770 2820 partes,
789 2715 958 2821 judicato
986 2716 1084 2792 sacto
1111 2744 1180 2821 per
1206 2716 1350 2792 dictum
1377 2718 1644 2807 camerarium,
1674 2745 1744 2822 pro
1768 2716 1959 2794 Esmelina
1979 2747 2058 2821 pre-

632 2846 869 2923 dictocontra
880 2846 1024 2924 dictum
1036 2847 1266 2936 Henricum3
1283 2847 1386 2922 idem
1403 2847 1586 2924 Henricus
1602 2877 1621 2922 a
1632 2847 1802 2954 judicato
1818 2847 2054 2955 hujusmodi,

629 2989 812 3083 tanquam
828 3006 851 3053 a
869 2976 962 3054 salso
978 2994 1016 3054 et
1029 3005 1163 3082 pravo,
1179 2977 1228 3053 ad
1241 2976 1477 3083 prepositum
1496 2977 1740 3056 Parisiensem
1760 2975 1997 3085 appellasset,
2020 2995 2057 3054 et

500 3134 504 3142 ·
630 3106 733 3183 idem
748 3107 978 3212 prepositus,
996 3105 1036 3182 in
1053 3133 1162 3182 causa
1179 3106 1277 3182 dicte
1294 3106 1562 3212 appellacionis
1578 3108 1802 3214 procedens,
1824 3107 1965 3184 auditis
1979 3137 2058 3215 par·

628 3236 732 3314 tibus
753 3254 792 3313 et
809 3237 888 3314 viso
909 3236 1011 3314 dicto
1036 3263 1231 3342 processu,
1253 3236 1460 3344 judicasset
1480 3237 1577 3314 bene
1592 3238 1804 3344 judicatum
1824 3265 1894 3344 per
1912 3239 2056 3316 dictum

630 3367 877 3444 camerarium
889 3369 928 3442 in
939 3367 1119 3472 predictis
1128 3366 1261 3451 fuisse,
1275 3384 1313 3444 et
1327 3367 1489 3443 eundem
1506 3368 1710 3445 Henricum
1723 3369 1821 3446 male
1832 3369 2056 3476 appellasse;

630 3498 733 3574 idem
748 3500 931 3575 Henricus
944 3527 965 3573 a
980 3497 1082 3575 dieto
1092 3497 1263 3605 judicato
1278 3497 1460 3605 prepositi
1479 3499 1655 3604 predicti,
1673 3515 1850 3607 tanquam
1867 3529 1887 3576 a
1908 3498 2000 3578 salso
2022 3519 2059 3578 et

630 3652 760 3733 pravo,
783 3629 831 3705 ad
846 3646 1013 3725 nostram
1029 3629 1163 3707 iterato
1179 3628 1321 3706 curiam
1338 3628 1557 3735 appellavit:
1578 3629 1674 3709 Visis
1690 3631 1816 3738 igitur,
1833 3658 1900 3737 por
1916 3631 2056 3708 curiam

631 3775 817 3847 nostram,
845 3760 956 3838 dictis
981 3760 1220 3866 processibus
1246 3777 1286 3838 et
1305 3760 1502 3869 judicatis,
1524 3789 1567 3837 ac
1593 3761 1733 3839 auditis
1757 3762 1866 3838 dictis
1890 3759 2059 3866 partibus

632 3889 672 3963 in
692 3917 802 3966 causa
821 3889 1089 3995 appellacionis
1106 3889 1295 3997 predicte,
1310 3919 1397 3968 cum
1418 3890 1523 3966 idem
1544 3892 1728 3969 Henricus
1748 3891 1795 3967 de
1815 3889 1971 3966 salsitate
1991 3917 2058 3990 seu

632 4018 810 4124 pravitate
830 4021 1019 4099 dictorum
1034 4022 1295 4130 judicatorum
1316 4049 1395 4100 non
1421 4020 1611 4111 docuerit,
1634 4051 1703 4130 per
1721 4022 1909 4130 judicium
1931 4038 2057 4098 nostre

633 4149 753 4241 curie,
771 4150 916 4262 dietum
934 4150 1008 4229 luit
1026 4152 1125 4228 bone
1141 4153 1352 4259 judicatum
1370 4151 1411 4227 in
1430 4152 1621 4257 premissis
1639 4151 1752 4230 luisse
1772 4181 1841 4259 per
1860 4153 1979 4230 dictos
1998 4181 2058 4232 cu-

633 4280 838 4359 merarium
862 4299 901 4359 et
924 4284 1178 4389 prepositum,
1200 4300 1239 4360 et
1260 4282 1359 4359 male
1377 4282 1492 4360 fuisse
1512 4282 1743 4389 appellatum
1761 4313 1830 4390 per
1854 4285 2057 4362 Henricum

633 4410 859 4518 predictum.

689 4545 796 4620 Lune
827 4559 918 4650 post
947 4541 1251 4622 Decollacionem
1284 4543 1399 4620 sancu
1430 4543 1627 4631 lobannis,
1660 4572 1757 4622 anno
1793 4545 2058 4623 trecentesimo

630 4692 758 4752 terno.

688 4938 784 5015 Xlll.
815 4937 912 5016 Cum
931 4937 1127 5027 aurifabri,
1148 4966 1217 5045 pro
1236 4966 1306 5016 suo
1328 4938 1487 5016 artificio
1506 4967 1617 5046 supra
1632 4939 1979 5050 Magnum-Pontem
1994 4941 2059 5016 Pa-

632 5069 828 5146 risiensem
847 5070 1057 5174 operatoria
1081 5097 1148 5147 sua
1174 5097 1219 5146 ex
1248 5086 1352 5175 parte
1376 5068 1566 5148 Castelleti
1593 5087 1783 5160 tenentes,
1805 5073 1908 5150 curie
1932 5089 2057 5150 nostre

632 5201 827 5307 conquesti
851 5201 1024 5293 luissent,
1050 5199 1217 5277 dieentes
1238 5200 1361 5308 quod,
1384 5229 1470 5276 cum
1500 5202 1570 5309 ipsi
1596 5221 1719 5280 essent
1745 5202 1784 5279 in
1809 5183 1942 5281 saisina
1962 5231 2060 5279 cam·
2103 5283 2106 5292 ,

632 5329 762 5406 biandi
786 5348 825 5408 et
847 5331 1039 5410 cambium
1056 5331 1211 5410 tenendi
1230 5333 1270 5408 in
1290 5332 1510 5437 operatoriis
1530 5361 1665 5410 eorum
1682 5332 1882 5440 predictis,
1903 5351 1941 5412 et
1960 5333 2059 5438 ipso—

632 5485 717 5535 rum
735 5461 852 5566 aliqui
868 5479 1017 5568 tapetes
1036 5492 1125 5543 suos
1144 5464 1184 5540 in
1204 5463 1314 5541 dietis
1333 5464 1555 5569 operatoriis
1574 5465 1652 5542 suis
1672 5465 1858 5542 baberent
1875 5491 1944 5568 pro
1959 5487 2059 5537 carn-

1885 5617 1929 5678 16.
