5817 7292
1009 1113 1275 1222 svootrss
1301 1133 1366 1206 nr
1392 1115 1599 1208 rsocts.
1944 1133 2016 1206 aar

596 1275 839 1384 sepertinere
854 1289 1024 1382 quartam
1039 1291 1183 1381 partem
1201 1265 1337 1352 domus
1355 1275 1565 1384 cujusdam,
1582 1276 1652 1351 site
1669 1272 1896 1364 Aurelianis,
1907 1275 1948 1352 in
1962 1302 2020 1354 ve·
2057 1281 2188 1338 rmum
2201 1281 2244 1344 W·

595 1407 666 1486 teri
684 1407 872 1499 muneris,
889 1433 1002 1512 pram
1022 1405 1101 1512 ipsa
1122 1405 1267 1484 dicebat
1283 1433 1321 1484 se
1336 1406 1470 1483 emisse
1487 1434 1507 1481 a
1522 1403 1689 1484 boberto
1709 1405 1757 1482 de
1777 1405 2018 1495 Domeciaco,
2120 1375 2183 1418 Μ’

598 1557 638 1618 et
654 1538 807 1645 petebat
826 1563 909 1615 eam
926 1537 998 1615 sibi
1018 1535 1240 1646 adjudicari3
1260 1538 1360 1615 dicto
1377 1538 1549 1615 lohanne
1568 1535 1796 1614 contrarium
1817 1553 2018 1627 asserente,

598 1687 637 1748 et
654 1671 801 1748 dicente
817 1698 856 1747 se
870 1697 955 1747 earn
974 1669 1124 1758 emisse,
1143 1697 1230 1747 cum
1250 1670 1468 1747 auctoritate
1480 1667 1621 1778 judicis
1635 1667 1899 1775 competentis,
1916 1697 1937 1746 a
1956 1697 2024 1745 cu-

597 1801 783 1880 ratoribus
802 1801 892 1878 dicti
913 1801 1086 1888 Roberti,
1104 1801 1199 1878 datis
1219 1803 1344 1880 eidem
1364 1828 1433 1909 pro
1449 1829 1496 1879 eo
1511 1801 1599 1907 qnia
1616 1800 1698 1906 ipse
1710 1798 1912 1907 dissipabat
1923 1800 2024 1880 bona

598 1961 678 2022 sua,
703 1932 928 2038 dicenteque
950 1961 989 2010 se
1008 1931 1121 2010 luisse
1138 1949 1183 2008 et
1202 1959 1281 2010 esse
1306 1933 1346 2008 in
1366 1935 1466 2011 bona
1485 1933 1618 2010 saisina
1637 1931 1737 2009 dicte
1758 1947 1890 2038 quarte
1908 1933 2025 2040 partis

599 2093 643 2140 ex
663 2091 770 2140 causa
789 2063 975 2170 predicta,
993 2040 1219 2170 petenteque
1240 2062 1310 2140 sibi
1331 2063 1536 2171 adjudicari
1551 2063 1819 2169 proprietatem
1835 2065 2025 2172 ejusdem3

598 2194 736 2273 auditis
757 2223 871 2299 super
898 2195 970 2272 hoo
993 2195 1161 2301 parcium
1187 2193 1401 2271 racionibns
1425 2193 1698 2300 predictarum,
1720 2193 1845 2271 dictus
1867 2195 2027 2273 ballivus

598 2325 825 2434 adjudicavit
839 2325 941 2404 dicto
958 2326 1120 2403 lobanni
1134 2326 1402 2432 proprietatem
1418 2342 1454 2402 et
1468 2323 1641 2401 saisinam
1657 2323 1755 2401 dicte
1768 2343 1900 2432 quarte
1912 2326 2028 2434 partis

600 2457 736 2534 domus
760 2457 939 2564 predicte;
961 2484 981 2532 a
1002 2483 1079 2564 quo
1094 2457 1279 2564 judicato,
1303 2474 1481 2564 tanquam
1502 2455 1595 2533 lalso
1617 2473 1654 2532 et
1670 2485 1801 2562 pravo,
1821 2458 1918 2535 dicta
1938 2460 2029 2536 Ysa·

599 2587 709 2665 bellis
728 2587 775 2664 ad
794 2605 960 2664 nostram
980 2587 1121 2694 cumam
1141 2585 1359 2693 appellavit=
1377 2586 1525 2665 Auditis
1543 2587 1657 2694 igitur
1669 2587 1708 2662 in
1723 2613 1831 2664 causa
1851 2589 1952 2665 dicte
1967 2618 2031 2696 ap

601 2717 817 2825 pellacionis
834 2719 1013 2825 predictis
1033 2718 1216 2826 partibus,
1240 2735 1277 2795 et
1296 2717 1381 2795 visis
1396 2718 1634 2824 processibus
1652 2719 1864 2811 antedictis,
1880 2746 1949 2826 per
1965 2750 2030 2797 cu-

603 2849 657 2926 rie
673 2867 800 2928 nostre
817 2849 1005 2957 judicium
1023 2849 1166 2926 dictum
1188 2848 1259 2925 luit
1275 2848 1488 2956 predictum
1508 2847 1685 2926 ballivum
1704 2848 1802 2926 bene
1820 2849 2045 2956 judicasse,

604 2999 641 3058 et
664 2981 804 3060 dictam
819 2981 1021 3060 Ysabellim
1041 2981 1137 3058 male
1151 2979 1357 3088 appellasse
1378 2996 1416 3056 et
1432 2980 1537 3086 quod
1556 2978 1634 3087 ipsa
1654 2979 1728 3057 hoc
1743 2981 1971 3059 emendabit.

658 3113 758 3188 Jovis
777 3130 863 3218 post
877 3111 1043 3189 mediam
1063 3112 1407 3220 Quadregesimam.

660 3375 798 3452 LXXV.
830 3374 917 3452 Visa
941 3375 1132 3480 inquesta,
1160 3374 1259 3454 inter
1283 3372 1460 3450 ballivum
1489 3375 1763 3462 Senonensem,
1785 3402 1856 3480 pro
1874 3375 2034 3452 domino

603 3505 721 3611 Rege,
749 3521 787 3581 et
807 3503 980 3582 abbatem
1002 3521 1039 3580 et
1063 3521 1289 3582 conventum
1316 3503 1363 3581 de
1384 3503 1576 3592 Pruliaco‚
1599 3530 1643 3579 ex
1668 3531 1744 3579 una
1763 3519 1883 3610 parte,
1907 3522 1945 3581 et
1966 3505 2037 3582 do·

605 3635 727 3714 minos
744 3635 790 3711 de
805 3637 945 3726 Barn's,
966 3663 1011 3712 ex
1024 3635 1158 3726 altera,
1180 3663 1294 3743 super
1306 3634 1456 3742 justicia
1470 3635 1624 3742 grangia
1639 3634 1828 3711 dictorum
1842 3635 2037 3743 religioso-

604 3795 691 3842 rum
703 3767 751 3842 de
764 3766 996 3846 Acri-Monte
1008 3784 1046 3842 et
1056 3767 1376 3872 pertinenciarum
1391 3766 1562 3871 ejusdem
1574 3763 1684 3850 facta,
1698 3779 1853 3871 propter
1867 3765 2036 3844 delectus

606 3893 648 3972 ia
663 3923 705 3972 ea
718 3913 902 4003 repertos,
917 3926 986 4003 per
1001 3898 1104 3973 curie
1116 3914 1244 3973 nostre
1255 3895 1463 4004 judicium,
1480 3896 1654 4001 inquesta
1669 3893 1837 4001 predicta
1849 3893 1921 3970 fuit
1935 3895 2038 3972 anul-

606 4026 696 4115 lata,
717 4026 817 4104 salvo
831 4029 983 4134 utrique
997 4028 1092 4134 parti
1108 4050 1221 4133 super
1236 4027 1308 4102 hoc
1318 4025 1404 4133 jure
1418 4053 1502 4113 suo,
1519 4043 1596 4101 tam
1611 4024 1652 4100 in
1665 4025 1901 4132 possessione
1921 4053 2036 4132 quam

607 4159 651 4242 in
666 4158 912 4264 proprietate,
929 4158 1209 4265 quandosuper
1228 4157 1301 4233 boc
1314 4155 1505 4233 voluerint
1520 4156 1698 4262 experiri,
1717 4156 1789 4233 boc
1802 4157 1902 4234 salvo
1919 4160 2037 4234 eciam

608 4288 713 4396 quod
734 4288 783 4366 de
803 4286 1109 4393 deposicionibus
1123 4285 1391 4364 defunctorum
1408 4287 1582 4374 testium,
1599 4287 1640 4362 in
1654 4286 1754 4364 dicta
1771 4287 1944 4394 inquesta
1959 4317 2040 4395 pro

610 4422 829 4505 ductorum,
856 4418 1097 4496 consideratis
1125 4419 1242 4496 eciam
1274 4417 1582 4524 deposicionibus
1605 4418 1766 4496 aliorum
1788 4421 1944 4498 testium
1969 4423 2038 4528 qui

610 4553 754 4640 vivunt,
777 4550 878 4627 curia
896 4566 1037 4637 nostra,
1059 4549 1172 4657 prout
1189 4549 1366 4656 expedire
1386 4549 1539 4640 viderit,
1561 4549 1753 4628 ordinabit
1770 4553 1923 4659 quando
1932 4553 2039 4659 judi·

611 4683 756 4761 cabitur
775 4681 947 4790 inqueste
965 4681 1012 4758 de
1032 4709 1132 4760 novo
1147 4680 1317 4760 facienda
1337 4709 1451 4789 super
1465 4681 1663 4790 questione
1682 4683 1869 4789 predicta,
1891 4684 1920 4759 si
1938 4684 2037 4761 dicte

610 4833 734 4922 partes
754 4816 886 4892 iterato
905 4842 1019 4920 super
1036 4815 1110 4892 boc
1126 4814 1313 4892 voluerint
1330 4813 1504 4920 *experiri

619 5003 620 5009 κ
667 4949 768 5026 lovis
782 4965 868 5054 post
879 4947 1010 5024 Letare
1027 4945 1245 5024 Jerusalem.

638 5127 640 5132 ·
670 5079 871 5157 ldellentus
885 5079 1097 5184 reportavit.

670 5341 827 5418 LXXVI.
857 5341 941 5418 Lite
954 5357 1057 5418 mota
1070 5341 1170 5418 inter
1180 5341 1400 5450 magistrum
1410 5342 1620 5423 lobannem
1630 5343 1832 5433 Gormont,
1846 5341 2039 5426 clericum,

618 5495 660 5546 εἰ
675 5487 779 5575 parte
798 5501 890 5560 una,
912 5489 951 5549 et
969 5473 1125 5553 Petrum
1143 5473 1192 5550 de
1208 5471 1477 5564 Villa-blotin,
1496 5474 1673 5598 militem,
1694 5472 1943 5556 senescallum
1964 5469 2045 5547 Pic-

1888 5629 1937 5711 59.
