5817 7292
917 1004 991 1073 616
1494 999 1585 1072 Lus
1608 996 1748 1071 OLIM.

693 1146 878 1209 ruissent,
914 1140 1125 1218 tuordecim
1144 1139 1275 1218 solidis
1290 1139 1588 1229 Turonensibus,
1607 1166 1677 1245 per
1694 1138 1885 1217 dictorum
1903 1142 2108 1219 ctastodum
2123 1144 2328 1251 judicium,

754 1238 817 1281 mi
916 1269 1212 1376 condempnatus
1225 1266 1374 1357 luisset,
1397 1285 1435 1347 et
1453 1298 1475 1346 a
1494 1268 1595 1346 dioto
1609 1267 1796 1374 judicato,
1817 1286 2011 1376 tamquam
2031 1270 2126 1352 salso
2148 1293 2187 1353 et
2203 1308 2330 1383 pravo,

915 1388 1037 1478 dictus
1051 1399 1256 1489 lohannes,
1278 1399 1326 1478 ad
1345 1399 1427 1477 dies
1445 1401 1651 1477 Trecenses
1669 1398 1902 1504 appellasset,
1924 1401 2168 1509 magistrique
2185 1406 2334 1487 dierum

916 1530 1161 1608 Trecensium
1172 1557 1286 1635 super
1295 1528 1379 1617 hoc,
1391 1527 1529 1619 auditis
1538 1526 1909 1634 partibuspredictis,
1922 1530 2210 1639 parjudicatum
2222 1564 2332 1617 suum

914 1659 1170 1767 predictorum
1189 1658 1390 1737 custodum
1406 1657 1595 1763 judicium
1614 1658 1915 1750 confirmassent,
1939 1661 2061 1741 dictus
2085 1663 2290 1761 lohannes,
2311 1644 2333 1745 a

909 1789 1078 1897 judicato
1097 1788 1266 1896 predicto
1287 1786 1567 1865 confirmatorio
1585 1786 1773 1865 dictorum
1793 1788 2057 1897 magistrorum
2074 1792 2225 1871 dierum
2240 1798 2332 1875 Tre·

914 1920 1098 2009 censium,
1117 1935 1309 2027 tamquam
1328 1946 1348 1994 a
1367 1916 1459 1996 falso
1480 1935 1517 1996 et
1540 1945 1671 2025 pravo,
1689 1918 1738 1995 ad
1756 1918 1899 1996 curiam
1919 1938 2087 1999 nostram
2116 1922 2250 2003 iterato
2268 1954 2332 2033 ap-

914 2049 1066 2158 pellavit
1077 2081 1085 2127 :
1097 2047 1246 2127 Auditis
1263 2048 1376 2157 igitur
1390 2048 1499 2127 dictis
1513 2047 1681 2155 partibus
1695 2046 1735 2124 in
1746 2076 1855 2126 causa
1867 2050 2131 2157 appellacionis
2146 2054 2325 2159 predicte,

915 2198 952 2257 et
976 2181 1063 2258 visis
1088 2179 1324 2283 processibus
1352 2178 1568 2268 antedictis,
1590 2206 1657 2283 per
1681 2177 1785 2256 curie¹
1812 2191 1939 2259 nostre
1954 2180 2158 2289 judicium,
2186 2182 2327 2261 dictum

913 2310 987 2388 suit
997 2310 1186 2417 predictos
1204 2309 1379 2388 custodes
1399 2324 1437 2385 et
1455 2306 1651 2414 magistros
1669 2305 1966 2416 benejudicasse
1987 2327 2025 2386 et
2040 2310 2181 2387 dictum
2195 2312 2330 2390 Johan-

914 2466 1003 2519 nem
1024 2439 1120 2517 male
1145 2439 1367 2547 appellasse,
1390 2454 1428 2515 et
1445 2438 1552 2545 quod
1575 2438 1654 2545 ipse
1672 2438 1747 2517 hoo
1770 2440 2006 2529 emendabit,
2027 2457 2065 2518 et
2091 2442 2330 2520 mandabitur

914 2570 1127 2649 executioni
1148 2568 1441 2675 condempnacio
1461 2568 1639 2675 predicta.

969 2699 1103 2779 Actum
1123 2700 1299 2793 Parisios,
1321 2701 1420 2779 Jovis
1439 2718 1525 2807 post
1543 2700 1803 2781 invencionem
1831 2702 2125 2793 SancteCrucis,
2142 2730 2241 2781 anno
2258 2721 2332 2779 tre·

914 2832 1117 2911 centesimo
1134 2831 1348 2909 undecimo.

968 3098 1057 3177 CIX.
1089 3097 1187 3177 Cum
1199 3096 1383 3174 Arnaldus
1398 3096 1567 3203 Margoti,
1581 3125 1651 3202 pro
1662 3097 1892 3203 quibusdam
1905 3098 2117 3176 excessibus
2131 3080 2203 3175 sibi
2218 3099 2335 3204 impo

912 3228 1008 3317 sitis,
1030 3226 1070 3302 in
1083 3226 1247 3333 prisione
1264 3226 1408 3303 domini
1420 3226 1530 3333 Regis
1546 3226 1722 3305 detentus
1736 3243 1849 3317 esset,
1867 3244 1905 3305 et
1919 3229 2078 3305 Ysarnus
2091 3227 2140 3304 de
2154 3227 2328 3334 Lusegio,

912 3356 1021 3463 Hugo
1030 3355 1078 3431 de
1091 3356 1290 3444 Manhaco,
1305 3354 1514 3445 domicelli,
1527 3355 1804 3435 Guilbamonus
1813 3374 1852 3433 et
1860 3356 2083 3433 Bertrandus
2093 3355 2142 3433 de
2153 3355 2326 3447 Casellis,

911 3484 1057 3575 fratres,
1074 3512 1199 3563 coram
1211 3484 1496 3593 inquisitoribus
1515 3514 1537 3561 a
1554 3485 1709 3563 domino
1728 3488 1829 3593 Rege
1845 3486 1883 3561 in
1898 3485 2186 3591 Petragoricensi
2203 3513 2328 3565 senes-

910 3613 1017 3694 callia
1034 3613 1237 3720 deputatis,
1255 3615 1449 3705 cavissent,
1467 3643 1535 3721 pro
1552 3615 1634 3721 ipso
1646 3614 1813 3694 Arnaldo
1825 3615 2051 3704 detenendo,
2064 3614 2163 3692 salvo
2176 3631 2329 3705 arresto,

910 3744 1005 3823 inlra
1015 3744 1201 3823 civitatem
1213 3772 1281 3823 seu
1291 3744 1418 3822 villam
1428 3744 1675 3834 Caturci,sub
1687 3774 1784 3853 pena
1792 3747 1962 3854 quinque
1976 3744 2139 3823 millium
2151 3744 2331 3822 librarum

909 3877 1207 3964 Turonensium,
1228 3876 1394 3983 dictique
1409 3892 1595 3964 caventes,
1611 3893 1710 3954 certa
1725 3877 1806 3965 die,
1828 3894 1957 3984 postea
1969 3876 2135 3955 eundem
2147 3892 2330 3953 arrestum

909 4004 1156 4109 personaliter
1170 4034 1295 4103 coram
1316 4006 1425 4084 dictis
1445 4006 1732 4112 inquisitoribus
1747 4006 1985 4095 exhibentes,
2001 4006 2201 4112 periissent
2225 4032 2264 4081 se
2284 4002 2333 4081 li·
2396 4082 2402 4089 ,

874 4226 880 4245 .
908 4133 1030 4213 bereri
1046 4162 1065 4211 a
1082 4135 1258 4215 caucione
1279 4135 1464 4241 predicta;
1481 4134 1648 4243 dictique
1667 4136 1921 4243 inquisitores,
1939 4136 2079 4216 eodem
2097 4133 2260 4213 Arnaldo
2277 4134 2332 4213 sic

908 4264 961 4341 eis
978 4264 1156 4357 exhibito,
1171 4265 1362 4371 predictos
1374 4283 1578 4344 caventesa
1593 4266 1691 4345 dicta
1702 4267 1877 4345 caucione
1892 4267 2117 4373 quittassent
2135 4282 2174 4344 et
2185 4265 2330 4343 liberas

907 4410 1001 4483 sent,
1012 4412 1126 4503 prout
1140 4424 1207 4502 per
1217 4395 1357 4473 litteras
1374 4395 1560 4473 dictorum
1576 4394 1842 4503 inquisitorum
1853 4397 2090 4475 curienostre
2104 4396 2270 4474 constitit
2282 4396 2328 4472 de

907 4524 1104 4627 predictis;
1127 4524 1266 4602 deinde
1288 4542 1507 4630 procurator
1530 4526 1673 4605 domini
1695 4527 1806 4635 Regis
1828 4528 1869 4603 in
1888 4526 2105 4607 senescallia
2130 4526 2329 4631 Petragori·

908 4652 1008 4729 censi
1024 4653 1143 4732 dictos
1159 4671 1329 4733 caventes
1343 4684 1456 4763 super
1470 4657 1647 4735 caucione
1660 4658 1829 4763 predicta
1843 4687 1960 4766 quam
1974 4656 2123 4735 dicebat
2133 4656 2212 4735 lore
2227 4678 2329 4731 com-

907 4782 1074 4872 missam,
1089 4785 1199 4861 traxit
1219 4772 1442 4876 incensam,
1461 4815 1586 4866 coram
1602 4786 1729 4866 locum
1748 4805 1900 4868 tenente
1920 4786 2138 4867 senescallie
2158 4787 2327 4890 Petrago

907 4912 1077 5002 ricensis,
1100 4914 1327 5019 peticionem
1351 4914 1523 4995 faciendo
1548 4944 1661 5024 super
1683 4919 1757 4996 boo
1780 4935 1908 4996 contm
1932 4918 2050 5024 ipsos3
2070 4914 2208 5023 quibus
2228 4913 2329 4992 dicte

906 5041 1084 5147 peticioni
1102 5044 1331 5149 respondere
1348 5044 1579 5135 nolentibus,
1596 5048 1665 5125 sed
1677 5048 1724 5126 ad
1739 5047 1939 5126 dominum
1955 5050 2094 5155 Regem
2109 5043 2330 5152 appellanti·

906 5171 993 5262 bus,
1016 5171 1118 5249 idem
1141 5172 1268 5254 locum
1291 5190 1441 5265 tenens,
1469 5177 1568 5283 ipsos
1587 5196 1764 5284 reputans
1787 5194 2044 5267 contumaces,
2068 5173 2333 5254 condemnavit

906 5304 1059 5382 eosdem
1072 5304 1111 5381 in
1125 5303 1223 5387 dicta
1235 5332 1331 5411 pena
1342 5333 1411 5410 per
1423 5306 1565 5387 dictum
1573 5326 1851 5413 procuratorem
1863 5311 2112 5415 peritosque
2121 5304 2333 5409 condemp-
