5817 7292
1050 1123 1315 1230 nNQortrrs
1342 1142 1405 1211 nr
1432 1122 1642 1214 raocns.
1983 1143 2052 1213 επ

693 1285 905 1389 Stephanus
920 1284 967 1361 de
983 1282 1094 1371 Salis,
1112 1282 1238 1371 nobis,
1252 1299 1405 1361 centum
1421 1299 1460 1361 et
1473 1280 1744 1389 quinquaginta
1755 1278 1887 1369 libras,
1906 1297 1944 1357 et
1957 1280 2058 1357 dicto
2096 1285 2228 1341 hona
2241 1287 2284 1347 W·

636 1416 852 1505 Lamberto,
876 1434 1030 1493 centum
1048 1415 1172 1494 libras.
2159 1380 2223 1422 lm

691 1546 828 1655 Helyas
842 1546 890 1625 de
902 1548 1011 1635 Tort,
1030 1547 1151 1640 nobis,
1168 1562 1331 1656 quatuor
1341 1562 1379 1623 et
1391 1545 1524 1653 viginti
1534 1544 1664 1635 libras,
1677 1560 1716 1622 et
1730 1543 1833 1621 dieto
1843 1541 2058 1633 [amberto.

634 1678 764 1788 viginti
779 1678 905 1755 libras.

692 1809 825 1887 Petrus
840 1808 888 1886 de
903 1807 1073 1914 Capella,
1090 1808 1216 1899 nobis,
1238 1826 1399 1917 quatuor
1414 1827 1453 1889 et
1468 1809 1597 1917 viginti
1613 1808 1747 1895 libras,
1766 1822 1804 1883 et
1829 1806 1929 1883 dieto
1950 1805 2061 1880 Lam-

636 1940 758 2029 berto,
779 1940 908 2048 viginti
927 1940 1051 2017 libras.
1256 2036 1258 2041 ,
1552 2016 1555 2019 ,

691 2073 754 2148 Isti
780 2071 1027 2178 precedentes
1056 2068 1308 2150 interfuerunt
1341 2072 1510 2178 capcioni
1540 2088 1578 2150 et
1603 2069 1795 2149 violenciis
1820 2068 1934 2145 illatis
1960 2068 2061 2147 dicto

635 2202 836 2279 Lamberto
856 2203 977 2280 Porte.

690 2332 921 2412 Guillelmus
934 2332 982 2409 de
996 2331 1143 2423 Verdu,
1164 2330 1292 2420 nobis,
1314 2333 1609 2442 quadringentas
1628 2350 1668 2410 et
1686 2332 1814 2440 viginti
1834 2331 1959 2409 libras.

690 2464 881 2544 Gerardus
901 2463 951 2541 de
968 2464 1120 2551 Manno,
1142 2491 1206 2540 sex
1226 2480 1264 2540 et
1280 2450 1433 2571 'triginta
1453 2464 1578 2543 libras.

691 2595 825 2701 Helyas
845 2595 894 2671 de
913 2594 949 2671 la
968 2592 1154 2682 Greliera,
1177 2594 1380 2699 nonaginta
1399 2594 1524 2672 libras.
1574 2618 1577 2625 ·

690 2725 823 2831 Helyas
843 2725 891 2803 de
912 2725 1104 2829 Agonaoo,
1127 2740 1212 2801 octo
1233 2739 1273 2801 et
1289 2723 1534 2830 quadraginta
1554 2724 1679 2803 libras.

692 2854 877 2935 arnaldus
900 2856 947 2932 de
966 2853 1175 2942 Brossilho,
1192 2870 1355 2960 quatuor
1375 2870 1412 2931 et
1425 2854 1554 2960 viginti
1570 2854 1695 2933 libras.

691 2989 824 3065 Petrus
843 2984 973 3074 Fabri,
995 2986 1181 3090 sexaginta
1200 2984 1325 3063 libras.

692 3117 913 3195 Remundus
931 3117 980 3194 de
999 3116 1263 3220 Caro-Monte,
1282 3134 1447 3223 quatuor
1464 3136 1502 3196 et
1516 3120 1645 3226 viginti
1664 3120 1790 3199 libras.

691 3248 921 3326 Laurencins
939 3248 1071 3336 Porte,
1093 3264 1277 3325 trecentas
1297 3266 1337 3324 et
1354 3249 1543 3356 sexaginta
1561 3249 1685 3327 libras.

689 3378 919 3486 Pasenlphus
939 3379 986 3455 de
1006 3378 1180 3467 Martiae,
1201 3379 1425 3485 quingentas
1446 3396 1485 3455 et
1502 3381 1744 3489 quadraginta
1763 3381 1888 3462 libras.

689 3512 902 3590 Bernartius
921 3510 1102 3597 Coronat,
1125 3526 1277 3587 eentum
1298 3525 1336 3586 et
1352 3507 1484 3616 viginti
1504 3508 1629 3589 libras.

655 3628 660 3633 .
689 3642 875 3721 Arnaldus
895 3639 1200 3728 de'Polhischier,
1221 3640 1400 3717 ducentas
1419 3656 1460 3716 et
1477 3642 1724 3752 quadraginta
1744 3643 1871 3722 libras.
2014 3650 2017 3657 ’

689 3774 880 3851 Johannes
901 3772 1095 3859 Lostelier,
1117 3788 1267 3849 eentum
1289 3788 1327 3849 et
1347 3771 1534 3875 octoginta
1553 3770 1679 3848 libras.

691 3904 901 3982 Ademarus
918 3904 967 3980 de
987 3902 1022 3979 la
1042 3902 1205 3989 Chanse‚
1226 3900 1378 4007 triginta
1396 3901 1524 3978 libras.

662 4028 673 4037 ³
692 4033 921 4113 Guilielmus
940 4034 989 4109 de
1003 4032 1039 4109 le
1054 4030 1202 4121 Malfre,
1224 4032 1436 4109 octodecim
1456 4030 1582 4108 libras.

692 4163 883 4243 Gerardus
902 4163 950 4240 de
970 4161 1292 4250 SanctoAsterio,
1309 4162 1461 4269 triginta
1480 4160 1604 4238 libras.

692 4294 826 4373 Petrus
843 4294 1028 4382 Peschier,
1050 4310 1136 4370 octo
1157 4310 1196 4371 et
1214 4292 1459 4399 quadraginta
1478 4291 1603 4371 libras.

692 4427 825 4504 Petrus
841 4423 1105 4529 Passenghien,
1128 4450 1190 4500 sex
1211 4440 1248 4500 et
1265 4422 1416 4528 triginta
1435 4422 1561 4500 libras.

693 4556 907 4664 Stephanus
926 4555 974 4632 de
992 4557 1144 4661 Ruppe,
1166 4554 1343 4631 ducentas
1363 4571 1402 4633 et
1417 4554 1663 4665 qradraginta
1682 4554 1805 4634 libras.

694 4687 879 4768 Geraldus
899 4686 947 4763 de
966 4686 1135 4777 Gaudin,
1157 4686 1344 4792 sexaginta
1363 4685 1488 4765 libras.

692 4823 826 4897 Petrus
843 4817 1016 4907 Garrelli,
1031 4817 1217 4925 sexaginta
1229 4816 1354 4896 libras.

695 4950 907 5058 Stephanus
927 4949 975 5027 de
993 4948 1220 5056 Blanqueto,
1237 4948 1528 5055 quadringentas
1547 4966 1586 5026 et
1603 4949 1731 5056 viginti
1751 4978 1813 5027 sex
1832 4951 1957 5030 libras.

693 5083 881 5162 lohannes
901 5080 949 5158 de
969 5081 1154 5187 Agonaeo,
1175 5108 1238 5159 sex
1259 5097 1296 5157 et
1315 5080 1467 5187 triginta
1485 5078 1610 5159 libras.

693 5215 884 5292 Johannes
898 5212 945 5290 de
962 5212 1123 5318 Meloya,
1144 5228 1295 5301 centum
1313 5228 1351 5287 et
1365 5210 1634 5321 qninquaginta
1651 5213 1773 5294 libras.

694 5344 829 5453 Helyas
848 5346 987 5423 Barrnu
1006 5371 1068 5421 sex
1088 5360 1126 5421 et
1143 5342 1294 5447 triginta
1310 5341 1437 5419 libras.

696 5476 844 5555 Yterius
863 5476 912 5557 de
931 5475 1112 5587 Benlaya,
1135 5492 1289 5555 eentum
1309 5473 1496 5585 et'viginti
1513 5474 1638 5557 libras.

1863 5633 1913 5710 47.
