5817 7292
1042 1071 1312 1178 anoutras
1337 1091 1402 1162 ar
1429 1073 1636 1164 raucas.
1998 1093 2039 1162 rr

682 1235 788 1312 Lune
804 1249 890 1310 ante
905 1230 1141 1308 nativitatem
1155 1231 1254 1308 beati
1270 1233 1451 1310 Johannis
1464 1233 1636 1339 Baptista.

682 1367 731 1442 Μ.
753 1365 796 1441 R.
818 1361 1045 1441 Rousselleti
1059 1363 1293 1468 reportavit¹.

677 1498 722 1572 ln
741 1494 891 1574 duobus
911 1493 1024 1572 saccis
1043 1511 1115 1586 est,
1131 1492 1306 1572 videlicet
1324 1495 1363 1572 in
1382 1521 1489 1572 sacco
1510 1511 1548 1570 et
1566 1491 1662 1569 mala
1682 1493 1730 1570 de
1747 1491 1834 1570 tela.

663 1764 741 1840 ·Xl.
773 1761 871 1839 Cum
899 1761 998 1838 inter
1023 1759 1203 1838 ballivmn
1228 1759 1501 1838 Bituricensem
1533 1759 1757 1865 pronubis,
1789 1776 1828 1835 et
1853 1758 2047 1868 religiosos

627 1894 726 1970 viros
738 1891 912 1969 abbatam
929 1907 968 1969 et
982 1907 1209 1968 conventum
1222 1891 1474 1968 Sancti-Setini
1485 1909 1523 1968 et
1538 1918 1672 1968 eorum
1686 1891 1853 1996 priorem
1867 1889 1915 1968 de
1929 1891 2045 1979 Mera,

624 2053 667 2099 er
684 2050 760 2100 una
774 2039 895 2128 parte,
913 2038 952 2098 et
969 2021 1195 2113 liebertum,
1214 2021 1414 2100 dominum
1429 2021 1666 2109 deBetunia‚
1682 2021 1862 2100 comitem
1874 2039 1966 2098 tuuc
1983 2021 2047 2102 Nie

622 2181 863 2245 vernensem,
878 2153 1034 2230 nomine
1049 2180 1117 2230 suo
1132 2170 1169 2230 et
1184 2149 1392 2228 liberorum
1405 2152 1592 2260 ejusdem,
1605 2153 1646 2228 in
1658 2151 1763 2230 ballo
1771 2153 1846 2230 sive
1857 2153 1970 2259 garda
1979 2165 2048 2229 'sua

548 2351 553 2362 .
622 2285 884 2374 existendum,
917 2283 1125 2375 exaltem,
1162 2282 1412 2360 controversia
1442 2300 1545 2361 mota
1573 2283 1705 2361 luisset
1731 2312 1845 2391 super
1869 2313 1917 2364 eo
1943 2284 2047 2391 quod

624 2414 744 2492 dictus
768 2443 914 2506 comes,
935 2413 1090 2491 nomine
1114 2443 1191 2520 quo
1214 2443 1346 2519 supra,
1374 2412 1527 2518 dicebat=
1545 2432 1583 2491 et
1601 2416 1789 2493 asserebat
1808 2416 1964 2493 comites
1982 2416 2046 2491 Ni-

554 2571 556 2576 ’
621 2571 839 2632 vernauses,
863 2544 930 2652 qui
944 2562 1205 2651 pro-tempore
1222 2543 1397 2635 fuerunt,
1411 2573 1581 2651 quorum
1598 2544 1709 2625 liberi
1722 2545 1882 2652 predicti
1896 2548 1939 2624 R.
1957 2564 2045 2622 sunt

621 2675 799 2768 heredes,
826 2703 906 2753 esse
930 2693 970 2752 et
987 2657 1101 2753 fuisse
1127 2674 1268 2784 louguo
1292 2694 1465 2781 tempore
1486 2676 1526 2751 in
1546 2676 1682 2753 saisina
1699 2675 1814 2782 garde
1835 2675 1924 2751 dicti
1945 2676 2046 2780 prio·

622 2823 725 2882 ratus
745 2806 792 2882 de
813 2806 919 2884 Mera
946 2822 984 2882 et
1009 2804 1324 2911 pertinenciarum
1352 2804 1524 2910 ejusdem
1550 2833 1748 2911 quousque
1768 2821 1899 2914 gentes
1917 2821 2044 2881 nostre

626 2937 674 3014 de
693 2934 793 3012 dicta
810 2935 923 3041 garda
941 2934 1190 3012 desaisierunt
1205 2936 1377 3028 eosdem,
1394 2948 1633 3042 peteretque,
1649 2935 1804 3016 nomine
1823 2963 1900 3041 quo
1916 2964 2042 3041 supra,

622 3067 801 3173 pluribus·
815 3067 935 3144 camis
954 3084 992 3144 et
1006 3066 1236 3156 nacionibus,
1252 3093 1293 3144 se
1310 3067 1358 3144 ad
1377 3067 1530 3174 gardam
1547 3066 1754 3172 predictam
1769 3065 1916 3144 restitui
1939 3083 1975 3143 et
1988 3097 2046 3146 re-

621 3199 757 3288 saisiri3
776 3197 914 3292 ballivo
929 3197 1168 3286 Bituricsnsi‚
1186 3198 1394 3304 pronubis,
1412 3215 1451 3274 et
1463 3196 1574 3274 dictis
1591 3196 1789 3304 religiosis,
1803 3227 1872 3304 pro
1884 3226 1941 3286 se.
1957 3227 2044 3276 con·

619 3329 778 3407 trariurn
793 3327 1073 3434 asserentibus,
1100 3327 1350 3436 pluribusque
1374 3327 1591 3406 nacionibus
1607 3329 1825 3435 petentibus
1844 3358 1883 3406 se
1903 3328 2043 3408 absolvi

621 3460 668 3538 ah
695 3460 936 3569 inpeticione
957 3459 1126 3567 predicta
1146 3460 1235 3538 dicti
1256 3460 1418 3550 comitis,
1446 3487 1596 3539 necnon
1614 3461 1856 3566 pronunciari
1882 3489 1951 3566 pro
1976 3489 2044 3540 no·

620 3591 679 3669 bis
707 3610 745 3669 et
773 3592 865 3698 ipsis
891 3589 1077 3699 religiosis
1105 3620 1174 3670 nos
1206 3609 1243 3669 et
1267 3591 1368 3698 ipsos
1395 3591 1591 3700 religiosos
1620 3619 1702 3670 esse
1727 3592 1980 3670 remanendos
2002 3595 2042 3671 in

622 3723 755 3800 saisina
783 3723 898 3832 garde
922 3721 1110 3830 predicte;
1139 3751 1317 3830 cumque,
1344 3721 1445 3801 ballo
1474 3752 1541 3802 seu
1564 3723 1679 3830 garda
1703 3723 1881 3829 predictis
1905 3721 2040 3810 finitis,

622 3872 843 3960 procurator
863 3853 1010 3934 comitis
1028 3854 1367 3960 Nivaraensimqui
1387 3881 1489 3932 nune
1508 3872 1583 3946 est,
1606 3855 1762 3934 nomine
1781 3854 1889 3961 cujus
1908 3853 1954 3931 de
1973 3854 2044 3932 sai·

622 3985 702 4060 sina
727 3983 826 4062 dicte
852 3985 967 4093 garde
991 4002 1114 4064 actum
1141 3985 1229 4074 fuit,
1251 4001 1398 4091 peteret
1415 3983 1627 4092 inquestam
1647 3985 1697 4062 de
1716 3987 1895 4063 mandato
1913 4003 2043 4063 nostro

623 4113 829 4220 superbos
846 4113 979 4192 factam
1000 4115 1118 4192 videri
1138 4143 1180 4191 ac
1200 4115 1317 4192 eciam
1329 4114 1511 4221 judicari:
1527 4113 1614 4192 Visa
1629 4113 1798 4221 predicta
1816 4114 1987 4218 inquesta
2007 4131 2045 4190 et

620 4244 826 4354 diligenter
844 4246 1069 4338 examinata,
1096 4245 1351 4352 omnibusque
1370 4243 1441 4320 rite
1463 4273 1503 4320 ac
1521 4244 1760 4322 solemnitate
1778 4272 1854 4349 qua
1873 4245 2046 4321 convenit

622 4376 729 4468 actis,
745 4401 815 4483 per
829 4376 930 4454 curie
940 4393 1069 4454 nostre
1074 4377 1263 4484 judicium
1273 4436 1282 4465 ‚
1293 4374 1453 4454 ballivus
1466 4392 1596 4454 noster
1607 4374 1822 4483 predictus,
1834 4401 1904 4482 pro
1913 4375 2043 4466 nobis,

623 4523 662 4582 et
680 4505 771 4584 dicti
791 4505 975 4617 religiosi,
995 4534 1140 4614 prose,
1161 4507 1209 4585 ab
1225 4506 1474 4614 impetioione
1482 4507 1653 4614 predicta
1667 4507 1757 4586 dicti
1772 4508 1923 4586 oomitis
1938 4508 2045 4586 abso-
2068 4582 2073 4588 .

622 4635 694 4716 luti
714 4635 886 4727 fuerunt,
908 4655 1033 4744 etper
1052 4639 1153 4718 idem
1168 4639 1358 4746 judicium
1377 4639 1667 4747 pronunciatum
1688 4637 1763 4716 tuit
1779 4668 1850 4718 nos
1868 4657 1908 4718 et
1927 4641 2044 4719 dictos

622 4767 818 4876 religiosos
841 4769 879 4844 in
903 4769 1036 4848 saisina
1062 4769 1176 4878 garde
1201 4771 1292 4850 dicti
1321 4771 1509 4879 prioratus
1527 4770 1583 4848 de
1601 4771 1708 4849 Meva
1734 4788 1773 4848 et
1795 4771 2046 4878 pertinencia-

622 4925 706 4976 rum
720 4898 891 5007 ejusdem
903 4899 1264 4992 debereramanere,
1280 4900 1380 4980 salvo
1389 4902 1478 5008 jure
1490 4900 1582 4979 dicti
1594 4901 1755 4990 comitis,
1771 4901 1920 5010 siquod
1930 4900 2045 4980 babet

622 5031 661 5106 in
681 5031 908 5138 proprietate
928 5032 1043 5141 garde
1062 5033 1232 5140 predicte
1251 5033 1290 5110 iu
1311 5033 1434 5141 cujus,
1457 5050 1527 5110 etc.

679 5163 789 5239 Luna
805 5181 890 5268 post
908 5164 1264 5244 nativitatem-beati
1275 5163 1460 5242 Johannis
1478 5164 1656 5271 Baptista.

665 5363 1295 5454 ¹eritenmargechotaMandamusvobis
1371 5369 1401 5428 in
1420 5369 1525 5428 nostris
1543 5369 1672 5451 registris
1686 5367 1862 5436 continetur,
1878 5364 2046 5426 exeeueioai

622 5469 1296 5556 quatinusdictamoondempnsoionem.prout
1371 5467 2046 5535 mandetis...rr.vrrrr¹rrrlibrrs'l'uronensesr

2081 1207 2216 1303 ,Parsirai
2228 1242 2272 1306 lv,

2146 1334 2209 1375 rsor.
