<?xml version="1.0" encoding="UTF-8"?>
<!DOCTYPE html PUBLIC "-//W3C//DTD XHTML 1.0 Transitional//EN"
    "http://www.w3.org/TR/xhtml1/DTD/xhtml1-transitional.dtd">
<html xmlns="http://www.w3.org/1999/xhtml" xml:lang="en" lang="en">
 <head>
  <title>
</title>
<meta http-equiv="Content-Type" content="text/html;charset=utf-8" />
  <meta name='ocr-system' content='tesseract 3.04.00' />
  <meta name='ocr-capabilities' content='ocr_page ocr_carea ocr_par ocr_line ocrx_word'/>
</head>
<body>
  <div class='ocr_page' id='page_1' title='image "./lesolimouregist00pargoog_0221.png"; bbox 0 0 5817 7292; ppageno 0'>
   <div class='ocr_carea' id='block_1_1' title="bbox 1048 1095 2054 1204">
    <p class='ocr_par' dir='ltr' id='par_1_1' title="bbox 1048 1095 2054 1204">
     <span class='ocr_line' id='line_1_1' title="bbox 1048 1095 2054 1204; baseline 0.001 -15"><span class='ocrx_word' id='word_1_1' title='bbox 1048 1095 1317 1204; x_wconf 73' lang='lat' dir='ltr'><strong>nuoonras</strong></span> <span class='ocrx_word' id='word_1_2' title='bbox 1342 1111 1406 1184; x_wconf 81' lang='lat' dir='ltr'><strong>nr</strong></span> <span class='ocrx_word' id='word_1_3' title='bbox 1432 1095 1639 1188; x_wconf 71' lang='lat' dir='ltr'><strong>esoces</strong></span> <span class='ocrx_word' id='word_1_4' title='bbox 1984 1117 2054 1190; x_wconf 79' lang='lat' dir='ltr'><strong>ua</strong></span> 
     </span>
    </p>
   </div>
   <div class='ocr_carea' id='block_1_2' title="bbox 631 1254 2278 1468">
    <p class='ocr_par' dir='ltr' id='par_1_2' title="bbox 631 1254 2278 1468">
     <span class='ocr_line' id='line_1_2' title="bbox 690 1254 2278 1403; baseline -0.005 -65"><span class='ocrx_word' id='word_1_5' title='bbox 690 1258 843 1338; x_wconf 82' lang='lat' dir='ltr'><strong>Sabbati</strong></span> <span class='ocrx_word' id='word_1_6' title='bbox 873 1273 957 1365; x_wconf 90' lang='lat' dir='ltr'><strong>post</strong></span> <span class='ocrx_word' id='word_1_7' title='bbox 976 1256 1265 1335; x_wconf 87' lang='lat' dir='ltr'><strong>Decolacionem</strong></span> <span class='ocrx_word' id='word_1_8' title='bbox 1293 1254 1428 1331; x_wconf 88' lang='lat' dir='ltr'><strong>sanctis</strong></span> <span class='ocrx_word' id='word_1_9' title='bbox 1451 1254 1648 1343; x_wconf 88' lang='lat' dir='ltr'><strong>Jobannis,</strong></span> <span class='ocrx_word' id='word_1_10' title='bbox 1670 1278 1769 1331; x_wconf 92' lang='lat' dir='ltr'><strong>anno</strong></span> <span class='ocrx_word' id='word_1_11' title='bbox 1792 1258 2056 1335; x_wconf 89' lang='lat' dir='ltr'><strong>trecentesimo</strong></span> <span class='ocrx_word' id='word_1_12' title='bbox 2091 1267 2221 1403; x_wconf 54' lang='lat' dir='ltr'><strong>quqoqz</strong></span> <span class='ocrx_word' id='word_1_13' title='bbox 2234 1266 2278 1330; x_wconf 76' lang='lat' dir='ltr'><strong>tv,</strong></span> 
     </span>
     <span class='ocr_line' id='line_1_3' title="bbox 631 1410 761 1468; baseline -0.023 0"><span class='ocrx_word' id='word_1_14' title='bbox 631 1410 761 1468; x_wconf 76' lang='lat' dir='ltr'><strong>tercio.</strong></span> 
     </span>
    </p>
   </div>
   <div class='ocr_carea' id='block_1_3' title="bbox 610 1648 2063 4735">
    <p class='ocr_par' dir='ltr' id='par_1_3' title="bbox 626 1648 2061 3461">
     <span class='ocr_line' id='line_1_4' title="bbox 688 1648 2059 1735; baseline -0.004 -2"><span class='ocrx_word' id='word_1_15' title='bbox 688 1656 763 1733; x_wconf 88' lang='lat' dir='ltr'><strong>XII.</strong></span> <span class='ocrx_word' id='word_1_16' title='bbox 795 1654 894 1735; x_wconf 90' lang='lat' dir='ltr'><strong>Cum</strong></span> <span class='ocrx_word' id='word_1_17' title='bbox 915 1652 954 1729; x_wconf 92' lang='lat' dir='ltr'><strong>in</strong></span> <span class='ocrx_word' id='word_1_18' title='bbox 972 1680 1082 1731; x_wconf 87' lang='lat' dir='ltr'><strong>causa</strong></span> <span class='ocrx_word' id='word_1_19' title='bbox 1106 1667 1208 1731; x_wconf 87' lang='lat' dir='ltr'><strong>mota</strong></span> <span class='ocrx_word' id='word_1_20' title='bbox 1228 1668 1352 1727; x_wconf 86' lang='lat' dir='ltr'><strong>cora&#39;m</strong></span> <span class='ocrx_word' id='word_1_21' title='bbox 1374 1649 1579 1727; x_wconf 88' lang='lat' dir='ltr'><strong>camerario</strong></span> <span class='ocrx_word' id='word_1_22' title='bbox 1598 1648 1939 1727; x_wconf 73' lang='lat' dir='ltr'><strong>SancteGeuovele</strong></span> <span class='ocrx_word' id='word_1_23' title='bbox 1959 1650 2059 1727; x_wconf 89' lang='lat' dir='ltr'><strong>Pari-</strong></span> 
     </span>
     <span class='ocr_line' id='line_1_5' title="bbox 632 1781 2058 1875; baseline -0.004 -12"><span class='ocrx_word' id='word_1_24' title='bbox 632 1786 779 1875; x_wconf 90' lang='lat' dir='ltr'><strong>siensis,</strong></span> <span class='ocrx_word' id='word_1_25' title='bbox 801 1786 901 1861; x_wconf 87' lang='lat' dir='ltr'><strong>inter</strong></span> <span class='ocrx_word' id='word_1_26' title='bbox 918 1781 1167 1875; x_wconf 86' lang='lat' dir='ltr'><strong>Esmelinam,</strong></span> <span class='ocrx_word' id='word_1_27' title='bbox 1188 1810 1344 1861; x_wconf 84' lang='lat' dir='ltr'><strong>uxorem</strong></span> <span class='ocrx_word' id='word_1_28' title='bbox 1359 1781 1542 1859; x_wconf 85' lang='lat' dir='ltr'><strong>lobannis</strong></span> <span class='ocrx_word' id='word_1_29' title='bbox 1556 1781 1604 1859; x_wconf 92' lang='lat' dir='ltr'><strong>de</strong></span> <span class='ocrx_word' id='word_1_30' title='bbox 1620 1781 1950 1871; x_wconf 87' lang='lat' dir='ltr'><strong>Sancto-Martiuo,</strong></span> <span class='ocrx_word' id='word_1_31' title='bbox 1972 1807 2058 1860; x_wconf 85' lang='lat' dir='ltr'><strong>curu</strong></span> 
     </span>
     <span class='ocr_line' id='line_1_6' title="bbox 633 1910 2060 2023; baseline -0.002 -29"><span class='ocrx_word' id='word_1_32' title='bbox 633 1916 850 1994; x_wconf 87' lang='lat' dir='ltr'><strong>auctoritate</strong></span> <span class='ocrx_word' id='word_1_33' title='bbox 877 1914 968 1992; x_wconf 91' lang='lat' dir='ltr'><strong>dicti</strong></span> <span class='ocrx_word' id='word_1_34' title='bbox 995 1915 1119 1992; x_wconf 87' lang='lat' dir='ltr'><strong>mariti</strong></span> <span class='ocrx_word' id='word_1_35' title='bbox 1148 1916 1223 2007; x_wconf 85' lang='lat' dir='ltr'><strong>sui,</strong></span> <span class='ocrx_word' id='word_1_36' title='bbox 1252 1942 1295 1991; x_wconf 89' lang='lat' dir='ltr'><strong>ex</strong></span> <span class='ocrx_word' id='word_1_37' title='bbox 1319 1940 1396 1989; x_wconf 92' lang='lat' dir='ltr'><strong>una</strong></span> <span class='ocrx_word' id='word_1_38' title='bbox 1420 1930 1541 2019; x_wconf 87' lang='lat' dir='ltr'><strong>parte,</strong></span> <span class='ocrx_word' id='word_1_39' title='bbox 1564 1929 1602 1989; x_wconf 91' lang='lat' dir='ltr'><strong>et</strong></span> <span class='ocrx_word' id='word_1_40' title='bbox 1621 1910 1824 1989; x_wconf 86' lang='lat' dir='ltr'><strong>Henricum</strong></span> <span class='ocrx_word' id='word_1_41' title='bbox 1851 1912 1899 1989; x_wconf 85' lang='lat' dir='ltr'><strong>de</strong></span> <span class='ocrx_word' id='word_1_42' title='bbox 1917 1916 2060 2023; x_wconf 67' lang='lat' dir='ltr'><strong>Burgo-</strong></span> 
     </span>
     <span class='ocr_line' id='line_1_7' title="bbox 633 2043 2054 2153; baseline -0.003 -30"><span class='ocrx_word' id='word_1_43' title='bbox 633 2047 790 2152; x_wconf 83' lang='lat' dir='ltr'><strong>Regine,</strong></span> <span class='ocrx_word' id='word_1_44' title='bbox 811 2046 1017 2153; x_wconf 80' lang='lat' dir='ltr'><strong>gerandum</strong></span> <span class='ocrx_word' id='word_1_45' title='bbox 1034 2044 1218 2152; x_wconf 87' lang='lat' dir='ltr'><strong>Arnulphi</strong></span> <span class='ocrx_word' id='word_1_46' title='bbox 1240 2045 1287 2121; x_wconf 90' lang='lat' dir='ltr'><strong>de</strong></span> <span class='ocrx_word' id='word_1_47' title='bbox 1307 2043 1550 2135; x_wconf 82' lang='lat' dir='ltr'><strong>Alta-Domo,</strong></span> <span class='ocrx_word' id='word_1_48' title='bbox 1569 2044 1723 2121; x_wconf 88' lang='lat' dir='ltr'><strong>nomine</strong></span> <span class='ocrx_word' id='word_1_49' title='bbox 1744 2043 1835 2120; x_wconf 90' lang='lat' dir='ltr'><strong>dicti</strong></span> <span class='ocrx_word' id='word_1_50' title='bbox 1854 2043 2054 2151; x_wconf 79' lang='lat' dir='ltr'><strong>Arnulphi,</strong></span> 
     </span>
     <span class='ocr_line' id='line_1_8' title="bbox 633 2174 2060 2283; baseline -0.001 -30"><span class='ocrx_word' id='word_1_51' title='bbox 633 2206 676 2253; x_wconf 80' lang='lat' dir='ltr'><strong>es</strong></span> <span class='ocrx_word' id='word_1_52' title='bbox 695 2178 783 2268; x_wconf 83' lang='lat' dir='ltr'><strong>alia,</strong></span> <span class='ocrx_word' id='word_1_53' title='bbox 810 2204 924 2282; x_wconf 89' lang='lat' dir='ltr'><strong>super</strong></span> <span class='ocrx_word' id='word_1_54' title='bbox 947 2174 1130 2254; x_wconf 87' lang='lat' dir='ltr'><strong>divisione</strong></span> <span class='ocrx_word' id='word_1_55' title='bbox 1150 2176 1345 2283; x_wconf 89' lang='lat' dir='ltr'><strong>cujusdam</strong></span> <span class='ocrx_word' id='word_1_56' title='bbox 1367 2176 1505 2254; x_wconf 91' lang='lat' dir='ltr'><strong>domus</strong></span> <span class='ocrx_word' id='word_1_57' title='bbox 1524 2192 1561 2253; x_wconf 88' lang='lat' dir='ltr'><strong>at</strong></span> <span class='ocrx_word' id='word_1_58' title='bbox 1581 2176 1663 2283; x_wconf 87' lang='lat' dir='ltr'><strong>ejus</strong></span> <span class='ocrx_word' id='word_1_59' title='bbox 1684 2174 2001 2283; x_wconf 85' lang='lat' dir='ltr'><strong>pertinenciamm</strong></span> <span class='ocrx_word' id='word_1_60' title='bbox 2022 2193 2060 2251; x_wconf 83' lang='lat' dir='ltr'><strong>et</strong></span> 
     </span>
     <span class='ocr_line' id='line_1_9' title="bbox 630 2304 2058 2415; baseline 0 -32"><span class='ocrx_word' id='word_1_61' title='bbox 630 2323 815 2383; x_wconf 84' lang='lat' dir='ltr'><strong>terrarum</strong></span> <span class='ocrx_word' id='word_1_62' title='bbox 840 2304 1053 2395; x_wconf 88' lang='lat' dir='ltr'><strong>arabilium,</strong></span> <span class='ocrx_word' id='word_1_63' title='bbox 1078 2308 1235 2384; x_wconf 90' lang='lat' dir='ltr'><strong>sitarum</strong></span> <span class='ocrx_word' id='word_1_64' title='bbox 1261 2307 1362 2413; x_wconf 90' lang='lat' dir='ltr'><strong>apud</strong></span> <span class='ocrx_word' id='word_1_65' title='bbox 1387 2306 1535 2385; x_wconf 87' lang='lat' dir='ltr'><strong>Triuon</strong></span> <span class='ocrx_word' id='word_1_66' title='bbox 1561 2324 1599 2384; x_wconf 89' lang='lat' dir='ltr'><strong>et</strong></span> <span class='ocrx_word' id='word_1_67' title='bbox 1621 2306 1662 2383; x_wconf 90' lang='lat' dir='ltr'><strong>in</strong></span> <span class='ocrx_word' id='word_1_68' title='bbox 1682 2308 1763 2415; x_wconf 89' lang='lat' dir='ltr'><strong>ejus</strong></span> <span class='ocrx_word' id='word_1_69' title='bbox 1787 2308 1993 2395; x_wconf 86' lang='lat' dir='ltr'><strong>territorio,</strong></span> <span class='ocrx_word' id='word_1_70' title='bbox 2019 2308 2058 2383; x_wconf 89' lang='lat' dir='ltr'><strong>in</strong></span> 
     </span>
     <span class='ocr_line' id='line_1_10' title="bbox 626 2437 2060 2546; baseline 0.001 -31"><span class='ocrx_word' id='word_1_71' title='bbox 626 2438 777 2543; x_wconf 87' lang='lat' dir='ltr'><strong>justicia</strong></span> <span class='ocrx_word' id='word_1_72' title='bbox 791 2438 891 2517; x_wconf 88' lang='lat' dir='ltr'><strong>dicte</strong></span> <span class='ocrx_word' id='word_1_73' title='bbox 909 2437 1064 2515; x_wconf 81' lang='lat' dir='ltr'><strong>ecclesie</strong></span> <span class='ocrx_word' id='word_1_74' title='bbox 1081 2438 1434 2527; x_wconf 84' lang='lat' dir='ltr'><strong>Sancte-Genovele,</strong></span> <span class='ocrx_word' id='word_1_75' title='bbox 1452 2468 1568 2546; x_wconf 91' lang='lat' dir='ltr'><strong>quam</strong></span> <span class='ocrx_word' id='word_1_76' title='bbox 1582 2439 1809 2517; x_wconf 83' lang='lat' dir='ltr'><strong>divisionem</strong></span> <span class='ocrx_word' id='word_1_77' title='bbox 1825 2440 1923 2515; x_wconf 91' lang='lat' dir='ltr'><strong>dicta</strong></span> <span class='ocrx_word' id='word_1_78' title='bbox 1934 2442 2060 2517; x_wconf 88' lang='lat' dir='ltr'><strong>Esme-</strong></span> 
     </span>
     <span class='ocr_line' id='line_1_11' title="bbox 631 2568 2061 2675; baseline 0.001 -30"><span class='ocrx_word' id='word_1_79' title='bbox 631 2568 707 2645; x_wconf 89' lang='lat' dir='ltr'><strong>lina</strong></span> <span class='ocrx_word' id='word_1_80' title='bbox 726 2568 796 2647; x_wconf 92' lang='lat' dir='ltr'><strong>sibi</strong></span> <span class='ocrx_word' id='word_1_81' title='bbox 820 2568 903 2647; x_wconf 86' lang='lat' dir='ltr'><strong>lieri</strong></span> <span class='ocrx_word' id='word_1_82' title='bbox 923 2568 1096 2675; x_wconf 86' lang='lat' dir='ltr'><strong>petebat;</strong></span> <span class='ocrx_word' id='word_1_83' title='bbox 1122 2585 1160 2647; x_wconf 93' lang='lat' dir='ltr'><strong>et</strong></span> <span class='ocrx_word' id='word_1_84' title='bbox 1184 2571 1232 2647; x_wconf 89' lang='lat' dir='ltr'><strong>de</strong></span> <span class='ocrx_word' id='word_1_85' title='bbox 1258 2570 1398 2675; x_wconf 91' lang='lat' dir='ltr'><strong>quibus</strong></span> <span class='ocrx_word' id='word_1_86' title='bbox 1422 2569 1537 2647; x_wconf 87' lang='lat' dir='ltr'><strong>rebus</strong></span> <span class='ocrx_word' id='word_1_87' title='bbox 1562 2569 1657 2646; x_wconf 85' lang='lat' dir='ltr'><strong>sacta</strong></span> <span class='ocrx_word' id='word_1_88' title='bbox 1681 2569 1753 2646; x_wconf 88' lang='lat' dir='ltr'><strong>luit</strong></span> <span class='ocrx_word' id='word_1_89' title='bbox 1771 2570 1940 2648; x_wconf 90' lang='lat' dir='ltr'><strong>ostencio</strong></span> <span class='ocrx_word' id='word_1_90' title='bbox 1962 2571 2061 2647; x_wconf 89' lang='lat' dir='ltr'><strong>inter</strong></span> 
     </span>
     <span class='ocr_line' id='line_1_12' title="bbox 631 2698 2061 2809; baseline 0 -32"><span class='ocrx_word' id='word_1_91' title='bbox 631 2717 771 2807; x_wconf 85' lang='lat' dir='ltr'><strong>partes,</strong></span> <span class='ocrx_word' id='word_1_92' title='bbox 790 2701 960 2809; x_wconf 86' lang='lat' dir='ltr'><strong>judicato</strong></span> <span class='ocrx_word' id='word_1_93' title='bbox 987 2701 1086 2778; x_wconf 88' lang='lat' dir='ltr'><strong>sacto</strong></span> <span class='ocrx_word' id='word_1_94' title='bbox 1114 2727 1182 2805; x_wconf 90' lang='lat' dir='ltr'><strong>per</strong></span> <span class='ocrx_word' id='word_1_95' title='bbox 1209 2698 1351 2776; x_wconf 91' lang='lat' dir='ltr'><strong>dictum</strong></span> <span class='ocrx_word' id='word_1_96' title='bbox 1378 2702 1646 2790; x_wconf 84' lang='lat' dir='ltr'><strong>camerarium,</strong></span> <span class='ocrx_word' id='word_1_97' title='bbox 1676 2728 1746 2806; x_wconf 87' lang='lat' dir='ltr'><strong>pro</strong></span> <span class='ocrx_word' id='word_1_98' title='bbox 1772 2700 1962 2777; x_wconf 89' lang='lat' dir='ltr'><strong>Esmelina</strong></span> <span class='ocrx_word' id='word_1_99' title='bbox 1980 2728 2061 2805; x_wconf 89' lang='lat' dir='ltr'><strong>prc-</strong></span> 
     </span>
     <span class='ocr_line' id='line_1_13' title="bbox 633 2830 2057 2939; baseline -0.002 -31"><span class='ocrx_word' id='word_1_100' title='bbox 633 2832 733 2909; x_wconf 86' lang='lat' dir='ltr'><strong>dicta</strong></span> <span class='ocrx_word' id='word_1_101' title='bbox 743 2849 870 2912; x_wconf 85' lang='lat' dir='ltr'><strong>contra</strong></span> <span class='ocrx_word' id='word_1_102' title='bbox 882 2832 1026 2909; x_wconf 89' lang='lat' dir='ltr'><strong>dictum</strong></span> <span class='ocrx_word' id='word_1_103' title='bbox 1039 2831 1268 2922; x_wconf 67' lang='lat' dir='ltr'><strong>Henricum</strong></span> <span class='ocrx_word' id='word_1_104' title='bbox 1285 2831 1387 2907; x_wconf 89' lang='lat' dir='ltr'><strong>idem</strong></span> <span class='ocrx_word' id='word_1_105' title='bbox 1405 2832 1589 2909; x_wconf 89' lang='lat' dir='ltr'><strong>Henricus</strong></span> <span class='ocrx_word' id='word_1_106' title='bbox 1603 2861 1625 2907; x_wconf 91' lang='lat' dir='ltr'><strong>a</strong></span> <span class='ocrx_word' id='word_1_107' title='bbox 1633 2831 1805 2939; x_wconf 84' lang='lat' dir='ltr'><strong>judicato</strong></span> <span class='ocrx_word' id='word_1_108' title='bbox 1821 2830 2057 2937; x_wconf 86' lang='lat' dir='ltr'><strong>hujusmodi,</strong></span> 
     </span>
     <span class='ocr_line' id='line_1_14' title="bbox 632 2960 2060 3069; baseline -0.001 -29"><span class='ocrx_word' id='word_1_109' title='bbox 632 2980 810 3068; x_wconf 82' lang='lat' dir='ltr'><strong>tanquam</strong></span> <span class='ocrx_word' id='word_1_110' title='bbox 830 2992 851 3039; x_wconf 90' lang='lat' dir='ltr'><strong>a</strong></span> <span class='ocrx_word' id='word_1_111' title='bbox 871 2960 964 3039; x_wconf 83' lang='lat' dir='ltr'><strong>falso</strong></span> <span class='ocrx_word' id='word_1_112' title='bbox 981 2979 1018 3040; x_wconf 93' lang='lat' dir='ltr'><strong>et</strong></span> <span class='ocrx_word' id='word_1_113' title='bbox 1032 2988 1165 3068; x_wconf 89' lang='lat' dir='ltr'><strong>pravo,</strong></span> <span class='ocrx_word' id='word_1_114' title='bbox 1183 2962 1229 3039; x_wconf 93' lang='lat' dir='ltr'><strong>ad</strong></span> <span class='ocrx_word' id='word_1_115' title='bbox 1244 2960 1479 3067; x_wconf 85' lang='lat' dir='ltr'><strong>prepositum</strong></span> <span class='ocrx_word' id='word_1_116' title='bbox 1497 2962 1744 3039; x_wconf 89' lang='lat' dir='ltr'><strong>Parisiensem</strong></span> <span class='ocrx_word' id='word_1_117' title='bbox 1763 2960 2000 3069; x_wconf 80' lang='lat' dir='ltr'><strong>appellasset,</strong></span> <span class='ocrx_word' id='word_1_118' title='bbox 2023 2979 2060 3039; x_wconf 86' lang='lat' dir='ltr'><strong>et</strong></span> 
     </span>
     <span class='ocr_line' id='line_1_15' title="bbox 632 3089 2061 3199; baseline 0.002 -33"><span class='ocrx_word' id='word_1_119' title='bbox 632 3090 735 3167; x_wconf 88' lang='lat' dir='ltr'><strong>idem</strong></span> <span class='ocrx_word' id='word_1_120' title='bbox 751 3092 982 3199; x_wconf 82' lang='lat' dir='ltr'><strong>prepositus,</strong></span> <span class='ocrx_word' id='word_1_121' title='bbox 999 3092 1038 3167; x_wconf 91' lang='lat' dir='ltr'><strong>in</strong></span> <span class='ocrx_word' id='word_1_122' title='bbox 1056 3118 1164 3167; x_wconf 87' lang='lat' dir='ltr'><strong>causa</strong></span> <span class='ocrx_word' id='word_1_123' title='bbox 1181 3091 1280 3167; x_wconf 84' lang='lat' dir='ltr'><strong>dicte</strong></span> <span class='ocrx_word' id='word_1_124' title='bbox 1296 3089 1564 3197; x_wconf 76' lang='lat' dir='ltr'><strong>appellationis</strong></span> <span class='ocrx_word' id='word_1_125' title='bbox 1581 3091 1805 3199; x_wconf 87' lang='lat' dir='ltr'><strong>procedens,</strong></span> <span class='ocrx_word' id='word_1_126' title='bbox 1828 3092 1967 3169; x_wconf 88' lang='lat' dir='ltr'><strong>auditis</strong></span> <span class='ocrx_word' id='word_1_127' title='bbox 1982 3121 2061 3198; x_wconf 87' lang='lat' dir='ltr'><strong>par-</strong></span> 
     </span>
     <span class='ocr_line' id='line_1_16' title="bbox 631 3219 2059 3329; baseline 0.001 -32"><span class='ocrx_word' id='word_1_128' title='bbox 631 3220 735 3298; x_wconf 88' lang='lat' dir='ltr'><strong>tibus</strong></span> <span class='ocrx_word' id='word_1_129' title='bbox 755 3238 794 3297; x_wconf 89' lang='lat' dir='ltr'><strong>et</strong></span> <span class='ocrx_word' id='word_1_130' title='bbox 812 3222 889 3299; x_wconf 89' lang='lat' dir='ltr'><strong>viso</strong></span> <span class='ocrx_word' id='word_1_131' title='bbox 912 3221 1013 3298; x_wconf 88' lang='lat' dir='ltr'><strong>dicto</strong></span> <span class='ocrx_word' id='word_1_132' title='bbox 1039 3246 1234 3327; x_wconf 89' lang='lat' dir='ltr'><strong>processu,</strong></span> <span class='ocrx_word' id='word_1_133' title='bbox 1256 3219 1463 3328; x_wconf 90' lang='lat' dir='ltr'><strong>judicasset</strong></span> <span class='ocrx_word' id='word_1_134' title='bbox 1482 3220 1580 3298; x_wconf 88' lang='lat' dir='ltr'><strong>bene</strong></span> <span class='ocrx_word' id='word_1_135' title='bbox 1596 3223 1807 3329; x_wconf 89' lang='lat' dir='ltr'><strong>judicatum</strong></span> <span class='ocrx_word' id='word_1_136' title='bbox 1827 3250 1897 3329; x_wconf 88' lang='lat' dir='ltr'><strong>per</strong></span> <span class='ocrx_word' id='word_1_137' title='bbox 1916 3222 2059 3299; x_wconf 87' lang='lat' dir='ltr'><strong>dictum</strong></span> 
     </span>
     <span class='ocr_line' id='line_1_17' title="bbox 633 3348 2059 3461; baseline 0 -32"><span class='ocrx_word' id='word_1_138' title='bbox 633 3351 879 3429; x_wconf 90' lang='lat' dir='ltr'><strong>camerarium</strong></span> <span class='ocrx_word' id='word_1_139' title='bbox 892 3353 930 3427; x_wconf 91' lang='lat' dir='ltr'><strong>in</strong></span> <span class='ocrx_word' id='word_1_140' title='bbox 942 3352 1122 3458; x_wconf 88' lang='lat' dir='ltr'><strong>predictis</strong></span> <span class='ocrx_word' id='word_1_141' title='bbox 1132 3350 1264 3435; x_wconf 84' lang='lat' dir='ltr'><strong>fuisse,</strong></span> <span class='ocrx_word' id='word_1_142' title='bbox 1278 3367 1316 3427; x_wconf 89' lang='lat' dir='ltr'><strong>et</strong></span> <span class='ocrx_word' id='word_1_143' title='bbox 1330 3348 1494 3427; x_wconf 88' lang='lat' dir='ltr'><strong>eundem</strong></span> <span class='ocrx_word' id='word_1_144' title='bbox 1508 3353 1713 3430; x_wconf 79' lang='lat' dir='ltr'><strong>Henricum</strong></span> <span class='ocrx_word' id='word_1_145' title='bbox 1725 3353 1823 3430; x_wconf 87' lang='lat' dir='ltr'><strong>male</strong></span> <span class='ocrx_word' id='word_1_146' title='bbox 1834 3352 2059 3461; x_wconf 85' lang='lat' dir='ltr'><strong>appellasse;</strong></span> 
     </span>
    </p>

    <p class='ocr_par' dir='ltr' id='par_1_4' title="bbox 610 3481 2063 4502">
     <span class='ocr_line' id='line_1_18' title="bbox 610 3481 2063 3591; baseline 0.002 -32"><span class='ocrx_word' id='word_1_147' title='bbox 610 3542 612 3549; x_wconf 88' lang='lat'><em>.</em></span> <span class='ocrx_word' id='word_1_148' title='bbox 633 3481 736 3560; x_wconf 90' lang='lat' dir='ltr'><strong>idem</strong></span> <span class='ocrx_word' id='word_1_149' title='bbox 751 3483 934 3561; x_wconf 89' lang='lat' dir='ltr'><strong>Henricus</strong></span> <span class='ocrx_word' id='word_1_150' title='bbox 948 3510 969 3559; x_wconf 90' lang='lat' dir='ltr'><strong>a</strong></span> <span class='ocrx_word' id='word_1_151' title='bbox 983 3482 1086 3559; x_wconf 91' lang='lat' dir='ltr'><strong>dicto</strong></span> <span class='ocrx_word' id='word_1_152' title='bbox 1096 3481 1266 3589; x_wconf 91' lang='lat' dir='ltr'><strong>judicato</strong></span> <span class='ocrx_word' id='word_1_153' title='bbox 1282 3481 1463 3588; x_wconf 88' lang='lat' dir='ltr'><strong>prepositi</strong></span> <span class='ocrx_word' id='word_1_154' title='bbox 1481 3484 1658 3588; x_wconf 85' lang='lat' dir='ltr'><strong>predicti,</strong></span> <span class='ocrx_word' id='word_1_155' title='bbox 1676 3501 1854 3591; x_wconf 91' lang='lat' dir='ltr'><strong>tanquam</strong></span> <span class='ocrx_word' id='word_1_156' title='bbox 1870 3512 1891 3559; x_wconf 92' lang='lat' dir='ltr'><strong>a</strong></span> <span class='ocrx_word' id='word_1_157' title='bbox 1910 3483 2004 3561; x_wconf 80' lang='lat' dir='ltr'><strong>falso</strong></span> <span class='ocrx_word' id='word_1_158' title='bbox 2024 3502 2063 3562; x_wconf 90' lang='lat' dir='ltr'><strong>et</strong></span> 
     </span>
     <span class='ocr_line' id='line_1_19' title="bbox 633 3611 2060 3723; baseline 0 -33"><span class='ocrx_word' id='word_1_159' title='bbox 633 3641 763 3719; x_wconf 87' lang='lat' dir='ltr'><strong>pravo,</strong></span> <span class='ocrx_word' id='word_1_160' title='bbox 786 3614 833 3690; x_wconf 92' lang='lat' dir='ltr'><strong>ad</strong></span> <span class='ocrx_word' id='word_1_161' title='bbox 849 3630 1015 3691; x_wconf 89' lang='lat' dir='ltr'><strong>nostram</strong></span> <span class='ocrx_word' id='word_1_162' title='bbox 1033 3612 1167 3691; x_wconf 90' lang='lat' dir='ltr'><strong>iterato</strong></span> <span class='ocrx_word' id='word_1_163' title='bbox 1182 3613 1324 3691; x_wconf 85' lang='lat' dir='ltr'><strong>curiam</strong></span> <span class='ocrx_word' id='word_1_164' title='bbox 1342 3611 1560 3719; x_wconf 83' lang='lat' dir='ltr'><strong>appellavit:</strong></span> <span class='ocrx_word' id='word_1_165' title='bbox 1581 3614 1678 3692; x_wconf 84' lang='lat' dir='ltr'><strong>Visis</strong></span> <span class='ocrx_word' id='word_1_166' title='bbox 1693 3614 1819 3723; x_wconf 82' lang='lat' dir='ltr'><strong>igitur,</strong></span> <span class='ocrx_word' id='word_1_167' title='bbox 1836 3642 1905 3722; x_wconf 93' lang='lat' dir='ltr'><strong>per</strong></span> <span class='ocrx_word' id='word_1_168' title='bbox 1920 3616 2060 3691; x_wconf 88' lang='lat' dir='ltr'><strong>curiam</strong></span> 
     </span>
     <span class='ocr_line' id='line_1_20' title="bbox 634 3742 2062 3853; baseline 0.001 -33"><span class='ocrx_word' id='word_1_169' title='bbox 634 3762 819 3833; x_wconf 88' lang='lat' dir='ltr'><strong>nostram,</strong></span> <span class='ocrx_word' id='word_1_170' title='bbox 848 3742 959 3823; x_wconf 89' lang='lat' dir='ltr'><strong>dictis</strong></span> <span class='ocrx_word' id='word_1_171' title='bbox 985 3743 1223 3851; x_wconf 86' lang='lat' dir='ltr'><strong>processibus</strong></span> <span class='ocrx_word' id='word_1_172' title='bbox 1250 3761 1289 3822; x_wconf 84' lang='lat' dir='ltr'><strong>et</strong></span> <span class='ocrx_word' id='word_1_173' title='bbox 1309 3743 1506 3853; x_wconf 91' lang='lat' dir='ltr'><strong>judicatis,</strong></span> <span class='ocrx_word' id='word_1_174' title='bbox 1528 3774 1570 3821; x_wconf 91' lang='lat' dir='ltr'><strong>ac</strong></span> <span class='ocrx_word' id='word_1_175' title='bbox 1596 3746 1736 3823; x_wconf 87' lang='lat' dir='ltr'><strong>auditis</strong></span> <span class='ocrx_word' id='word_1_176' title='bbox 1761 3746 1870 3824; x_wconf 92' lang='lat' dir='ltr'><strong>dictis</strong></span> <span class='ocrx_word' id='word_1_177' title='bbox 1893 3744 2062 3852; x_wconf 86' lang='lat' dir='ltr'><strong>partibus</strong></span> 
     </span>
     <span class='ocr_line' id='line_1_21' title="bbox 635 3873 2062 3982; baseline 0.002 -34"><span class='ocrx_word' id='word_1_178' title='bbox 635 3876 675 3949; x_wconf 93' lang='lat' dir='ltr'><strong>in</strong></span> <span class='ocrx_word' id='word_1_179' title='bbox 695 3902 803 3951; x_wconf 91' lang='lat' dir='ltr'><strong>causa</strong></span> <span class='ocrx_word' id='word_1_180' title='bbox 824 3874 1091 3982; x_wconf 90' lang='lat' dir='ltr'><strong>appellaoionis</strong></span> <span class='ocrx_word' id='word_1_181' title='bbox 1110 3875 1298 3982; x_wconf 86' lang='lat' dir='ltr'><strong>predicte,</strong></span> <span class='ocrx_word' id='word_1_182' title='bbox 1315 3900 1403 3952; x_wconf 89' lang='lat' dir='ltr'><strong>cum</strong></span> <span class='ocrx_word' id='word_1_183' title='bbox 1422 3873 1527 3951; x_wconf 88' lang='lat' dir='ltr'><strong>idem</strong></span> <span class='ocrx_word' id='word_1_184' title='bbox 1547 3876 1731 3953; x_wconf 87' lang='lat' dir='ltr'><strong>Henricus</strong></span> <span class='ocrx_word' id='word_1_185' title='bbox 1751 3877 1798 3954; x_wconf 91' lang='lat' dir='ltr'><strong>de</strong></span> <span class='ocrx_word' id='word_1_186' title='bbox 1819 3875 1975 3954; x_wconf 82' lang='lat' dir='ltr'><strong>salsitate</strong></span> <span class='ocrx_word' id='word_1_187' title='bbox 1994 3902 2062 3952; x_wconf 88' lang='lat' dir='ltr'><strong>seu</strong></span> 
     </span>
     <span class='ocr_line' id='line_1_22' title="bbox 634 4005 2060 4115; baseline 0.003 -36"><span class='ocrx_word' id='word_1_188' title='bbox 634 4005 812 4110; x_wconf 83' lang='lat' dir='ltr'><strong>pravitate</strong></span> <span class='ocrx_word' id='word_1_189' title='bbox 833 4006 1022 4085; x_wconf 87' lang='lat' dir='ltr'><strong>dictorum</strong></span> <span class='ocrx_word' id='word_1_190' title='bbox 1038 4007 1297 4115; x_wconf 86' lang='lat' dir='ltr'><strong>judicatorum</strong></span> <span class='ocrx_word' id='word_1_191' title='bbox 1322 4034 1398 4084; x_wconf 91' lang='lat' dir='ltr'><strong>non</strong></span> <span class='ocrx_word' id='word_1_192' title='bbox 1424 4005 1615 4095; x_wconf 88' lang='lat' dir='ltr'><strong>docuerit,</strong></span> <span class='ocrx_word' id='word_1_193' title='bbox 1637 4035 1705 4114; x_wconf 88' lang='lat' dir='ltr'><strong>per</strong></span> <span class='ocrx_word' id='word_1_194' title='bbox 1725 4008 1913 4115; x_wconf 84' lang='lat' dir='ltr'><strong>judicium</strong></span> <span class='ocrx_word' id='word_1_195' title='bbox 1935 4022 2060 4084; x_wconf 87' lang='lat' dir='ltr'><strong>nostre</strong></span> 
     </span>
     <span class='ocr_line' id='line_1_23' title="bbox 635 4135 2061 4246; baseline 0.001 -34"><span class='ocrx_word' id='word_1_196' title='bbox 635 4136 755 4226; x_wconf 89' lang='lat' dir='ltr'><strong>curie,</strong></span> <span class='ocrx_word' id='word_1_197' title='bbox 774 4135 918 4212; x_wconf 91' lang='lat' dir='ltr'><strong>dictum</strong></span> <span class='ocrx_word' id='word_1_198' title='bbox 937 4135 1010 4214; x_wconf 84' lang='lat' dir='ltr'><strong>luit</strong></span> <span class='ocrx_word' id='word_1_199' title='bbox 1029 4137 1128 4214; x_wconf 89' lang='lat' dir='ltr'><strong>bcne</strong></span> <span class='ocrx_word' id='word_1_200' title='bbox 1143 4138 1355 4246; x_wconf 85' lang='lat' dir='ltr'><strong>judicatum</strong></span> <span class='ocrx_word' id='word_1_201' title='bbox 1374 4136 1414 4212; x_wconf 92' lang='lat' dir='ltr'><strong>in</strong></span> <span class='ocrx_word' id='word_1_202' title='bbox 1433 4136 1624 4241; x_wconf 85' lang='lat' dir='ltr'><strong>premissis</strong></span> <span class='ocrx_word' id='word_1_203' title='bbox 1642 4136 1756 4215; x_wconf 84' lang='lat' dir='ltr'><strong>luisse</strong></span> <span class='ocrx_word' id='word_1_204' title='bbox 1775 4165 1844 4243; x_wconf 88' lang='lat' dir='ltr'><strong>per</strong></span> <span class='ocrx_word' id='word_1_205' title='bbox 1861 4138 1982 4215; x_wconf 87' lang='lat' dir='ltr'><strong>dictos</strong></span> <span class='ocrx_word' id='word_1_206' title='bbox 2001 4164 2061 4214; x_wconf 82' lang='lat' dir='ltr'><strong>ca-</strong></span> 
     </span>
     <span class='ocr_line' id='line_1_24' title="bbox 635 4266 2060 4374; baseline 0.001 -33"><span class='ocrx_word' id='word_1_207' title='bbox 635 4266 840 4343; x_wconf 87' lang='lat' dir='ltr'><strong>merarium</strong></span> <span class='ocrx_word' id='word_1_208' title='bbox 864 4285 903 4343; x_wconf 87' lang='lat' dir='ltr'><strong>et</strong></span> <span class='ocrx_word' id='word_1_209' title='bbox 927 4268 1180 4373; x_wconf 87' lang='lat' dir='ltr'><strong>prepositum,</strong></span> <span class='ocrx_word' id='word_1_210' title='bbox 1203 4287 1241 4345; x_wconf 87' lang='lat' dir='ltr'><strong>et</strong></span> <span class='ocrx_word' id='word_1_211' title='bbox 1263 4268 1363 4345; x_wconf 89' lang='lat' dir='ltr'><strong>male</strong></span> <span class='ocrx_word' id='word_1_212' title='bbox 1380 4266 1496 4344; x_wconf 87' lang='lat' dir='ltr'><strong>luisse</strong></span> <span class='ocrx_word' id='word_1_213' title='bbox 1515 4266 1747 4373; x_wconf 88' lang='lat' dir='ltr'><strong>appellatum</strong></span> <span class='ocrx_word' id='word_1_214' title='bbox 1765 4296 1836 4374; x_wconf 91' lang='lat' dir='ltr'><strong>per</strong></span> <span class='ocrx_word' id='word_1_215' title='bbox 1857 4268 2060 4345; x_wconf 89' lang='lat' dir='ltr'><strong>Henricum</strong></span> 
     </span>
     <span class='ocr_line' id='line_1_25' title="bbox 636 4396 861 4502; baseline 0 -29"><span class='ocrx_word' id='word_1_216' title='bbox 636 4396 861 4502; x_wconf 89' lang='lat' dir='ltr'><strong>predictum.</strong></span> 
     </span>
    </p>

    <p class='ocr_par' dir='ltr' id='par_1_5' title="bbox 635 4527 2062 4735">
     <span class='ocr_line' id='line_1_26' title="bbox 692 4527 2062 4635; baseline 0.001 -32"><span class='ocrx_word' id='word_1_217' title='bbox 692 4529 798 4605; x_wconf 91' lang='lat' dir='ltr'><strong>Lune</strong></span> <span class='ocrx_word' id='word_1_218' title='bbox 834 4544 921 4635; x_wconf 91' lang='lat' dir='ltr'><strong>post</strong></span> <span class='ocrx_word' id='word_1_219' title='bbox 950 4528 1254 4607; x_wconf 86' lang='lat' dir='ltr'><strong>Decollacionem</strong></span> <span class='ocrx_word' id='word_1_220' title='bbox 1288 4527 1402 4605; x_wconf 88' lang='lat' dir='ltr'><strong>sancti</strong></span> <span class='ocrx_word' id='word_1_221' title='bbox 1434 4527 1631 4617; x_wconf 84' lang='lat' dir='ltr'><strong>lobannis,</strong></span> <span class='ocrx_word' id='word_1_222' title='bbox 1663 4554 1760 4605; x_wconf 91' lang='lat' dir='ltr'><strong>anno</strong></span> <span class='ocrx_word' id='word_1_223' title='bbox 1796 4529 2062 4605; x_wconf 88' lang='lat' dir='ltr'><strong>trecentesimo</strong></span> 
     </span>
     <span class='ocr_line' id='line_1_27' title="bbox 635 4674 760 4735; baseline -0.008 -1"><span class='ocrx_word' id='word_1_224' title='bbox 635 4674 760 4735; x_wconf 81' lang='lat' dir='ltr'><strong>terno.</strong></span> 
     </span>
    </p>
   </div>
   <div class='ocr_carea' id='block_1_4' title="bbox 637 4921 2064 5552">
    <p class='ocr_par' dir='ltr' id='par_1_6' title="bbox 637 4921 2064 5552">
     <span class='ocr_line' id='line_1_28' title="bbox 692 4921 2063 5032; baseline 0 -33"><span class='ocrx_word' id='word_1_225' title='bbox 692 4923 787 4999; x_wconf 82' lang='lat' dir='ltr'><strong>Xlll.</strong></span> <span class='ocrx_word' id='word_1_226' title='bbox 817 4922 915 5000; x_wconf 88' lang='lat' dir='ltr'><strong>Cum</strong></span> <span class='ocrx_word' id='word_1_227' title='bbox 935 4921 1129 5011; x_wconf 83' lang='lat' dir='ltr'><strong>aurifabri,</strong></span> <span class='ocrx_word' id='word_1_228' title='bbox 1151 4950 1220 5030; x_wconf 92' lang='lat' dir='ltr'><strong>pro</strong></span> <span class='ocrx_word' id='word_1_229' title='bbox 1239 4951 1309 5001; x_wconf 92' lang='lat' dir='ltr'><strong>suo</strong></span> <span class='ocrx_word' id='word_1_230' title='bbox 1332 4923 1490 5000; x_wconf 83' lang='lat' dir='ltr'><strong>artificio</strong></span> <span class='ocrx_word' id='word_1_231' title='bbox 1509 4950 1622 5029; x_wconf 88' lang='lat' dir='ltr'><strong>supra</strong></span> <span class='ocrx_word' id='word_1_232' title='bbox 1635 4922 1983 5032; x_wconf 84' lang='lat' dir='ltr'><strong>Magnum-Pontem</strong></span> <span class='ocrx_word' id='word_1_233' title='bbox 1997 4924 2063 5001; x_wconf 89' lang='lat' dir='ltr'><strong>Pa-</strong></span> 
     </span>
     <span class='ocr_line' id='line_1_29' title="bbox 637 5053 2061 5159; baseline 0.002 -32"><span class='ocrx_word' id='word_1_234' title='bbox 637 5053 831 5131; x_wconf 88' lang='lat' dir='ltr'><strong>risiensem</strong></span> <span class='ocrx_word' id='word_1_235' title='bbox 850 5053 1060 5158; x_wconf 85' lang='lat' dir='ltr'><strong>operatoria</strong></span> <span class='ocrx_word' id='word_1_236' title='bbox 1086 5080 1151 5131; x_wconf 89' lang='lat' dir='ltr'><strong>sua</strong></span> <span class='ocrx_word' id='word_1_237' title='bbox 1178 5080 1222 5130; x_wconf 82' lang='lat' dir='ltr'><strong>ex</strong></span> <span class='ocrx_word' id='word_1_238' title='bbox 1250 5070 1355 5159; x_wconf 88' lang='lat' dir='ltr'><strong>parte</strong></span> <span class='ocrx_word' id='word_1_239' title='bbox 1379 5053 1570 5132; x_wconf 87' lang='lat' dir='ltr'><strong>Castelleti</strong></span> <span class='ocrx_word' id='word_1_240' title='bbox 1596 5070 1787 5143; x_wconf 88' lang='lat' dir='ltr'><strong>tenentes,</strong></span> <span class='ocrx_word' id='word_1_241' title='bbox 1809 5054 1912 5132; x_wconf 89' lang='lat' dir='ltr'><strong>curie</strong></span> <span class='ocrx_word' id='word_1_242' title='bbox 1935 5070 2061 5131; x_wconf 88' lang='lat' dir='ltr'><strong>nostre</strong></span> 
     </span>
     <span class='ocr_line' id='line_1_30' title="bbox 637 5183 2064 5291; baseline 0.003 -33"><span class='ocrx_word' id='word_1_243' title='bbox 637 5184 828 5290; x_wconf 89' lang='lat' dir='ltr'><strong>conquesti</strong></span> <span class='ocrx_word' id='word_1_244' title='bbox 855 5183 1027 5276; x_wconf 86' lang='lat' dir='ltr'><strong>luissent,</strong></span> <span class='ocrx_word' id='word_1_245' title='bbox 1054 5183 1220 5263; x_wconf 83' lang='lat' dir='ltr'><strong>dicentes</strong></span> <span class='ocrx_word' id='word_1_246' title='bbox 1241 5183 1364 5291; x_wconf 88' lang='lat' dir='ltr'><strong>quod,</strong></span> <span class='ocrx_word' id='word_1_247' title='bbox 1387 5212 1474 5262; x_wconf 90' lang='lat' dir='ltr'><strong>cum</strong></span> <span class='ocrx_word' id='word_1_248' title='bbox 1503 5185 1572 5291; x_wconf 90' lang='lat' dir='ltr'><strong>ipsi</strong></span> <span class='ocrx_word' id='word_1_249' title='bbox 1600 5202 1723 5262; x_wconf 88' lang='lat' dir='ltr'><strong>essent</strong></span> <span class='ocrx_word' id='word_1_250' title='bbox 1748 5185 1788 5261; x_wconf 92' lang='lat' dir='ltr'><strong>in</strong></span> <span class='ocrx_word' id='word_1_251' title='bbox 1812 5185 1945 5263; x_wconf 88' lang='lat' dir='ltr'><strong>saisina</strong></span> <span class='ocrx_word' id='word_1_252' title='bbox 1965 5212 2064 5262; x_wconf 89' lang='lat' dir='ltr'><strong>cam·</strong></span> 
     </span>
     <span class='ocr_line' id='line_1_31' title="bbox 637 5312 2062 5421; baseline -0.001 -31"><span class='ocrx_word' id='word_1_253' title='bbox 637 5312 764 5391; x_wconf 89' lang='lat' dir='ltr'><strong>biandi</strong></span> <span class='ocrx_word' id='word_1_254' title='bbox 789 5330 827 5391; x_wconf 88' lang='lat' dir='ltr'><strong>et</strong></span> <span class='ocrx_word' id='word_1_255' title='bbox 850 5313 1042 5392; x_wconf 87' lang='lat' dir='ltr'><strong>cambium</strong></span> <span class='ocrx_word' id='word_1_256' title='bbox 1060 5314 1215 5393; x_wconf 87' lang='lat' dir='ltr'><strong>tenendi</strong></span> <span class='ocrx_word' id='word_1_257' title='bbox 1234 5316 1273 5391; x_wconf 92' lang='lat' dir='ltr'><strong>in</strong></span> <span class='ocrx_word' id='word_1_258' title='bbox 1293 5315 1514 5420; x_wconf 91' lang='lat' dir='ltr'><strong>operatoriis</strong></span> <span class='ocrx_word' id='word_1_259' title='bbox 1533 5339 1668 5394; x_wconf 84' lang='lat' dir='ltr'><strong>eorum</strong></span> <span class='ocrx_word' id='word_1_260' title='bbox 1686 5314 1886 5421; x_wconf 86' lang='lat' dir='ltr'><strong>predictis,</strong></span> <span class='ocrx_word' id='word_1_261' title='bbox 1906 5332 1945 5393; x_wconf 88' lang='lat' dir='ltr'><strong>et</strong></span> <span class='ocrx_word' id='word_1_262' title='bbox 1963 5315 2062 5420; x_wconf 86' lang='lat' dir='ltr'><strong>ipso-</strong></span> 
     </span>
     <span class='ocr_line' id='line_1_32' title="bbox 638 5444 2062 5552; baseline 0.001 -33"><span class='ocrx_word' id='word_1_263' title='bbox 638 5465 720 5521; x_wconf 84' lang='lat' dir='ltr'><strong>rum</strong></span> <span class='ocrx_word' id='word_1_264' title='bbox 738 5445 854 5551; x_wconf 81' lang='lat' dir='ltr'><strong>aliqui</strong></span> <span class='ocrx_word' id='word_1_265' title='bbox 874 5462 1020 5551; x_wconf 89' lang='lat' dir='ltr'><strong>tapetos</strong></span> <span class='ocrx_word' id='word_1_266' title='bbox 1040 5474 1129 5524; x_wconf 91' lang='lat' dir='ltr'><strong>suos</strong></span> <span class='ocrx_word' id='word_1_267' title='bbox 1148 5446 1187 5522; x_wconf 91' lang='lat' dir='ltr'><strong>io</strong></span> <span class='ocrx_word' id='word_1_268' title='bbox 1208 5444 1316 5524; x_wconf 88' lang='lat' dir='ltr'><strong>dictis</strong></span> <span class='ocrx_word' id='word_1_269' title='bbox 1335 5446 1558 5552; x_wconf 88' lang='lat' dir='ltr'><strong>operatoriis</strong></span> <span class='ocrx_word' id='word_1_270' title='bbox 1577 5447 1655 5525; x_wconf 88' lang='lat' dir='ltr'><strong>suis</strong></span> <span class='ocrx_word' id='word_1_271' title='bbox 1675 5446 1861 5524; x_wconf 87' lang='lat' dir='ltr'><strong>haberent</strong></span> <span class='ocrx_word' id='word_1_272' title='bbox 1878 5472 1948 5552; x_wconf 90' lang='lat' dir='ltr'><strong>pro</strong></span> <span class='ocrx_word' id='word_1_273' title='bbox 1962 5471 2062 5521; x_wconf 89' lang='lat' dir='ltr'><strong>cam·</strong></span> 
     </span>
    </p>
   </div>
   <div class='ocr_carea' id='block_1_5' title="bbox 1887 5600 1932 5662">
    <p class='ocr_par' dir='ltr' id='par_1_7' title="bbox 1887 5600 1932 5662">
     <span class='ocr_line' id='line_1_33' title="bbox 1887 5600 1932 5662; baseline -0.067 0"><span class='ocrx_word' id='word_1_274' title='bbox 1887 5600 1932 5662; x_wconf 84' lang='lat'><strong>16.</strong></span> 
     </span>
    </p>
   </div>
   <div class='ocr_carea' id='block_1_6' title="bbox 0 0 2927 7284">
    <p class='ocr_par' dir='ltr' id='par_1_8' title="bbox 0 0 2927 7284">
     <span class='ocr_line' id='line_1_34' title="bbox 0 0 2927 7284; baseline 0 0"><span class='ocrx_word' id='word_1_275' title='bbox 0 0 2927 7284; x_wconf 95' lang='lat' dir='ltr'><strong> </strong></span> 
     </span>
    </p>
   </div>
  </div>
 </body>
</html>
