5817 7292
874 1089 948 1160 230
1455 1087 1546 1160 Les
1576 1085 1714 1160 OLlM.

647 1231 835 1304 surriserit,
875 1229 981 1335 qnod
1006 1257 1201 1338 nunquam
1223 1256 1263 1307 se
1285 1243 1535 1335 supposuerat
1556 1251 1668 1332 super
1689 1225 1761 1304 boc
1782 1225 1928 1333 judicio
1956 1227 2143 1305 dictorum
2166 1231 2289 1308 homi·

711 1335 774 1380 Μ’
842 1457 849 1470 .
875 1387 986 1449 num,
1002 1358 1071 1436 sed
1084 1387 1234 1464 semper
1247 1358 1410 1464 pecierat
1424 1385 1464 1434 sa
1485 1357 1625 1434 remitti
1642 1354 1690 1434 ad
1704 1355 1848 1435 dictum
1868 1355 2068 1434 dominum
2082 1356 2287 1451 feodalem,

874 1489 976 1570 dicto
997 1488 1136 1569 ballivo
1163 1489 1392 1567 contrarium
1413 1503 1601 1564 asserente
1621 1515 1629 1560 ε
1648 1485 1734 1564 Visa
1753 1485 1946 1593 inquesta,
1964 1513 2078 1593 super
2097 1488 2170 1566 boc
2185 1517 2292 1570 voca·

874 1619 923 1698 tis
942 1620 1129 1726 partibus,
1151 1619 1200 1694 de
1218 1617 1396 1696 mandato
1415 1618 1519 1696 curie
1534 1633 1660 1694 nostre
1679 1613 1787 1706 faeta,
1805 1617 2097 1723 pronunciatum
2114 1617 2202 1708 brit,
2224 1647 2292 1724 per

876 1751 982 1828 curie
995 1767 1123 1830 nostre
1136 1748 1344 1857 judicium,
1363 1748 1501 1826 doum
1517 1745 1687 1826 Coletam
1701 1747 1741 1826 in
1760 1775 1827 1829 stra
1840 1747 2075 1853 possessione
2090 1764 2188 1826 terre
2205 1778 2291 1856 pre·

874 1879 973 1959 dicte
989 1908 1184 1959 remanere
1195 1878 1355 1969 debere,
1368 1877 1466 1958 salva
1480 1877 1578 1956 dicte
1594 1876 1674 1956 ade
1690 1878 1887 1985 questione
1902 1878 2140 1986 proprietatis
2155 1879 2194 1956 in
2207 1908 2290 1985 pre-

875 2009 995 2090 dictis.
1665 2025 1666 2028 ’

930 2141 1108 2220 Mercurii
1127 2140 1305 2246 predicta.

931 2270 1092 2350 Cuillier
1110 2270 1325 2377 reportavit.

931 2532 990 2608 Xl.
1022 2530 1123 2609 Cum
1152 2531 1326 2608 homines
1354 2531 1571 2607 communie
1603 2531 1650 2608 de
1682 2532 1871 2610 Pontisara
1891 2546 2021 2609 contra
2051 2529 2290 2636 bolengarios

876 2659 1046 2768 ejusdem
1063 2659 1151 2738 ville
1169 2660 1453 2770 proposuissent
1471 2661 1593 2765 quod,
1615 2659 1704 2738 licet
1723 2661 1821 2737 dieta
1840 2660 1925 2738 villa
1950 2677 2048 2737 esset
2067 2676 2106 2738 et
2124 2661 2172 2736 sit
2196 2660 2291 2738 adeo

874 2790 992 2872 libera
1011 2789 1118 2896 quod
1137 2788 1346 2897 bolengarii
1364 2787 1537 2866 villarum
1561 2789 1661 2868 dicte
1681 2789 1767 2868 ville
1785 2791 1990 2867 vicinarum
2008 2807 2046 2867 et
2064 2789 2291 2897 quicumque

876 2921 1039 3000 extranei
1065 2935 1239 3024 poterant
1259 2935 1297 2995 et
1319 2935 1484 3025 possunt·
1499 2937 1695 3025 asportare
1706 2920 1754 2998 ad
1773 2921 1912 2998 dictam
1931 2920 2059 2998 villam
2082 2947 2197 3026 panes
2216 2947 2294 2996 ma·

876 3079 969 3158 gnos
994 3069 1032 3128 et
1051 3077 1199 3158 parvos,
1221 3048 1269 3126 ad
1288 3048 1520 3127 voluntatem
1545 3077 1667 3139 suam,
1692 3077 1760 3156 per
1782 3067 1860 3128 tres
1882 3050 1979 3142 dies,
2001 3049 2142 3128 scilicet
2161 3048 2295 3126 diebus

876 3181 1020 3266 martis,
1039 3180 1135 3288 jovis
1161 3196 1199 3255 et
1217 3178 1383 3267 sabbati,
1405 3175 1577 3285 qualibet
1598 3181 1879 3286 septimana,·et
1898 3181 1968 3257 ista
1988 3179 2160 3257 libertate
2181 3179 2294 3290 longo

877 3328 1048 3416 tempore
1065 3309 1225 3388 fuissent
1247 3309 1322 3398 usi,
1343 3325 1469 3385 tamen
1490 3307 1698 3416 bol-angerii
1720 3309 1819 3386 dicte
1841 3309 1928 3388 ville
1953 3310 2139 3416 predictos
2161 3309 2295 3388 bolen-

878 3440 1001 3546 gerios
1022 3456 1217 3516 extraneos
1235 3466 1282 3515 ne
1298 3439 1435 3517 diebus
1454 3439 1583 3516 martis
1603 3457 1641 3515 et
1649 3440 1746 3546 jovis
1763 3456 1921 3545 possent
1933 3467 2063 3545 panes,
2085 3456 2129 3518 ut
2147 3439 2293 3546 predic-

879 3584 961 3645 tum
982 3583 1056 3656 est,
1076 3567 1125 3646 ad
1144 3567 1281 3645 dietam
1300 3567 1425 3646 villam
1444 3588 1649 3676 asportare,
1672 3587 1709 3646 et
1727 3569 1880 3647 eosdem
1905 3569 1958 3647 ibi
1974 3569 2135 3646 vendere
2154 3569 2292 3676 injuste

879 3697 1153 3806 impediebant,
1165 3715 1294 3778 contra
1309 3697 1524 3776 libertatem
1536 3701 1743 3807 predictam
1761 3700 1859 3777 dicte
1878 3699 1965 3778 ville
1978 3729 2022 3776 ac
2041 3700 2157 3777 eciam
2176 3700 2215 3776 in
2236 3727 2295 3777 eo·

878 3857 964 3906 rum
985 3828 1271 3918 detrimentum,
1292 3845 1462 3935 petentes
1480 3857 1550 3936 per
1568 3858 1638 3908 nos
1657 3829 1834 3908 declarari
1855 3831 2047 3938 predictos
2057 3829 2295 3938 bolengarios

879 3960 1052 4037 foraneos
1071 3981 1181 4066 posse
1200 3987 1330 4066 panes,
1350 3961 1399 4040 ad
1417 3959 1651 4038 voluntatem
1666 3989 1790 4048 suam,
1806 3961 1918 4039 dietis
1935 3961 2086 4050 diebus,
2106 3959 2153 4036 ad
2168 3959 2293 4036 villam

880 4089 1087 4194 predictam
1108 4107 1296 4197 asportare
1317 4107 1355 4168 et
1368 4091 1552 4179 vendere,
1570 4108 1740 4196 petentes
1756 4090 1874 4168 eciam
1889 4091 2010 4198 quod,
2030 4119 2115 4170 cum
2126 4117 2195 4196 per
2212 4117 2296 4196 pre-

881 4221 1096 4298 decessores
1119 4236 1267 4299 nostros
1286 4222 1440 4300 Francia
1464 4248 1571 4328 reges
1596 4220 1644 4298 sit
1667 4220 1897 4328 bolengariis
1918 4221 2017 4299 dicte
2035 4221 2122 4298 ville
2148 4247 2296 4298 concas·

880 4377 965 4424 sum
992 4351 1096 4456 quod
1115 4351 1344 4458 quicumque
1369 4351 1561 4430 intraverit
1586 4379 1721 4429 eorum
1743 4351 1909 4428 officium
1935 4350 2050 4429 debet
2076 4368 2205 4458 potare
2226 4349 2297 4427 bo-

881 4477 1084 4584 lengarios,
1108 4497 1146 4557 et
1164 4483 1321 4591 singulis
1343 4485 1431 4561 dare
1451 4483 1651 4592 gastaldum
1677 4483 1790 4561 unius
1812 4482 1935 4571 oboli,
1958 4482 2049 4560 dicti
2069 4481 2295 4590 bolengarii,

883 4606 1051 4713 predicta
1072 4611 1310 4690 concessione
1331 4615 1547 4704 abutentes,
1565 4615 1605 4689 in
1626 4613 1817 4693 exactione
1839 4613 1928 4690 dicti
1949 4630 2059 4720 potus
2079 4613 2175 4690 adeo
2195 4639 2299 4687 exce-

884 4735 1039 4827 debant,
1052 4740 1157 4844 quod
1170 4739 1241 4847 ipsi
1256 4742 1436 4822 intrantes
1457 4743 1600 4821 dictum
1620 4743 1787 4822 officium
1809 4744 1937 4850 viginti
1959 4761 1996 4820 at
2014 4743 2165 4851 triginta
2185 4740 2298 4817 libra·

885 4895 969 4944 rum
994 4885 1031 4944 et
1049 4867 1136 4975 plus
1158 4873 1389 4980 quandoque
1409 4873 1594 4952 sariebant
1615 4875 1654 4952 in
1673 4877 1760 4953 vino
1781 4876 2008 4981 expendere,
2032 4890 2069 4952 et
2082 4875 2170 4951 ideo
2189 4873 2297 4981 pauci

883 4997 942 5074 vel
964 4999 1063 5076 nulli
1083 4999 1258 5080 volebant
1276 5003 1420 5082 dictum
1439 5003 1605 5083 officium
1627 5031 1815 5084 mamare
1837 5006 1896 5082 vel
1924 5005 2078 5096 intrare3
2100 5033 2217 5112 quare
2236 5030 2301 5110 pe-

883 5127 1013 5207 tebant
1032 5158 1147 5235 super
1166 5133 1240 5210 hiis
1258 5162 1326 5240 per
1342 5135 1622 5214 ordinacionem
1643 5156 1809 5216 nostram
1830 5136 2044 5215 remedium
2065 5139 2214 5242 apponi.
2233 5135 2301 5210 Pe-

884 5257 1013 5336 tebant
1029 5260 1147 5338 eciam
1161 5265 1266 5369 quod
1285 5264 1375 5341 boni
1394 5266 1481 5353 viri,
1501 5266 1563 5343 alii
1583 5296 1696 5374 quam
1717 5269 1765 5344 de
1784 5268 1942 5346 artificio
1962 5268 2149 5345 dictorum
2168 5263 2301 5341 bolen·

889 5389 1102 5498 gariorum,
1124 5393 1263 5472 dentur
1282 5395 1336 5472 eis
1361 5395 1408 5471 ad
1425 5396 1632 5476 videndum
1651 5425 1765 5507 panes
1789 5417 1826 5477 et
1850 5397 2116 5507 corrigendum
2136 5393 2301 5474 defectus
