5817 7292
1008 1065 1591 1176 auontrnsnrraocssz
1813 1089 1818 1097 ·
1938 1080 2014 1159 sas

586 1230 645 1311 cio
655 1245 810 1337 propter
819 1229 959 1336 ipsum;
974 1245 1104 1334 postea
1113 1227 1448 1336 tamen,predictis
1459 1256 1537 1307 non
1545 1230 1733 1319 contenti,
1746 1228 1837 1307 dieti
1847 1228 1967 1336 major
1977 1246 2016 1306 et
2049 1235 2236 1303 Pstttmlv.

584 1362 728 1441 scabini
740 1361 878 1469 ipsum,
893 1360 1020 1439 tractis
1039 1359 1193 1439 ensibus
1212 1376 1250 1437 et
1266 1359 1455 1466 lapidibus
1467 1359 1539 1438 sibi
1553 1358 1742 1467 projectis,
1753 1359 1940 1439 hostiliter
1957 1362 2016 1437 in·
2112 1332 2175 1375 ”¹⁰⁴

586 1494 782 1581 vadentes,
799 1488 882 1573 non'
893 1488 1128 1574 obstantibus
1144 1490 1323 1571 omnibus
1338 1490 1477 1569 nostris
1496 1508 1536 1569 et
1553 1490 1784 1570 servientum
1798 1508 2014 1569 nostrornm

585 1652 627 1701 ac
647 1624 739 1703 dicti
758 1623 949 1703 senescalli
971 1622 1158 1703 mandatis
1177 1640 1216 1701 et
1229 1622 1431 1730 preceptis,
1453 1623 1526 1703 nisi
1545 1623 1710 1701 dedicta
1728 1622 1812 1699 villa
1831 1623 1906 1702 cito
1921 1623 2017 1702 effu-

584 1756 714 1867 gisset,
736 1756 860 1863 ipsum
886 1758 1088 1862 cepissent,
1110 1754 1228 1833 immo
1248 1756 1373 1835 verius
1391 1784 1478 1833 cnm
1500 1756 1614 1835 armis
1633 1772 1673 1833 et
1692 1754 1882 1862 lapidibus
1901 1772 1938 1833 et
1959 1772 2018 1834 tn·

586 1889 709 1967 multu
722 1887 884 1966 maximo
900 1888 1044 1967 dictum
1062 1886 1258 1977 clericum,
1272 1914 1343 1994 pro
1358 1886 1437 1967 suia
1446 1887 1606 1977 viribus,
1621 1886 1817 1995 digerunt,
1832 1904 1871 1965 et
1884 1914 2016 1995 capere

585 2037 872 2127 attemptanrnt;
894 2047 964 2099 nos
978 2046 1075 2097 vero
1094 2034 1216 2097 tantas
1233 2017 1528 2108 inobedientias,
1549 2034 1675 2097 tantos
1694 2046 1866 2097 excessus
1890 2036 1931 2097 et
1950 2019 2017 2099 de·

499 2160 501 2165 '
584 2150 685 2241 licta,
704 2152 744 2228 in
757 2166 1018 2257 contemptum
1033 2165 1160 2227 nostre
1175 2148 1278 2255 regie
1293 2148 1514 2256 majestatis,
1532 2148 1628 2227 lacta
1640 2165 1679 2227 et
1697 2166 1931 2257 attemptata,
1947 2179 2017 2231 no-

583 2281 719 2375 lentes,
743 2283 839 2361 sicut
862 2310 933 2361 nee
956 2282 1162 2393 debemus,
1188 2308 1384 2361 remanere
1408 2281 1613 2387 impunita,
1638 2281 1740 2361 dicto
1764 2280 1918 2373 ballivo,
1943 2284 2016 2363 sub

584 2431 684 2493 certa
708 2414 829 2493 forma
854 2413 1116 2492 mandavimus
1140 2414 1334 2519 quatinus,
1361 2414 1500 2491 vocatis
1518 2414 1733 2504 evocandis,
1755 2415 1805 2492 de
1824 2415 2016 2520 premissis

584 2546 761 2627 omnibus
784 2562 822 2625 et
841 2544 1016 2655 singulis,
1040 2544 1266 2651 inquireret,
1287 2570 1373 2623 cum
1391 2543 1610 2649 diligencia,
1631 2545 1840 2636 veritatem,
1858 2564 1899 2624 et
1911 2548 2017 2655 quod

585 2679 797 2785 inquestam
812 2704 926 2785 quam
940 2704 1053 2783 super
1064 2674 1258 2781 premissis
1272 2672 1425 2763 faceret,
1439 2673 1592 2751 subauo
1606 2674 1746 2782 sigillo,
1761 2678 1808 2756 ad
1821 2678 1926 2757 diem
1937 2679 2016 2757 bal-

586 2808 673 2887 livie
699 2806 961 2888 Ambianenais
984 2804 1170 2914 presentis
1189 2803 1410 2911 parlamenti
1430 2804 1597 2882 fideliter
1614 2807 1824 2886 remitteret
1842 2808 2017 2887 interclu-

586 2969 681 3032 sam,
696 2937 917 3049 assignando
930 2937 1069 3015 dictam
1079 2935 1182 3015 diem
1196 2934 1376 3041 predictis
1387 2936 1573 3042 partibus,
1590 2936 1638 3014 ad
1650 2938 1856 3019 videndum
1870 2942 2019 3049 inques-

583 3090 661 3149 tam
673 3071 836 3181 judicari
850 3068 1075 3178 predictam:
1087 3067 1238 3149 Vocatis
1251 3067 1367 3176 igitur
1385 3067 1528 3175 majore
1543 3084 1583 3146 et
1592 3069 1755 3148 scabinis
1768 3072 1964 3178 predictis,
1979 3092 2018 3151 et

584 3230 718 3283 eorum
743 3201 1028 3283 defensionibus
1051 3200 1191 3278 auditis
1217 3216 1256 3277 et
1282 3200 1460 3307 receptis,
1489 3200 1663 3307 inqueata
1689 3231 1804 3309 super
1824 3206 2016 3311 premissis

585 3336 765 3415 omnibus
786 3353 824 3415 et
841 3333 1000 3443 singulis
1025 3332 1208 3441 legittime
1227 3329 1323 3409 lacta
1341 3348 1381 3409 et
1402 3331 1451 3409 ad
1466 3348 1635 3411 nostram
1648 3334 1791 3411 curiam
1810 3352 2013 3441 asportata,

583 3467 657 3547 visa
674 3484 712 3545 et
726 3466 927 3577 diligenter
940 3464 1164 3555 examinata,
1180 3464 1270 3572 quia
1285 3480 1480 3570 repertum
1496 3480 1554 3542 est
1568 3463 1688 3545 dictos
1697 3465 1879 3573 majorem
1889 3483 1927 3545 et
1939 3496 2018 3546 sca·

584 3598 696 3681 binos
715 3598 831 3679 luisse
851 3616 890 3677 et
909 3626 990 3676 esse
1013 3595 1221 3704 culpabiles
1239 3624 1355 3702 super
1373 3595 1568 3703 premissis
1585 3597 1763 3676 omnibus
1783 3616 1821 3675 et
1838 3599 2013 3709 singulis,

585 3760 654 3839 per
669 3730 772 3808 curie
792 3745 920 3807 nostre
931 3728 1137 3836 judicium,
1157 3726 1302 3806 dimum
1317 3726 1393 3805 fuit
1404 3727 1511 3835 quod
1525 3727 1615 3805 dicti
1631 3728 1752 3835 major
1766 3744 1805 3804 et
1818 3728 1959 3805 scabini
1974 3760 2017 3809 ae

586 3859 803 3940 communia
831 3858 1092 3947 Abbatisville,
1117 3886 1187 3965 pro
1215 3857 1394 3964 predictis
1422 3855 1712 3947 inobediendia,
1743 3858 1955 3937 excessibus
1978 3876 2018 3939 et

588 3990 753 4081 delictis,
768 3989 898 4078 nobis,
912 4016 982 4096 pro
997 3986 1270 4080 emenda„duo
1283 3987 1402 4067 millia
1413 3986 1613 4081 librarum,
1629 4004 1668 4067 et
1682 3985 1784 4067 dicto
1796 3987 2014 4097 liudulpho,

585 4151 655 4231 pro
675 4122 753 4203 suis
772 4120 961 4228 dampnis,
984 4119 1132 4229 injuriis
1156 4136 1196 4198 et
1213 4118 1439 4228 deperditis,
1463 4136 1618 4197 centum
1640 4117 1755 4199 libras
1773 4122 2017 4201 Turonenses
2066 4221 2075 4235 ,

585 4254 810 4362 persolvent.
1713 4348 1722 4361 .

643 4388 696 4465 lta
716 4384 790 4464 fuit
815 4384 1122 4492 pronunciatum,
1143 4382 1213 4463 sed
1230 4384 1397 4463 intencio
1418 4384 1521 4463 curie
1541 4402 1599 4464 est
1614 4385 1723 4493 quod
1745 4413 1835 4483 non,
1847 4386 2017 4466 leventur

587 4519 658 4598 nisi
687 4518 794 4596 mille
819 4516 916 4596 libre
943 4534 982 4595 et
1001 4516 1107 4625 quod
1126 4517 1306 4596 dominus
1331 4518 1408 4596 Rex
1427 4516 1797 4626 quittetrcsiduum3
1820 4520 1894 4599 boc
1916 4520 2015 4599 bene

587 4651 657 4730 scit
672 4650 854 4729 dominus
864 4651 957 4739 Rex,
974 4666 1013 4729 et
1028 4649 1198 4757 precepit
1211 4650 1314 4729 curia
1326 4665 1455 4729 nostra
1467 4649 1574 4757 quod
1590 4650 1712 4729 dictus
1724 4651 1962 4759 Radnlpbus,
1984 4652 2015 4731 si

588 4783 765 4874 voluerit,
780 4798 988 4861 revertatur
1005 4780 1053 4859 ad
1072 4782 1210 4861 dietam
1224 4782 1351 4860 villam
1367 4800 1405 4861 et
1417 4781 1564 4861 ibidem
1574 4800 1746 4863 moretur
1758 4783 1789 4861 si
1804 4784 1909 4875 velit,
1930 4785 2016 4863 aba·

586 4942 661 5023 que
681 4912 957 5021 impedimento
984 4940 1246 5021 quocumque,
1274 4930 1312 4992 et
1336 4914 1441 5021 quod
1466 4912 1626 4991 ballivus
1650 4913 1913 4995 Ambianensis
1936 4944 2015 4997 non

585 5046 776 5153 permittat
802 5044 906 5153 quod
935 5044 1092 5152 aliquod
1119 5044 1438 5153 impedimentum
1468 5044 1594 5123 eidem
1617 5046 1835 5155 Radulpho,
1866 5049 2015 5128 racione

587 5179 875 5283 premissorum,
897 5177 1113 5284 imponatur
1131 5206 1199 5284 per
1218 5177 1448 5256 habitatores
1465 5176 1554 5257 ville
1572 5178 1754 5285 predicte.

644 5309 750 5387 Lune
769 5326 856 5416 post
869 5307 1214 5389 Annunciacionem
1234 5309 1478 5388 dominicam.

645 5440 868 5545 Tybontout
887 5442 1098 5549 reportavit.
