5817 7292
1032 1058 1301 1167 nuoutrns
1326 1077 1389 1148 nr
1416 1061 1627 1152 pauens.
1967 1081 2033 1154 aar

618 1238 731 1308 tram,
744 1237 923 1327 tanquam
934 1217 1156 1325 superioris,
1175 1217 1222 1294 de
1237 1217 1361 1323 prisiis
1376 1218 1556 1324 predictis
1569 1217 1679 1298 lieret
1692 1221 1944 1313 recredencia,
1958 1221 2042 1300 abs-
2079 1234 2209 1291 Parnm
2222 1239 2265 1298 tv,

617 1379 691 1458 que
710 1349 920 1458 prejudicio
939 1365 1069 1428 nostro
1089 1365 1128 1426 et
1145 1347 1314 1456 parcium
1334 1348 1604 1455 predictarum,
1627 1379 1747 1458 usque
1766 1351 1815 1428 ad
1832 1351 2042 1458 parlamen-
2141 1327 2207 1372 ’Μ’

617 1498 699 1559 turn
715 1481 951 1588 subsequens
967 1480 1164 1570 duratura,
1179 1495 1217 1558 et
1232 1479 1272 1555 in
1287 1479 1389 1558 dicto
1408 1479 1651 1589 subsequenti
1666 1481 1919 1588 parlamento,
1936 1485 2042 1591 quod

618 1611 688 1690 luit
697 1641 796 1690 anno
810 1611 1076 1690 trecentesimo
1091 1627 1239 1698 octavo,
1255 1610 1364 1688 dictis
1377 1611 1561 1719 religiosis
1572 1612 1824 1692 asserentibus
1834 1614 2041 1721 predictam

616 1743 894 1822 raeredeneiam
910 1739 1042 1820 lautam
1063 1741 1195 1833 tuisse,
1209 1741 1388 1848 predictis
1400 1741 1704 1834 adversariishoc
1719 1745 1959 1852 negantibus,
1973 1747 2044 1824 ite-

617 1891 715 1962 rato,
735 1901 802 1980 per
819 1888 1003 1950 arrestum
1018 1872 1123 1950 curie
1143 1889 1287 1960 nostre,
1306 1873 1450 1950 dictum
1469 1873 1602 1954 fuisset
1617 1875 1725 1981 quod
1740 1875 1908 1980 predicta
1922 1904 2044 1954 recre-

618 2003 746 2082 dencia
762 2003 870 2082 lieret
882 2030 926 2080 es
938 2003 1102 2110 integro,
1119 2003 1191 2080 nisi
1199 2003 1278 2107 jam
1294 2001 1388 2080 lacta
1402 2001 1554 2096 luisset,
1569 2005 1680 2084 certis
1691 2005 1956 2084 commissoriis
1969 2007 2042 2083 sub

616 2151 714 2211 certa
728 2132 864 2220 forma,
882 2159 950 2238 per
964 2132 1106 2210 curiam
1120 2148 1307 2220 nostram,
1324 2132 1496 2240 injuncto
1511 2134 1618 2239 quod
1632 2132 1702 2240 ipsi
1718 2131 1802 2212 fieri
1818 2133 2043 2214 lacerantes

615 2265 761 2371 integro
773 2263 981 2370 predictam
996 2261 1295 2348 recredenciam,
1311 2261 1383 2339 nisi
1393 2263 1475 2370 jam
1486 2261 1581 2340 facta
1596 2261 1743 2354 luisset,
1758 2293 1880 2373 usque
1896 2267 1944 2343 ad
1956 2295 2043 2373 pre-

615 2423 701 2474 sens
719 2395 994 2502 parlamentum
1012 2380 1247 2482 duraturam,
1269 2420 1338 2501 per
1357 2391 1461 2472 idem
1481 2411 1665 2472 arrestum
1686 2394 1850 2475 dicendo
1864 2396 1989 2503 quod,
2010 2400 2041 2475 si

614 2524 704 2603 dicti
724 2525 967 2640 commissarii
988 2524 1199 2602 invenirent
1217 2522 1322 2629 quod
1340 2521 1436 2600 facta
1455 2551 1534 2620 non
1553 2539 1652 2602 esset
1669 2525 1768 2602 dicta
1785 2526 2040 2616 recredencia,

613 2657 711 2732 sicut
725 2655 961 2762 propositum
979 2653 1099 2730 extitit
1119 2670 1246 2730 contra
1265 2651 1462 2758 religiosos
1475 2653 1685 2759 predictos,
1702 2654 1772 2759 ipsi
1787 2654 1954 2760 religiosi
1970 2657 2042 2732 hoc

614 2785 862 2864 emendarent
881 2801 919 2862 et
938 2783 1047 2862 nobis
1067 2799 1105 2860 et
1123 2783 1238 2888 parti,
1261 2798 1300 2858 et
1318 2782 1438 2888 quod,
1454 2782 1485 2859 si
1504 2811 1578 2889 qua
1597 2782 1670 2858 alia
1687 2782 1777 2860 dicti
1797 2785 2042 2862 commissarii

614 2917 824 2995 invenirent
838 2943 906 3023 per
926 2916 1047 2993 dictos
1061 2913 1255 3022 religiosos
1271 2911 1367 2990 facta
1383 2911 1441 2990 vel
1459 2929 1676 3020 attemptata
1690 2931 1820 2992 contra
1838 2914 1958 2993 dictos
1977 2916 2043 2992 ad-

612 3049 793 3126 versarios
809 3075 960 3136 eorum,
979 3062 1064 3152 post
1072 3043 1350 3152 parlamentum
1365 3043 1578 3148 predictum
1589 3042 1677 3120 anni
1692 3044 1945 3122 trecentesimi
1958 3075 2043 3152 sep-

611 3179 712 3266 timi,
731 3180 769 3255 in
789 3176 1041 3287 prejudicium
1058 3176 1156 3255 dicte
1172 3174 1250 3252 litis
1265 3175 1304 3252 in
1322 3174 1425 3252 curia
1443 3191 1571 3252 nostra
1584 3174 1804 3282 pendentis,
1824 3177 1895 3283 ipsi
1909 3178 1959 3255 ad
1973 3177 2042 3254 de-

611 3308 735 3388 bitum
748 3325 886 3386 statum
899 3307 1139 3394 reducerent,
1153 3321 1191 3382 et
1201 3303 1384 3411 quicquid
1395 3331 1510 3410 super
1523 3302 1771 3382 hoclacerent
1781 3322 1821 3381 et
1832 3305 2042 3384 invenirent

612 3439 659 3516 ad
675 3457 841 3520 nostram
854 3438 996 3518 curiam
1012 3451 1265 3544 reportarent,
1280 3435 1452 3542 partibus
1468 3435 1647 3543 predictis
1661 3435 1701 3512 in
1714 3435 1950 3542 parlamento
1962 3466 2044 3544 pre·
2172 3482 2179 3494 ·

611 3573 706 3650 senti
730 3567 1050 3678 comparentibus,
1077 3584 1117 3644 et
1141 3567 1305 3674 quadam
1330 3564 1505 3674 inquesta
1531 3594 1646 3674 super
1668 3567 1849 3674 predictis
1876 3567 1968 3646 facta
1994 3569 2041 3644 ad

610 3719 778 3780 nostram
800 3701 943 3778 curiam
963 3712 1163 3805 asportata,
1184 3725 1254 3806 pro
1277 3713 1382 3804 parte
1409 3697 1600 3774 dictorum
1624 3695 1889 3802 religiosorum
1913 3698 2042 3803 plures

612 3830 764 3908 luerunt
788 3828 979 3937 preposite
1005 3827 1174 3905 raciones
1195 3826 1245 3904 ad
1264 3825 1374 3904 illurn
1393 3825 1511 3903 linem
1530 3825 1636 3932 quod
1654 3825 1754 3903 dicta
1773 3828 1943 3933 inquesta
1963 3856 2040 3905 non

607 3960 854 4067 judicaretur,
875 3957 943 4038 sed
962 3957 1094 4064 pocius
1113 3955 1364 4044 anullaretur;
1386 3955 1497 4034 dictis
1512 3983 1646 4034 eorum
1666 3955 1884 4034 adversariis
1902 3958 2042 4036 multas

611 4093 782 4168 raciones
795 4087 1095 4198 proponentibus
1105 4116 1151 4164 ex
1163 4087 1318 4165 adverso
1331 4086 1380 4164 ad
1392 4086 1503 4164 illum
1514 4086 1631 4165 linem
1641 4086 1746 4195 quod
1760 4086 1859 4165 dicta
1868 4087 2041 4196 inquesta

607 4221 853 4327 judicaretur,
876 4237 915 4298 et
931 4217 1038 4325 quod
1057 4217 1156 4296 dicta
1171 4217 1426 4306 recredencia,
1446 4245 1523 4325 que
1538 4218 1664 4296 adhuc
1681 4216 1775 4296 lacta
1791 4247 1866 4296 uon
1880 4237 1975 4312 erat,
1997 4251 2041 4299 ex

610 4354 758 4460 integro
779 4351 888 4430 fieret
906 4349 1067 4440 eisdem,
1085 4368 1123 4428 et
1142 4348 1245 4457 quod
1266 4349 1356 4428 dicti
1376 4347 1543 4458 religiosi
1560 4351 1634 4428 boc
1654 4351 1900 4428 emendarent
1919 4370 1958 4429 et
1971 4380 2041 4430 no·

610 4485 722 4562 biset
740 4483 850 4591 ipsis,
862 4500 902 4562 et
914 4482 1035 4590 quod,
1051 4481 1215 4588 dampna
1231 4510 1306 4589 que
1325 4509 1393 4588 per
1408 4481 1483 4561 boc
1494 4481 1773 4571 sustinuerunt,
1790 4482 2042 4561 redderentur

529 4635 540 4656 ·
611 4614 774 4707 eisdem,
789 4630 828 4693 et
839 4613 944 4722 quod
957 4629 1094 4702 cetera,
1112 4641 1181 4720 por
1197 4612 1319 4690 dictos
1333 4611 1529 4722 religiosos
1542 4629 1760 4719 attemptata
1775 4631 1903 4691 contra
1920 4615 2038 4722 ipsos,

610 4745 659 4824 ad
682 4744 856 4824 debitum
874 4761 1033 4835 statum,
1055 4743 1153 4822 sicut
1171 4744 1396 4850 premissum
1423 4761 1499 4834 est,
1521 4742 1803 4831 reducerentur,
1826 4745 2040 4852 auditisque

609 4877 699 4954 binc
719 4875 811 4954 iude
826 4874 1044 4984 propositis,
1065 4901 1134 4980 per
1154 4889 1338 4952 arrestum
1359 4891 1486 4952 nostre
1508 4874 1612 4952 curie
1634 4874 1780 4952 dictum
1802 4873 1916 4952 suerit
1936 4877 2042 4982 quod

610 5005 710 5084 dicta
725 5007 898 5114 inquesta
911 5002 1104 5084 videretur
1120 5003 1168 5082 ad
1183 5002 1294 5082 illum
1311 5005 1429 5082 linem
1445 5005 1494 5082 ad
1509 5033 1625 5112 quern
1641 5023 1768 5112 posset
1781 5005 1922 5084 videri:
1940 5008 2041 5084 Tan-

611 5139 718 5227 dem,
740 5139 815 5216 visa
835 5154 877 5217 et
896 5135 1099 5244 diligenter
1123 5137 1328 5216 examinata
1351 5138 1526 5244 inquesta
1542 5136 1732 5244 predicta,
1755 5165 1842 5216 cum
1865 5165 1934 5244 per
1958 5165 2041 5216 eam

610 5270 804 5350 inventum
817 5270 931 5348 luerit
946 5267 1177 5348 sufficienter
1185 5267 1386 5375 probatum
1403 5269 1611 5376 predictam
1627 5270 1906 5349 recredenciam
1916 5267 2042 5346 adbuc

612 5427 691 5479 esse
710 5402 929 5494 faciendam,
953 5419 992 5480 et
1010 5400 1132 5479 dictos
1152 5398 1347 5507 religiosos
1365 5427 1482 5506 super
1501 5401 1575 5478 boc
1593 5401 1801 5507 plurimum
1822 5396 2042 5475 inobedien-

717 5575 768 5617 ιιι
790 5576 873 5618 caru.
898 5577 945 5617 ιιι.
1873 5553 1908 5612 6ι
