5817 7292
869 1109 943 1184 338
1385 1103 1389 1115 ’
1422 1107 1545 1181 tus
1574 1106 1715 1182 OLIM.

646 1261 777 1318 Pium
788 1260 833 1324 Its
869 1280 916 1328 er
925 1249 1059 1338 eltera',
1080 1278 1200 1358 super
1215 1277 1261 1328 eo
1279 1250 1385 1357 qrrod
1394 1249 1522 1328 diulus
1536 1249 2020 1356 Courrardust'proponeus
2038 1277 2080 1328 se
2098 1267 2174 1330 tres
2187 1251 2289 1334 bulas

705 1355 771 1399 ¹⁸⁰²
868 1381 1216 1460 sess-,morumne
1228 1381 1394 1488 quadam¹
1409 1381 1545 1470 domo,
1562 1381 1740 1470 Parisios,
1753 1381 1933 1486 posuisse
1943 1381 2287 1473 menusanum,

868 1542 943 1619 que
965 1511 1064 1590 bone
1082 1511 1254 1590 'valebant
1277 1529 1465 1590 trecentas
1491 1511 1604 1588 libros
1630 1511 1856 1590 Parisienses
1876 1510 1977 1590 bone
1997 1529 2167 1602 monete,
2190 1515 2291 1593 dice·

868 1643 938 1722 bet
955 1642 1099 1722 fficium
1127 1641 1305 1732 militem,
1325 1671 1394 1720 seu
1408 1640 1626 1747 alirrnraejus
1643 1640 1840 1731 mandato,
1862 1641 1946 1747 ipso
1964 1660 2088 1722 ratum
2108 1643 2288 1734 habente,

870 1775 962 1852 duos
980 1774 1034 1851 de
1051 1770 1286 1863 timebatis,
1306 1789 1344 1848 et
1360 1772 1504 1850 dictum
1520 1771 1753 1877 prepositum
1768 1771 1923 1850 terciam
1939 1771 2080 1860 helem,
2097 1772 2236 1880 injusto
2253 1791 2292 1852 et

869 1902 1301 1984 sinecausoracionabili
1316 1903 1519 2009 accepisse,
1537 1919 1669 2009 petens
1682 1903 1833 1982 easdem
1847 1903 2020 1982 balosrcl
2036 1903 2181 1983 dictum
2192 1905 2292 1983 rulo·

868 2063 950 2113 rem
964 2033 1179 2124 sibi'teddi3
1196 2033 1307 2112 dictis
1324 2031 1444 2110 milite
1460 2051 1497 2110 et
1511 2032 1702 2140 preposito
1719 2033 1758 2112 in
1773 2033 2009 2114 contrarium·
2019 2033 2235 2114 dicentibus
2249 2065 2289 2114 se

870 2163 1102 2245 dioteubolas
1114 2163 1362 2270 accepissede
1374 2181 1503 2253 nocte,
1520 2163 1926 2270 et.quod:Courrardus
1939 2163 2129 2270 predictus
2142 2165 2289 2244 volabas

870 2305 931 2374 eas
949 2294 1098 2372 mittere
1118 2312 1218 2372 extra
1234 2323 1409 2403 regnum,
1426 2301 1553 2401 quere.
1564 2292 1877 2374 dicebemdictas
1893 2293 1995 2372 bolos
2016 2321 2098 2374 esse
2111 2296 2288 2400 commis
2400 2285 2402 2290 ¹

870 2455 927 2520 sss
938 2456 955 2501 ἐ
964 2425 1158 2518 Tandem,
1177 2426 1351 2531 inquesta
1365 2453 1482 2531 super
1496 2425 1569 2502 hoc
1584 2424 1632 2502 de
1650 2426 1828 2504 innodato
1843 2439 1970 2504 nostro
1983 2423 2074 2502 faeta
2090 2425 2164 2502 visa
2180 2444 2218 2506 et
2233 2427 2289 2504 di-

870 2556 1031 2662 ligenter
1048 2556 1270 2644 examinata,
1287 2555 1376 2661 quia
1395 2556 1590 2634 inventum
1611 2572 1665 2635 est
1685 2555 1808 2634 dictos
1824 2555 1981 2636 militem
2003 2572 2041 2632 et
2055 2557 2288 2662 prepositum

870 2687 986 2765 dictas
1005 2685 1109 2763 balos
1122 2687 1172 2764 de
1192 2686 1255 2763 die
1268 2687 1478 2791 ,accepisse
1500 2713 1570 2764 nec
1590 2703 1654 2764 cst'
1666 2687 1860 2766 inventum
1876 2687 2021 2792 aliquid
2036 2687 2234 2794 probatum
2251 2687 2289 2764 in

867 2817 967 2896 dicta
985 2818 1157 2924 inquesta
1185 2826 1337 2923 propter
1357 2817 1582 2922 quod‘dicte
1594 2816 1680 2895 bele
1692 2817 1860 2896 deberint
1878 2819 1952 2898 disi
1969 2819 2184 2909 commisse,
2201 2819 2290 2898 dicti

867 2947 977 3026 miles
998 2965 1037 3026 et
1053 2947 1284 3054 prepositus,
1303 2975 1372 3054 per
1393 2947 1641 3026 curieno'strc
1657 2947 1866 3054 judicium,
1890 2947 1992 3026 dicto
2013 2948 2224 3030 Courrardo
2245 2949 2290 3026 sd

867 3079 1149 3156 restitucionem
1166 3079 1557 3168 dicterumbefernmt
1573 3080 1776 3168 stererant,
1793 3096 1831 3156 et
1844 3081 1875 3158 si
1885 3108 1963 3158 non
1976 3099 2134 3173 exstem,
2151 3082 2199 3161 ad
2211 3081 2293 3160 red·

871 3209 1046 3288 dandum
1059 3210 1700 3318 dictumspreciumzcondernpneti
1719 3211 1886 3289 feserunt.

924 3342 971 3418 ln·
986 3341 1129 3418 octabis
1146 3342 1298 3418 Poscbe.
1479 3347 1483 3356 ’

925 3469 1101 3548 Bocellus
1119 3471 1331 3576 reportavit.

924 3736 1112 3813 LXXXVI.
1144 3735 1242 3813 Cum
1264 3735 1400 3843 Helyns
1420 3735 1469 3814 de
1486 3736 1662 3814 Burdclie
1684 3737 1885 3842 incepisset
1900 3735 2075 3812 edificare
2095 3735 2289 3841 quoddam

867 3865 1097 3942 fortalicium
1116 3884 1153 3943 et
1171 3867 1337 3974 quodem
1357 3867 1427 3944 alia
1446 3867 1599 3946 edificia
1612 3886 1702 3945 ante
1725 3868 1936 3947 clausuram
1955 3867 2062 3944 castri
2087 3867 2134 3945 dc
2152 3868 2292 3946 burdo

868 3997 933 4086 lia,
959 3997 1274 4105 prohibitumque
1297 3997 1429 4078 fuisset
1446 4000 1591 4087 eidem,
1614 4029 1658 4077 or
1680 4016 1785 4106 parte
1812 4015 1955 4088 nostra,
1978 4027 2026 4076 ne
2047 3997 2094 4076 sd
2123 4000 2292 4104 ipsorum

867 4127 1041 4204 fortalicii
1069 4146 1106 4206 et
1126 4129 1293 4206 aliorum
1307 4130 1545 4208 edifioiornm
1571 4131 1889 4208 constructionem
1913 4157 1981 4207 seu
2009 4129 2291 4206 edificacionem

867 4259 1105 4364 procederet,
1125 4278 1163 4336 et
1181 4279 1327 4366 postea,
1350 4263 1451 4340 dicto
1473 4261 1586 4370 Helya
1608 4278 1881 4369 conquerente,
1899 4261 2202 4368 prohibicionem
2223 4261 2293 4337 hu-

864 4387 1033 4495 jusmodi
1050 4389 1166 4468 >fuisse
1181 4393 1306 4471 minus
1317 4393 1476 4500 justam,
1500 4393 1803 4470 mandaverimus
1820 4391 2109 4498 inquirirutrnm
2128 4393 2207 4497 ipse
2222 4392 2293 4468 He-

869 4517 947 4625 lyas
962 4518 1200 4624 jnebaberct
1214 4523 1588 4629 premissafaoiendi:
1608 4523 1792 4630 Inquisito
1806 4523 1931 4630 igitur
1946 4523 1994 4600 de
2013 4521 2220 4628 premissis,
2242 4521 2293 4596 vi-

870 4677 984 4755 saque
1010 4649 1182 4756 inquesta
1200 4681 1314 4759 snper
1338 4655 1410 4732 hoc
1435 4654 1545 4743 facta,
1568 4653 1658 4761 qnia
1680 4655 1874 4732 inventum
1898 4653 2078 4759 estquod
2103 4653 2288 4730 dictorum

755 4788 760 4798 ’
870 4779 1043 4856 fortalicii
1064 4798 1103 4858 et
1121 4781 1359 4862 edificiorum
1380 4786 1680 4864 constructiones
1703 4801 1740 4861 et
1765 4785 2025 4864 edificaciones
2050 4797 2174 4861 essent
2195 4781 2290 4858 adso

869 4910 1133 5017 prejudiciafes
1148 4913 1257 4993 nobis
1278 4934 1316 4992 et
1330 4916 1437 4996 ‚dicto
1458 4933 1594 5005 castro,
1612 4915 1718 5024 quod
1733 4916 1878 4993 dictum
1891 4933 2051 4994 castrum
2064 4930 2240 4992 nostrum
2256 4929 2292 4988 et

869 5043 986 5148 ipsius
1001 5042 1227 5122 fortalicium
1254 5047 1424 5126 subesset
1447 5047 1639 5130 fortaliciis
1663 5063 1701 5124 et
1726 5045 1903 5140 edificiis,
1926 5045 2068 5124 ibidem
2088 5045 2292 5151 peripsum

867 5169 1024 5279 Helymn
1034 5175 1114 5281 jam
1123 5175 1298 5282 inceptis,
1312 5207 1399 5254 cum
1410 5203 1499 5266 reris,l
1514 5179 1736 5256 auctoritate
1746 5176 2018 5284 superioritntis
2033 5193 2176 5263 nostre,
2192 5174 2292 5252 licite

867 5329 1064 5406 possemus
1078 5307 1203 5427 omnio
1222 5328 1475 5414 queposscnt
1487 5310 1725 5418 prejudicare
1737 5309 1931 5388 fortaliciis
1943 5309 2098 5398 nostris',
2114 5306 2207 5383 licet:
2211 5305 2290 5411 jam

861 5431 982 5523 ‘faama
989 5436 1186 5514 destruere
1194 5455 1233 5516 et
1243 5438 1370 5517 mislto
1382 5439 1522 5520 sorcius
1535 5467 1585 5518 ne
1598 5440 1736 5519 fierent
1748 5440 1951 5546 impedire,
1963 5467 2034 5546 per
2047 5439 2148 5518 curie
2164 5451 2292 5514 nostre
