<?xml version="1.0" encoding="UTF-8"?>
<!DOCTYPE html PUBLIC "-//W3C//DTD XHTML 1.0 Transitional//EN"
    "http://www.w3.org/TR/xhtml1/DTD/xhtml1-transitional.dtd">
<html xmlns="http://www.w3.org/1999/xhtml" xml:lang="en" lang="en">
 <head>
  <title>
</title>
<meta http-equiv="Content-Type" content="text/html;charset=utf-8" />
  <meta name='ocr-system' content='tesseract 3.04.00' />
  <meta name='ocr-capabilities' content='ocr_page ocr_carea ocr_par ocr_line ocrx_word'/>
</head>
<body>
  <div class='ocr_page' id='page_1' title='image "./lesolimouregist00pargoog_0480.png"; bbox 0 0 5817 7292; ppageno 0'>
   <div class='ocr_carea' id='block_1_1' title="bbox 870 1108 1698 1183">
    <p class='ocr_par' dir='ltr' id='par_1_1' title="bbox 870 1108 1698 1183">
     <span class='ocr_line' id='line_1_1' title="bbox 870 1108 1698 1183; baseline -0.002 0"><span class='ocrx_word' id='word_1_1' title='bbox 870 1108 946 1183; x_wconf 78' lang='lat' dir='ltr'>stt</span> <span class='ocrx_word' id='word_1_2' title='bbox 1440 1110 1530 1182; x_wconf 82' lang='lat' dir='ltr'>LES</span> <span class='ocrx_word' id='word_1_3' title='bbox 1557 1108 1698 1182; x_wconf 87' lang='lat' dir='ltr'>OLlM.</span> 
     </span>
    </p>
   </div>
   <div class='ocr_carea' id='block_1_2' title="bbox 649 1248 2383 2407">
    <p class='ocr_par' dir='ltr' id='par_1_2' title="bbox 649 1248 2383 2407">
     <span class='ocr_line' id='line_1_2' title="bbox 649 1248 2298 1361; baseline 0.002 -31"><span class='ocrx_word' id='word_1_4' title='bbox 649 1263 778 1317; x_wconf 69' lang='lat' dir='ltr'>rurum</span> <span class='ocrx_word' id='word_1_5' title='bbox 790 1258 832 1323; x_wconf 80' lang='lat' dir='ltr'>tv,</span> <span class='ocrx_word' id='word_1_6' title='bbox 871 1280 913 1331; x_wconf 87' lang='lat' dir='ltr'>se</span> <span class='ocrx_word' id='word_1_7' title='bbox 935 1249 1142 1356; x_wconf 86' lang='lat' dir='ltr'>suscipiens</span> <span class='ocrx_word' id='word_1_8' title='bbox 1165 1248 1212 1325; x_wconf 89' lang='lat' dir='ltr'>de</span> <span class='ocrx_word' id='word_1_9' title='bbox 1237 1248 1431 1355; x_wconf 86' lang='lat' dir='ltr'>predictis,</span> <span class='ocrx_word' id='word_1_10' title='bbox 1457 1250 1625 1327; x_wconf 90' lang='lat' dir='ltr'>eundem</span> <span class='ocrx_word' id='word_1_11' title='bbox 1644 1248 1864 1329; x_wconf 85' lang='lat' dir='ltr'>Girbertum</span> <span class='ocrx_word' id='word_1_12' title='bbox 1886 1250 1927 1327; x_wconf 95' lang='lat' dir='ltr'>in</span> <span class='ocrx_word' id='word_1_13' title='bbox 1947 1270 2135 1357; x_wconf 84' lang='lat' dir='ltr'>quantmn</span> <span class='ocrx_word' id='word_1_14' title='bbox 2151 1272 2298 1361; x_wconf 88' lang='lat' dir='ltr'>poterat</span> 
     </span>
     <span class='ocr_line' id='line_1_3' title="bbox 708 1354 2297 1489; baseline 0.003 -28"><span class='ocrx_word' id='word_1_15' title='bbox 708 1354 771 1398; x_wconf 56' lang='lat' dir='ltr'>lm</span> <span class='ocrx_word' id='word_1_16' title='bbox 871 1381 1081 1489; x_wconf 90' lang='lat' dir='ltr'>superbiis</span> <span class='ocrx_word' id='word_1_17' title='bbox 1107 1379 1324 1469; x_wconf 88' lang='lat' dir='ltr'>liberando,</span> <span class='ocrx_word' id='word_1_18' title='bbox 1347 1410 1414 1487; x_wconf 90' lang='lat' dir='ltr'>per</span> <span class='ocrx_word' id='word_1_19' title='bbox 1435 1381 1627 1489; x_wconf 88' lang='lat' dir='ltr'>judicium</span> <span class='ocrx_word' id='word_1_20' title='bbox 1647 1382 1750 1460; x_wconf 89' lang='lat' dir='ltr'>curie</span> <span class='ocrx_word' id='word_1_21' title='bbox 1771 1398 1916 1471; x_wconf 91' lang='lat' dir='ltr'>nostre,</span> <span class='ocrx_word' id='word_1_22' title='bbox 1943 1383 2067 1463; x_wconf 88' lang='lat' dir='ltr'>dictus</span> <span class='ocrx_word' id='word_1_23' title='bbox 2093 1385 2297 1465; x_wconf 84' lang='lat' dir='ltr'>Gaulridus</span> 
     </span>
     <span class='ocr_line' id='line_1_4' title="bbox 790 1512 2296 1619; baseline 0.009 -36"><span class='ocrx_word' id='word_1_24' title='bbox 790 1574 794 1583; x_wconf 88' lang='lat'>.</span> <span class='ocrx_word' id='word_1_25' title='bbox 871 1512 1092 1593; x_wconf 89' lang='lat' dir='ltr'>omnimoda</span> <span class='ocrx_word' id='word_1_26' title='bbox 1110 1512 1261 1619; x_wconf 87' lang='lat' dir='ltr'>justicia</span> <span class='ocrx_word' id='word_1_27' title='bbox 1286 1512 1358 1588; x_wconf 84' lang='lat' dir='ltr'>alta</span> <span class='ocrx_word' id='word_1_28' title='bbox 1384 1530 1588 1589; x_wconf 82' lang='lat' dir='ltr'>castrorum</span> <span class='ocrx_word' id='word_1_29' title='bbox 1614 1512 1873 1617; x_wconf 89' lang='lat' dir='ltr'>predictorum</span> <span class='ocrx_word' id='word_1_30' title='bbox 1902 1514 1950 1592; x_wconf 82' lang='lat' dir='ltr'>de</span> <span class='ocrx_word' id='word_1_31' title='bbox 1979 1516 2152 1595; x_wconf 85' lang='lat' dir='ltr'>Caslucio</span> <span class='ocrx_word' id='word_1_32' title='bbox 2181 1535 2219 1596; x_wconf 90' lang='lat' dir='ltr'>et</span> <span class='ocrx_word' id='word_1_33' title='bbox 2249 1520 2296 1597; x_wconf 90' lang='lat' dir='ltr'>de</span> 
     </span>
     <span class='ocr_line' id='line_1_5' title="bbox 870 1642 2295 1751; baseline 0.001 -27"><span class='ocrx_word' id='word_1_34' title='bbox 870 1643 1135 1725; x_wconf 76' lang='lat' dir='ltr'>Monte-Porti</span> <span class='ocrx_word' id='word_1_35' title='bbox 1158 1643 1321 1749; x_wconf 89' lang='lat' dir='ltr'>privatus</span> <span class='ocrx_word' id='word_1_36' title='bbox 1340 1642 1429 1730; x_wconf 86' lang='lat' dir='ltr'>suit,</span> <span class='ocrx_word' id='word_1_37' title='bbox 1452 1659 1491 1720; x_wconf 89' lang='lat' dir='ltr'>et</span> <span class='ocrx_word' id='word_1_38' title='bbox 1510 1642 1677 1749; x_wconf 80' lang='lat' dir='ltr'>predicte</span> <span class='ocrx_word' id='word_1_39' title='bbox 1699 1643 1850 1751; x_wconf 86' lang='lat' dir='ltr'>justicia</span> <span class='ocrx_word' id='word_1_40' title='bbox 1876 1643 2064 1724; x_wconf 91' lang='lat' dir='ltr'>dictorum</span> <span class='ocrx_word' id='word_1_41' title='bbox 2088 1665 2295 1727; x_wconf 87' lang='lat' dir='ltr'>castrorum</span> 
     </span>
     <span class='ocr_line' id='line_1_6' title="bbox 871 1772 2383 1881; baseline -0.002 -28"><span class='ocrx_word' id='word_1_42' title='bbox 871 1776 996 1864; x_wconf 92' lang='lat' dir='ltr'>nobis,</span> <span class='ocrx_word' id='word_1_43' title='bbox 1014 1802 1082 1881; x_wconf 89' lang='lat' dir='ltr'>per</span> <span class='ocrx_word' id='word_1_44' title='bbox 1101 1773 1204 1851; x_wconf 88' lang='lat' dir='ltr'>idem</span> <span class='ocrx_word' id='word_1_45' title='bbox 1220 1772 1427 1879; x_wconf 85' lang='lat' dir='ltr'>judicium,</span> <span class='ocrx_word' id='word_1_46' title='bbox 1442 1774 1564 1851; x_wconf 82' lang='lat' dir='ltr'>extitit</span> <span class='ocrx_word' id='word_1_47' title='bbox 1581 1772 1781 1880; x_wconf 85' lang='lat' dir='ltr'>applicata,</span> <span class='ocrx_word' id='word_1_48' title='bbox 1801 1792 1839 1852; x_wconf 87' lang='lat' dir='ltr'>et</span> <span class='ocrx_word' id='word_1_49' title='bbox 1861 1776 2133 1856; x_wconf 65' lang='lat' dir='ltr'>nichilominus</span> <span class='ocrx_word' id='word_1_50' title='bbox 2151 1779 2295 1857; x_wconf 88' lang='lat' dir='ltr'>dictum</span> <span class='ocrx_word' id='word_1_51' title='bbox 2381 1847 2383 1850; x_wconf 83' lang='lat'>.</span> 
     </span>
     <span class='ocr_line' id='line_1_7' title="bbox 868 1903 2298 2014; baseline 0.003 -30"><span class='ocrx_word' id='word_1_52' title='bbox 868 1908 941 1985; x_wconf 87' lang='lat' dir='ltr'>fuit</span> <span class='ocrx_word' id='word_1_53' title='bbox 959 1906 1063 2014; x_wconf 94' lang='lat' dir='ltr'>quod</span> <span class='ocrx_word' id='word_1_54' title='bbox 1078 1921 1181 2011; x_wconf 90' lang='lat' dir='ltr'>parte</span> <span class='ocrx_word' id='word_1_55' title='bbox 1197 1903 1421 2012; x_wconf 82' lang='lat' dir='ltr'><strong>principales</strong></span> <span class='ocrx_word' id='word_1_56' title='bbox 1436 1905 1650 1984; x_wconf 77' lang='lat' dir='ltr'>dicti&#39;castri</span> <span class='ocrx_word' id='word_1_57' title='bbox 1667 1905 1716 1982; x_wconf 89' lang='lat' dir='ltr'>de</span> <span class='ocrx_word' id='word_1_58' title='bbox 1731 1905 1985 1986; x_wconf 85' lang='lat' dir='ltr'>Monte-Forti</span> <span class='ocrx_word' id='word_1_59' title='bbox 2002 1908 2246 1988; x_wconf 79' lang='lat' dir='ltr'><strong>destruentur</strong></span> <span class='ocrx_word' id='word_1_60' title='bbox 2259 1928 2298 1989; x_wconf 91' lang='lat' dir='ltr'>et</span> 
     </span>
     <span class='ocr_line' id='line_1_8' title="bbox 870 2020 2297 2146; baseline 0.002 -29"><span class='ocrx_word' id='word_1_61' title='bbox 870 2020 1152 2125; x_wconf 77' lang='lat' dir='ltr'>comburentur,</span> <span class='ocrx_word' id='word_1_62' title='bbox 1166 2064 1236 2113; x_wconf 90' lang='lat' dir='ltr'>nec</span> <span class='ocrx_word' id='word_1_63' title='bbox 1249 2036 1297 2114; x_wconf 91' lang='lat' dir='ltr'>de</span> <span class='ocrx_word' id='word_1_64' title='bbox 1314 2052 1441 2115; x_wconf 89' lang='lat' dir='ltr'>cetero</span> <span class='ocrx_word' id='word_1_65' title='bbox 1450 2053 1561 2143; x_wconf 91' lang='lat' dir='ltr'>porte</span> <span class='ocrx_word' id='word_1_66' title='bbox 1576 2036 1630 2114; x_wconf 92' lang='lat' dir='ltr'>ibi</span> <span class='ocrx_word' id='word_1_67' title='bbox 1646 2055 1882 2144; x_wconf 76' lang='lat' dir='ltr'>reponentur</span> <span class='ocrx_word' id='word_1_68' title='bbox 1892 2037 2033 2146; x_wconf 87' lang='lat' dir='ltr'>absque</span> <span class='ocrx_word' id='word_1_69' title='bbox 2046 2057 2174 2119; x_wconf 86' lang='lat' dir='ltr'>nostra</span> <span class='ocrx_word' id='word_1_70' title='bbox 2185 2040 2297 2120; x_wconf 84' lang='lat' dir='ltr'>licen·</span> 
     </span>
     <span class='ocr_line' id='line_1_9' title="bbox 870 2165 2106 2280; baseline 0.002 -33"><span class='ocrx_word' id='word_1_71' title='bbox 870 2172 926 2249; x_wconf 91' lang='lat' dir='ltr'>cia</span> <span class='ocrx_word' id='word_1_72' title='bbox 944 2168 1116 2276; x_wconf 87' lang='lat' dir='ltr'>speciali:</span> <span class='ocrx_word' id='word_1_73' title='bbox 1138 2166 1280 2275; x_wconf 88' lang='lat' dir='ltr'>poterit</span> <span class='ocrx_word' id='word_1_74' title='bbox 1298 2184 1424 2247; x_wconf 88' lang='lat' dir='ltr'>tamen</span> <span class='ocrx_word' id='word_1_75' title='bbox 1444 2165 1527 2247; x_wconf 82' lang='lat' dir='ltr'>fieri</span> <span class='ocrx_word' id='word_1_76' title='bbox 1549 2166 1694 2247; x_wconf 83' lang='lat' dir='ltr'>ibidem</span> <span class='ocrx_word' id='word_1_77' title='bbox 1714 2167 1890 2249; x_wconf 90' lang='lat' dir='ltr'>clausura</span> <span class='ocrx_word' id='word_1_78' title='bbox 1910 2169 1957 2247; x_wconf 90' lang='lat' dir='ltr'>de</span> <span class='ocrx_word' id='word_1_79' title='bbox 1977 2169 2106 2280; x_wconf 77' lang='lat' dir='ltr'>spinis.</span> 
     </span>
     <span class='ocr_line' id='line_1_10' title="bbox 926 2300 1267 2407; baseline -0.012 -26"><span class='ocrx_word' id='word_1_80' title='bbox 926 2300 1077 2381; x_wconf 81' lang='lat' dir='ltr'>Sabbati</span> <span class='ocrx_word' id='word_1_81' title='bbox 1091 2300 1267 2407; x_wconf 86' lang='lat' dir='ltr'>predicta.</span> 
     </span>
    </p>
   </div>
   <div class='ocr_carea' id='block_1_3' title="bbox 926 2430 1622 2541">
    <p class='ocr_par' dir='ltr' id='par_1_3' title="bbox 926 2430 1622 2541">
     <span class='ocr_line' id='line_1_11' title="bbox 926 2430 1622 2541; baseline -0.001 -29"><span class='ocrx_word' id='word_1_82' title='bbox 926 2436 975 2512; x_wconf 87' lang='lat' dir='ltr'>M.</span> <span class='ocrx_word' id='word_1_83' title='bbox 998 2436 1074 2512; x_wconf 87' lang='lat' dir='ltr'>Yvo</span> <span class='ocrx_word' id='word_1_84' title='bbox 1095 2432 1142 2510; x_wconf 91' lang='lat' dir='ltr'>de</span> <span class='ocrx_word' id='word_1_85' title='bbox 1164 2430 1391 2528; x_wconf 82' lang='lat' dir='ltr'>Laudunaco</span> <span class='ocrx_word' id='word_1_86' title='bbox 1412 2432 1622 2541; x_wconf 78' lang='lat' dir='ltr'>reportavit.</span> 
     </span>
    </p>
   </div>
   <div class='ocr_carea' id='block_1_4' title="bbox 868 2695 2298 4121">
    <p class='ocr_par' dir='ltr' id='par_1_4' title="bbox 868 2695 2298 3859">
     <span class='ocr_line' id='line_1_12' title="bbox 923 2695 2297 2807; baseline -0.001 -30"><span class='ocrx_word' id='word_1_87' title='bbox 923 2700 1015 2777; x_wconf 89' lang='lat' dir='ltr'>XIV.</span> <span class='ocrx_word' id='word_1_88' title='bbox 1046 2698 1157 2787; x_wconf 91' lang='lat' dir='ltr'>ltem,</span> <span class='ocrx_word' id='word_1_89' title='bbox 1185 2725 1272 2772; x_wconf 90' lang='lat' dir='ltr'>cum</span> <span class='ocrx_word' id='word_1_90' title='bbox 1299 2696 1569 2779; x_wconf 81' lang='lat' dir='ltr'>denunciatum</span> <span class='ocrx_word' id='word_1_91' title='bbox 1593 2695 1727 2775; x_wconf 66' lang='lat' dir='ltr'>ferisset</span> <span class='ocrx_word' id='word_1_92' title='bbox 1743 2699 1849 2777; x_wconf 92' lang='lat' dir='ltr'>curie</span> <span class='ocrx_word' id='word_1_93' title='bbox 1869 2697 2061 2777; x_wconf 69' lang='lat' dir='ltr'>senescalli</span> <span class='ocrx_word' id='word_1_94' title='bbox 2088 2700 2297 2807; x_wconf 77' lang='lat' dir='ltr'>Petragori-</span> 
     </span>
     <span class='ocr_line' id='line_1_13' title="bbox 868 2828 2295 2937; baseline 0.003 -32"><span class='ocrx_word' id='word_1_95' title='bbox 868 2830 988 2909; x_wconf 88' lang='lat' dir='ltr'>censis</span> <span class='ocrx_word' id='word_1_96' title='bbox 1008 2830 1113 2936; x_wconf 94' lang='lat' dir='ltr'>quod</span> <span class='ocrx_word' id='word_1_97' title='bbox 1132 2828 1339 2908; x_wconf 78' lang='lat' dir='ltr'>vicecomes</span> <span class='ocrx_word' id='word_1_98' title='bbox 1356 2830 1556 2918; x_wconf 87' lang='lat' dir='ltr'>Turenne,</span> <span class='ocrx_word' id='word_1_99' title='bbox 1580 2856 1649 2907; x_wconf 88' lang='lat' dir='ltr'>seu</span> <span class='ocrx_word' id='word_1_100' title='bbox 1673 2846 1803 2937; x_wconf 85' lang='lat' dir='ltr'>gentes</span> <span class='ocrx_word' id='word_1_101' title='bbox 1827 2859 1911 2918; x_wconf 85' lang='lat' dir='ltr'>sne,</span> <span class='ocrx_word' id='word_1_102' title='bbox 1938 2859 2026 2907; x_wconf 89' lang='lat' dir='ltr'>cum</span> <span class='ocrx_word' id='word_1_103' title='bbox 2049 2829 2295 2911; x_wconf 84' lang='lat' dir='ltr'>multitudine</span> 
     </span>
     <span class='ocr_line' id='line_1_14' title="bbox 868 2957 2298 3067; baseline 0.001 -30"><span class='ocrx_word' id='word_1_104' title='bbox 868 2978 1099 3039; x_wconf 82' lang='lat' dir='ltr'>armatorum</span> <span class='ocrx_word' id='word_1_105' title='bbox 1119 2987 1204 3035; x_wconf 89' lang='lat' dir='ltr'>cum</span> <span class='ocrx_word' id='word_1_106' title='bbox 1227 2957 1342 3035; x_wconf 89' lang='lat' dir='ltr'>armis</span> <span class='ocrx_word' id='word_1_107' title='bbox 1358 2957 1561 3064; x_wconf 84' lang='lat' dir='ltr'>prohibitis</span> <span class='ocrx_word' id='word_1_108' title='bbox 1581 2958 1799 3039; x_wconf 85' lang='lat' dir='ltr'>incedentes</span> <span class='ocrx_word' id='word_1_109' title='bbox 1816 2988 1885 3067; x_wconf 89' lang='lat' dir='ltr'>per</span> <span class='ocrx_word' id='word_1_110' title='bbox 1902 2977 2043 3037; x_wconf 89' lang='lat' dir='ltr'>terram</span> <span class='ocrx_word' id='word_1_111' title='bbox 2059 2978 2242 3051; x_wconf 87' lang='lat' dir='ltr'>nostram,</span> <span class='ocrx_word' id='word_1_112' title='bbox 2260 2980 2298 3039; x_wconf 90' lang='lat' dir='ltr'>et</span> 
     </span>
     <span class='ocr_line' id='line_1_15' title="bbox 869 3089 2295 3199; baseline 0.002 -30"><span class='ocrx_word' id='word_1_113' title='bbox 869 3110 1002 3171; x_wconf 87' lang='lat' dir='ltr'>euntes</span> <span class='ocrx_word' id='word_1_114' title='bbox 1025 3092 1073 3169; x_wconf 90' lang='lat' dir='ltr'>ad</span> <span class='ocrx_word' id='word_1_115' title='bbox 1098 3090 1220 3167; x_wconf 78' lang='lat' dir='ltr'>furcas</span> <span class='ocrx_word' id='word_1_116' title='bbox 1247 3090 1355 3169; x_wconf 87' lang='lat' dir='ltr'>castri</span> <span class='ocrx_word' id='word_1_117' title='bbox 1380 3089 1427 3167; x_wconf 91' lang='lat' dir='ltr'>de</span> <span class='ocrx_word' id='word_1_118' title='bbox 1454 3090 1628 3169; x_wconf 79' lang='lat' dir='ltr'>Caslucio</span> <span class='ocrx_word' id='word_1_119' title='bbox 1655 3090 1829 3171; x_wconf 83' lang='lat' dir='ltr'>Gaulridi</span> <span class='ocrx_word' id='word_1_120' title='bbox 1854 3092 1902 3169; x_wconf 90' lang='lat' dir='ltr'>de</span> <span class='ocrx_word' id='word_1_121' title='bbox 1928 3093 2064 3184; x_wconf 89' lang='lat' dir='ltr'>Ponte,</span> <span class='ocrx_word' id='word_1_122' title='bbox 2091 3094 2295 3199; x_wconf 90' lang='lat' dir='ltr'>quemdam</span> 
     </span>
     <span class='ocr_line' id='line_1_16' title="bbox 868 3222 2295 3331; baseline 0.001 -29"><span class='ocrx_word' id='word_1_123' title='bbox 868 3226 1065 3302; x_wconf 88' lang='lat' dir='ltr'>bominem</span> <span class='ocrx_word' id='word_1_124' title='bbox 1078 3250 1303 3330; x_wconf 88' lang='lat' dir='ltr'>suspensum</span> <span class='ocrx_word' id='word_1_125' title='bbox 1324 3222 1365 3299; x_wconf 93' lang='lat' dir='ltr'>in</span> <span class='ocrx_word' id='word_1_126' title='bbox 1384 3223 1494 3301; x_wconf 90' lang='lat' dir='ltr'>dictis</span> <span class='ocrx_word' id='word_1_127' title='bbox 1511 3223 1628 3301; x_wconf 83' lang='lat' dir='ltr'>furcis</span> <span class='ocrx_word' id='word_1_128' title='bbox 1646 3223 1923 3331; x_wconf 83' lang='lat' dir='ltr'>dispenderunt</span> <span class='ocrx_word' id='word_1_129' title='bbox 1936 3241 1974 3302; x_wconf 87' lang='lat' dir='ltr'>et</span> <span class='ocrx_word' id='word_1_130' title='bbox 1988 3252 2118 3303; x_wconf 85' lang='lat' dir='ltr'>secum</span> <span class='ocrx_word' id='word_1_131' title='bbox 2131 3242 2295 3331; x_wconf 89' lang='lat' dir='ltr'>asporta·</span> 
     </span>
     <span class='ocr_line' id='line_1_17' title="bbox 868 3352 2295 3461; baseline 0 -28"><span class='ocrx_word' id='word_1_132' title='bbox 868 3373 1025 3433; x_wconf 88' lang='lat' dir='ltr'>verunt:</span> <span class='ocrx_word' id='word_1_133' title='bbox 1048 3355 1170 3461; x_wconf 86' lang='lat' dir='ltr'>Super</span> <span class='ocrx_word' id='word_1_134' title='bbox 1184 3352 1380 3459; x_wconf 85' lang='lat' dir='ltr'>predictis,</span> <span class='ocrx_word' id='word_1_135' title='bbox 1401 3355 1541 3434; x_wconf 86' lang='lat' dir='ltr'>auditis</span> <span class='ocrx_word' id='word_1_136' title='bbox 1560 3355 1845 3435; x_wconf 85' lang='lat' dir='ltr'>defensionibus</span> <span class='ocrx_word' id='word_1_137' title='bbox 1865 3356 1955 3433; x_wconf 90' lang='lat' dir='ltr'>dicti</span> <span class='ocrx_word' id='word_1_138' title='bbox 1977 3357 2219 3445; x_wconf 85' lang='lat' dir='ltr'>vicecomitis,</span> <span class='ocrx_word' id='word_1_139' title='bbox 2237 3358 2295 3434; x_wconf 88' lang='lat' dir='ltr'>in-</span> 
     </span>
     <span class='ocr_line' id='line_1_18' title="bbox 869 3485 2291 3598; baseline 0 -33"><span class='ocrx_word' id='word_1_140' title='bbox 869 3503 1000 3593; x_wconf 88' lang='lat' dir='ltr'>questa</span> <span class='ocrx_word' id='word_1_141' title='bbox 1010 3485 1102 3561; x_wconf 80' lang='lat' dir='ltr'>facta</span> <span class='ocrx_word' id='word_1_142' title='bbox 1116 3500 1232 3591; x_wconf 87' lang='lat' dir='ltr'>etper</span> <span class='ocrx_word' id='word_1_143' title='bbox 1243 3486 1383 3563; x_wconf 89' lang='lat' dir='ltr'>curiam</span> <span class='ocrx_word' id='word_1_144' title='bbox 1399 3503 1566 3567; x_wconf 85' lang='lat' dir='ltr'>nostram</span> <span class='ocrx_word' id='word_1_145' title='bbox 1582 3487 1783 3598; x_wconf 82' lang='lat' dir='ltr'>diligenter</span> <span class='ocrx_word' id='word_1_146' title='bbox 1792 3486 2015 3576; x_wconf 82' lang='lat' dir='ltr'>examinata,</span> <span class='ocrx_word' id='word_1_147' title='bbox 2028 3515 2094 3593; x_wconf 86' lang='lat' dir='ltr'>per</span> <span class='ocrx_word' id='word_1_148' title='bbox 2102 3487 2291 3594; x_wconf 85' lang='lat' dir='ltr'>judicium</span> 
     </span>
     <span class='ocr_line' id='line_1_19' title="bbox 870 3616 2288 3727; baseline -0.001 -30"><span class='ocrx_word' id='word_1_149' title='bbox 870 3636 997 3699; x_wconf 90' lang='lat' dir='ltr'>nostre</span> <span class='ocrx_word' id='word_1_150' title='bbox 1017 3618 1138 3707; x_wconf 87' lang='lat' dir='ltr'>curie,</span> <span class='ocrx_word' id='word_1_151' title='bbox 1161 3617 1304 3697; x_wconf 91' lang='lat' dir='ltr'>dictum</span> <span class='ocrx_word' id='word_1_152' title='bbox 1321 3617 1394 3697; x_wconf 84' lang='lat' dir='ltr'>fuit</span> <span class='ocrx_word' id='word_1_153' title='bbox 1411 3618 1516 3726; x_wconf 91' lang='lat' dir='ltr'>quod</span> <span class='ocrx_word' id='word_1_154' title='bbox 1536 3618 1661 3697; x_wconf 88' lang='lat' dir='ltr'>dictus</span> <span class='ocrx_word' id='word_1_155' title='bbox 1675 3619 1897 3707; x_wconf 85' lang='lat' dir='ltr'>vicecomes,</span> <span class='ocrx_word' id='word_1_156' title='bbox 1914 3645 1982 3724; x_wconf 92' lang='lat' dir='ltr'>pro</span> <span class='ocrx_word' id='word_1_157' title='bbox 1995 3616 2093 3699; x_wconf 81' lang='lat' dir='ltr'>secto</span> <span class='ocrx_word' id='word_1_158' title='bbox 2106 3617 2288 3727; x_wconf 82' lang='lat' dir='ltr'>predicto,</span> 
     </span>
     <span class='ocr_line' id='line_1_20' title="bbox 868 3741 1960 3859; baseline 0.001 -30"><span class='ocrx_word' id='word_1_159' title='bbox 868 3750 987 3830; x_wconf 88' lang='lat' dir='ltr'>solvet</span> <span class='ocrx_word' id='word_1_160' title='bbox 1006 3750 1116 3828; x_wconf 89' lang='lat' dir='ltr'>nobis</span> <span class='ocrx_word' id='word_1_161' title='bbox 1135 3768 1288 3828; x_wconf 87' lang='lat' dir='ltr'>centum</span> <span class='ocrx_word' id='word_1_162' title='bbox 1306 3750 1420 3829; x_wconf 89' lang='lat' dir='ltr'>libras</span> <span class='ocrx_word' id='word_1_163' title='bbox 1440 3741 1770 3859; x_wconf 76' lang='lat' dir='ltr'>Tumnsssas‘pro</span> <span class='ocrx_word' id='word_1_164' title='bbox 1789 3748 1960 3830; x_wconf 81' lang='lat' dir='ltr'>emenda.</span> 
     </span>
    </p>

    <p class='ocr_par' dir='ltr' id='par_1_5' title="bbox 923 3882 1271 3988">
     <span class='ocr_line' id='line_1_21' title="bbox 923 3882 1271 3988; baseline -0.009 -25"><span class='ocrx_word' id='word_1_165' title='bbox 923 3883 1074 3963; x_wconf 80' lang='lat' dir='ltr'>sabbati</span> <span class='ocrx_word' id='word_1_166' title='bbox 1094 3882 1271 3988; x_wconf 84' lang='lat' dir='ltr'>predicta.</span> 
     </span>
    </p>

    <p class='ocr_par' dir='ltr' id='par_1_6' title="bbox 922 4014 1619 4121">
     <span class='ocr_line' id='line_1_22' title="bbox 922 4014 1619 4121; baseline -0.003 -28"><span class='ocrx_word' id='word_1_167' title='bbox 922 4016 974 4093; x_wconf 90' lang='lat' dir='ltr'>M.</span> <span class='ocrx_word' id='word_1_168' title='bbox 994 4016 1069 4091; x_wconf 89' lang='lat' dir='ltr'>Yvo</span> <span class='ocrx_word' id='word_1_169' title='bbox 1091 4014 1139 4093; x_wconf 88' lang='lat' dir='ltr'>de</span> <span class='ocrx_word' id='word_1_170' title='bbox 1158 4014 1385 4095; x_wconf 83' lang='lat' dir='ltr'>laudunaco</span> <span class='ocrx_word' id='word_1_171' title='bbox 1405 4014 1619 4121; x_wconf 69' lang='lat' dir='ltr'>reportavit.</span> 
     </span>
    </p>
   </div>
   <div class='ocr_carea' id='block_1_5' title="bbox 846 4263 2294 5575">
    <p class='ocr_par' dir='ltr' id='par_1_7' title="bbox 846 4263 2294 5575">
     <span class='ocr_line' id='line_1_23' title="bbox 923 4263 2294 4387; baseline -0.001 -32"><span class='ocrx_word' id='word_1_172' title='bbox 923 4280 997 4357; x_wconf 89' lang='lat' dir='ltr'>XV.</span> <span class='ocrx_word' id='word_1_173' title='bbox 1030 4277 1128 4355; x_wconf 91' lang='lat' dir='ltr'>Cum</span> <span class='ocrx_word' id='word_1_174' title='bbox 1148 4263 1358 4356; x_wconf 74' lang='lat' dir='ltr'>bichardus</span> <span class='ocrx_word' id='word_1_175' title='bbox 1379 4278 1427 4355; x_wconf 89' lang='lat' dir='ltr'>de</span> <span class='ocrx_word' id='word_1_176' title='bbox 1445 4278 1635 4385; x_wconf 84' lang='lat' dir='ltr'>Roquele,</span> <span class='ocrx_word' id='word_1_177' title='bbox 1650 4277 1776 4366; x_wconf 86' lang='lat' dir='ltr'>miles,</span> <span class='ocrx_word' id='word_1_178' title='bbox 1795 4276 2022 4355; x_wconf 80' lang='lat' dir='ltr'>senescallus</span> <span class='ocrx_word' id='word_1_179' title='bbox 2044 4265 2294 4387; x_wconf 74' lang='lat' dir='ltr'>Pontivi,no·</span> 
     </span>
     <span class='ocr_line' id='line_1_24' title="bbox 866 4408 2294 4518; baseline -0.001 -29"><span class='ocrx_word' id='word_1_180' title='bbox 866 4410 925 4489; x_wconf 87' lang='lat' dir='ltr'>bis</span> <span class='ocrx_word' id='word_1_181' title='bbox 940 4409 1171 4516; x_wconf 80' lang='lat' dir='ltr'>exposuisset</span> <span class='ocrx_word' id='word_1_182' title='bbox 1185 4409 1304 4517; x_wconf 86' lang='lat' dir='ltr'>quod,</span> <span class='ocrx_word' id='word_1_183' title='bbox 1320 4440 1405 4487; x_wconf 88' lang='lat' dir='ltr'>cum</span> <span class='ocrx_word' id='word_1_184' title='bbox 1423 4410 1522 4517; x_wconf 90' lang='lat' dir='ltr'>ipse,</span> <span class='ocrx_word' id='word_1_185' title='bbox 1539 4408 1696 4487; x_wconf 88' lang='lat' dir='ltr'>nomine</span> <span class='ocrx_word' id='word_1_186' title='bbox 1714 4410 1863 4487; x_wconf 87' lang='lat' dir='ltr'>comitis</span> <span class='ocrx_word' id='word_1_187' title='bbox 1882 4409 2046 4499; x_wconf 90' lang='lat' dir='ltr'>Pontivi,</span> <span class='ocrx_word' id='word_1_188' title='bbox 2066 4438 2109 4487; x_wconf 82' lang='lat' dir='ltr'>ex</span> <span class='ocrx_word' id='word_1_189' title='bbox 2125 4410 2238 4518; x_wconf 78' lang='lat' dir='ltr'>justis</span> <span class='ocrx_word' id='word_1_190' title='bbox 2257 4426 2294 4487; x_wconf 88' lang='lat' dir='ltr'>et</span> 
     </span>
     <span class='ocr_line' id='line_1_25' title="bbox 866 4525 2292 4650; baseline -0.001 -31"><span class='ocrx_word' id='word_1_191' title='bbox 866 4538 1141 4621; x_wconf 88' lang='lat' dir='ltr'>sufficientibus</span> <span class='ocrx_word' id='word_1_192' title='bbox 1159 4543 1295 4632; x_wconf 82' lang='lat' dir='ltr'>causis,</span> <span class='ocrx_word' id='word_1_193' title='bbox 1313 4542 1480 4621; x_wconf 86' lang='lat' dir='ltr'>officium</span> <span class='ocrx_word' id='word_1_194' title='bbox 1494 4560 1534 4620; x_wconf 90' lang='lat' dir='ltr'>et</span> <span class='ocrx_word' id='word_1_195' title='bbox 1549 4556 1687 4619; x_wconf 79' lang='lat' dir='ltr'>statum</span> <span class='ocrx_word' id='word_1_196' title='bbox 1701 4540 1858 4650; x_wconf 82' lang='lat' dir='ltr'>maj0rie</span> <span class='ocrx_word' id='word_1_197' title='bbox 1873 4558 1913 4619; x_wconf 93' lang='lat' dir='ltr'>et</span> <span class='ocrx_word' id='word_1_198' title='bbox 1922 4525 2133 4620; x_wconf 77' lang='lat' dir='ltr'>scabinatus</span> <span class='ocrx_word' id='word_1_199' title='bbox 2144 4540 2232 4619; x_wconf 88' lang='lat' dir='ltr'>ville</span> <span class='ocrx_word' id='word_1_200' title='bbox 2244 4542 2292 4619; x_wconf 90' lang='lat' dir='ltr'>de</span> 
     </span>
     <span class='ocr_line' id='line_1_26' title="bbox 846 4671 2291 4783; baseline -0.003 -32"><span class='ocrx_word' id='word_1_201' title='bbox 846 4672 849 4677; x_wconf 71' lang='grc'><strong>’</strong></span> <span class='ocrx_word' id='word_1_202' title='bbox 866 4671 1130 4753; x_wconf 85' lang='lat' dir='ltr'>Abbatis-Villa</span> <span class='ocrx_word' id='word_1_203' title='bbox 1145 4674 1195 4751; x_wconf 86' lang='lat' dir='ltr'>ad</span> <span class='ocrx_word' id='word_1_204' title='bbox 1211 4702 1367 4751; x_wconf 84' lang='lat' dir='ltr'>manum</span> <span class='ocrx_word' id='word_1_205' title='bbox 1382 4702 1488 4753; x_wconf 89' lang='lat' dir='ltr'>suam</span> <span class='ocrx_word' id='word_1_206' title='bbox 1503 4673 1705 4783; x_wconf 79' lang='lat' dir='ltr'>posuisset,</span> <span class='ocrx_word' id='word_1_207' title='bbox 1724 4689 1781 4762; x_wconf 88' lang='lat' dir='ltr'>et,</span> <span class='ocrx_word' id='word_1_208' title='bbox 1795 4674 1986 4781; x_wconf 85' lang='lat' dir='ltr'>posthoc,</span> <span class='ocrx_word' id='word_1_209' title='bbox 2005 4673 2054 4751; x_wconf 86' lang='lat' dir='ltr'>ad</span> <span class='ocrx_word' id='word_1_210' title='bbox 2073 4672 2291 4751; x_wconf 69' lang='lat' dir='ltr'>instanciam</span> 
     </span>
     <span class='ocr_line' id='line_1_27' title="bbox 866 4800 2292 4913; baseline -0.004 -32"><span class='ocrx_word' id='word_1_211' title='bbox 866 4804 1130 4913; x_wconf 86' lang='lat' dir='ltr'>magistrorum</span> <span class='ocrx_word' id='word_1_212' title='bbox 1157 4805 1454 4883; x_wconf 89' lang='lat' dir='ltr'>ministeriorum</span> <span class='ocrx_word' id='word_1_213' title='bbox 1477 4805 1693 4884; x_wconf 89' lang='lat' dir='ltr'>communie</span> <span class='ocrx_word' id='word_1_214' title='bbox 1715 4805 1817 4883; x_wconf 88' lang='lat' dir='ltr'>dicte</span> <span class='ocrx_word' id='word_1_215' title='bbox 1837 4804 1941 4892; x_wconf 86' lang='lat' dir='ltr'>ville,</span> <span class='ocrx_word' id='word_1_216' title='bbox 1965 4804 2152 4911; x_wconf 85' lang='lat' dir='ltr'>posuisset</span> <span class='ocrx_word' id='word_1_217' title='bbox 2173 4800 2292 4879; x_wconf 87' lang='lat' dir='ltr'>admi·</span> 
     </span>
     <span class='ocr_line' id='line_1_28' title="bbox 866 4932 2290 5045; baseline -0.001 -33"><span class='ocrx_word' id='word_1_218' title='bbox 866 4936 1104 5015; x_wconf 90' lang='lat' dir='ltr'>nistratorem</span> <span class='ocrx_word' id='word_1_219' title='bbox 1124 4937 1163 5012; x_wconf 90' lang='lat' dir='ltr'>in</span> <span class='ocrx_word' id='word_1_220' title='bbox 1179 4937 1302 5017; x_wconf 89' lang='lat' dir='ltr'>officio</span> <span class='ocrx_word' id='word_1_221' title='bbox 1322 4936 1557 5044; x_wconf 89' lang='lat' dir='ltr'>supradicto,</span> <span class='ocrx_word' id='word_1_222' title='bbox 1576 4937 1699 5045; x_wconf 80' lang='lat' dir='ltr'>major</span> <span class='ocrx_word' id='word_1_223' title='bbox 1716 4953 1755 5014; x_wconf 92' lang='lat' dir='ltr'>et</span> <span class='ocrx_word' id='word_1_224' title='bbox 1773 4935 1915 5015; x_wconf 80' lang='lat' dir='ltr'>scabini</span> <span class='ocrx_word' id='word_1_225' title='bbox 1929 4934 2031 5036; x_wconf 86' lang='lat' dir='ltr'>dicte</span> <span class='ocrx_word' id='word_1_226' title='bbox 2043 4932 2133 5011; x_wconf 88' lang='lat' dir='ltr'>ville</span> <span class='ocrx_word' id='word_1_227' title='bbox 2147 4932 2290 5011; x_wconf 83' lang='lat' dir='ltr'>eisdem</span> 
     </span>
     <span class='ocr_line' id='line_1_29' title="bbox 865 5064 2290 5175; baseline -0.002 -32"><span class='ocrx_word' id='word_1_228' title='bbox 865 5068 1157 5147; x_wconf 79' lang='lat' dir='ltr'>administratori</span> <span class='ocrx_word' id='word_1_229' title='bbox 1177 5086 1214 5147; x_wconf 91' lang='lat' dir='ltr'>et</span> <span class='ocrx_word' id='word_1_230' title='bbox 1234 5068 1438 5148; x_wconf 87' lang='lat' dir='ltr'>senescallo</span> <span class='ocrx_word' id='word_1_231' title='bbox 1458 5098 1610 5175; x_wconf 85' lang='lat' dir='ltr'>parere,</span> <span class='ocrx_word' id='word_1_232' title='bbox 1631 5094 1709 5148; x_wconf 92' lang='lat' dir='ltr'>non</span> <span class='ocrx_word' id='word_1_233' title='bbox 1728 5070 1810 5147; x_wconf 86' lang='lat' dir='ltr'>sine</span> <span class='ocrx_word' id='word_1_234' title='bbox 1829 5065 2039 5147; x_wconf 86' lang='lat' dir='ltr'>rebellione</span> <span class='ocrx_word' id='word_1_235' title='bbox 2055 5083 2162 5156; x_wconf 84' lang='lat' dir='ltr'>nota,</span> <span class='ocrx_word' id='word_1_236' title='bbox 2182 5064 2290 5141; x_wconf 89' lang='lat' dir='ltr'>inde·</span> 
     </span>
     <span class='ocr_line' id='line_1_30' title="bbox 864 5198 2291 5307; baseline -0.004 -30"><span class='ocrx_word' id='word_1_237' title='bbox 864 5198 944 5277; x_wconf 87' lang='lat' dir='ltr'>bite</span> <span class='ocrx_word' id='word_1_238' title='bbox 970 5214 1280 5305; x_wconf 88' lang='lat' dir='ltr'>contempnentes</span> <span class='ocrx_word' id='word_1_239' title='bbox 1304 5228 1528 5307; x_wconf 89' lang='lat' dir='ltr'>suspensum</span> <span class='ocrx_word' id='word_1_240' title='bbox 1559 5199 1631 5278; x_wconf 91' lang='lat' dir='ltr'>sibi</span> <span class='ocrx_word' id='word_1_241' title='bbox 1656 5199 1842 5289; x_wconf 88' lang='lat' dir='ltr'>officium,</span> <span class='ocrx_word' id='word_1_242' title='bbox 1871 5216 2077 5278; x_wconf 85' lang='lat' dir='ltr'>asserentes</span> <span class='ocrx_word' id='word_1_243' title='bbox 2098 5225 2139 5274; x_wconf 89' lang='lat' dir='ltr'>se</span> <span class='ocrx_word' id='word_1_244' title='bbox 2162 5213 2291 5274; x_wconf 81' lang='lat' dir='ltr'>contra</span> 
     </span>
     <span class='ocr_line' id='line_1_31' title="bbox 865 5328 2289 5438; baseline -0.001 -31"><span class='ocrx_word' id='word_1_245' title='bbox 865 5332 988 5438; x_wconf 87' lang='lat' dir='ltr'>ipsum</span> <span class='ocrx_word' id='word_1_246' title='bbox 1008 5330 1254 5409; x_wconf 86' lang='lat' dir='ltr'>senescallum</span> <span class='ocrx_word' id='word_1_247' title='bbox 1276 5348 1315 5408; x_wconf 88' lang='lat' dir='ltr'>et</span> <span class='ocrx_word' id='word_1_248' title='bbox 1332 5360 1354 5409; x_wconf 88' lang='lat' dir='ltr'>a</span> <span class='ocrx_word' id='word_1_249' title='bbox 1373 5360 1440 5409; x_wconf 85' lang='lat' dir='ltr'>sua</span> <span class='ocrx_word' id='word_1_250' title='bbox 1458 5333 1560 5409; x_wconf 69' lang='lat' dir='ltr'>cirria</span> <span class='ocrx_word' id='word_1_251' title='bbox 1579 5332 1630 5411; x_wconf 74' lang='lat' dir='ltr'>ed</span> <span class='ocrx_word' id='word_1_252' title='bbox 1646 5349 1816 5411; x_wconf 87' lang='lat' dir='ltr'>nostram</span> <span class='ocrx_word' id='word_1_253' title='bbox 1833 5330 1978 5408; x_wconf 79' lang='lat' dir='ltr'>curiam</span> <span class='ocrx_word' id='word_1_254' title='bbox 1998 5329 2219 5438; x_wconf 80' lang='lat' dir='ltr'>appellasse,</span> <span class='ocrx_word' id='word_1_255' title='bbox 2241 5328 2289 5405; x_wconf 89' lang='lat' dir='ltr'>de</span> 
     </span>
     <span class='ocr_line' id='line_1_32' title="bbox 864 5460 2292 5575; baseline -0.001 -35"><span class='ocrx_word' id='word_1_256' title='bbox 864 5462 961 5542; x_wconf 83' lang='lat' dir='ltr'>sacto</span> <span class='ocrx_word' id='word_1_257' title='bbox 978 5491 1146 5542; x_wconf 74' lang='lat' dir='ltr'>exercere</span> <span class='ocrx_word' id='word_1_258' title='bbox 1167 5481 1498 5573; x_wconf 88' lang='lat' dir='ltr'>presumpserunt,</span> <span class='ocrx_word' id='word_1_259' title='bbox 1513 5464 1788 5575; x_wconf 82' lang='lat' dir='ltr'>propterquod</span> <span class='ocrx_word' id='word_1_260' title='bbox 1802 5463 1907 5543; x_wconf 88' lang='lat' dir='ltr'>idem</span> <span class='ocrx_word' id='word_1_261' title='bbox 1925 5460 2154 5541; x_wconf 78' lang='lat' dir='ltr'>senescallus</span> <span class='ocrx_word' id='word_1_262' title='bbox 2172 5460 2292 5570; x_wconf 85' lang='lat' dir='ltr'>majo-</span> 
     </span>
    </p>
   </div>
   <div class='ocr_carea' id='block_1_6' title="bbox 0 0 2914 7289">
    <p class='ocr_par' dir='ltr' id='par_1_8' title="bbox 0 0 2914 7289">
     <span class='ocr_line' id='line_1_33' title="bbox 0 0 2914 7289; baseline 0 0"><span class='ocrx_word' id='word_1_263' title='bbox 0 0 2914 7289; x_wconf 95' lang='lat' dir='ltr'> </span> 
     </span>
    </p>
   </div>
  </div>
 </body>
</html>
