5817 7292
851 1064 925 1142 3112
1431 1061 1522 1137 tus
1547 1060 1687 1136 OLIM.

627 1221 756 1278 eninm
767 1218 811 1282 lv,
904 1207 1051 1285 Domus
1063 1197 1246 1284 tamenin
1259 1233 1335 1312 qua
1349 1205 1548 1285 tenebatur
1564 1205 1665 1311 apud
1682 1203 1932 1312 Marologium
1948 1203 2048 1284 dicta
2060 1208 2272 1286 communis

689 1315 752 1358 1808.

849 1339 967 1427 curia,
984 1365 1059 1445 que
1073 1334 1147 1416 luit
1159 1334 1356 1423 conmenta
1370 1336 1565 1416 occasione
1581 1335 1763 1442 predicta,
1781 1335 1937 1415 domino
1957 1339 2049 1446 Regi
2069 1337 2139 1416 soli
2158 1368 2274 1416 rema·

849 1468 955 1546 nebit
974 1466 1182 1545 commissa.
1846 1549 1854 1556 ,
2209 1543 2217 1558 ,

906 1598 1015 1677 Salvo
1041 1597 1193 1702 insuper
1214 1596 1255 1671 in
1274 1595 1450 1702 predictis
1466 1596 1562 1702 jure»
1579 1596 1723 1674 domiui
1747 1595 1795 1674 de
1814 1597 1938 1686 Petra,
1961 1598 2119 1704 siquod
2142 1599 2273 1688 habet,

850 1759 964 1836 super
982 1757 1060 1836 quo
1079 1728 1147 1806 fiet
1163 1727 1236 1806 sibi
1245 1727 1416 1834 justicia,
1438 1727 1469 1804 si
1489 1743 1603 1833 petat.

907 1860 1016 1940 Salvo
1037 1859 1155 1936 eciam
1170 1859 1257 1966 jure
1279 1857 1427 1936 domini
1443 1858 1555 1966 Regis
1571 1873 1609 1934 et
1622 1857 1712 1936 dicti
1730 1859 2041 1965 episcopiuontra
2061 1860 2275 1967 predictum

851 1992 1051 2070 dominum
1072 1991 1120 2068 de
1140 1991 1264 2076 Petra,
1286 2018 1400 2095 super
1422 1988 1519 2066 lacto
1536 2006 1691 2095 propter
1710 1990 1816 2096 quod
1831 1989 1924 2068 lacta
1945 2007 2001 2068 est
2021 1991 2275 2096 condempna-

851 2122 908 2200 cio
922 2119 1152 2226 supradicta,
1174 2121 1206 2197 si
1225 2120 1436 2226 reperiatur
1455 2117 1662 2225 culpabilis.

908 2252 1073 2332 Sabbato
1093 2269 1177 2358 post
1197 2253 1377 2331 Sanctum
1393 2251 1612 2358 Georgium.

907 2513 1132 2591 LXXXVIII.
1163 2510 1258 2589 Cum
1279 2512 1476 2617 episcopus
1500 2511 1793 2601 Lemovicensis,
1817 2541 2030 2619 proponens
2055 2529 2219 2590 castrum
2238 2528 2277 2587 et

852 2642 1104 2722 castellaniam
1122 2641 1168 2720 de
1185 2641 1417 2720 Combornio
1434 2669 1514 2720 esse
1530 2641 1576 2718 de
1600 2640 1713 2722 leodo
1728 2671 1814 2734 suo,
1832 2661 1925 2722 etse
1943 2662 2137 2750 tamquam
2158 2641 2277 2740 dom-i·

853 2804 946 2854 num
963 2774 1170 2862 feodalem,
1192 2802 1347 2851 manum
1366 2791 1402 2850 et
1422 2772 1598 2852 saisinam
1608 2801 1733 2864 suam,
1751 2775 1895 2854 dictum
1908 2775 2065 2854 feodum
2081 2803 2195 2852 suum
2203 2773 2279 2878 jus-

851 2904 1033 2995 ticiando,
1054 2904 1199 2983 ibidem
1218 2931 1261 2981 ex
1282 2919 1382 2982 certa
1395 2932 1505 2983 causa
1520 2904 1691 3011 posuisse
1707 2922 1744 2982 et
1756 2923 1906 2994 tenere,
1924 2935 1966 2984 ac
1982 2923 2113 3013 gentes
2132 2904 2277 2998 domini

854 3038 981 3145 Regis,
1003 3036 1213 3115 amovendo
1240 3035 1328 3112 inde
1355 3034 1445 3112 dicti
1472 3035 1636 3142 episcopi
1663 3064 1819 3114 manum
1843 3055 1881 3114 et
1898 3054 2047 3145 gentes,
2069 3028 2148 3114 sine
2169 3063 2277 3114 cause

854 3168 1092 3278 cognicione,
1117 3195 1272 3244 manum
1294 3165 1439 3243 domini
1461 3165 1571 3272 Regis
1592 3165 1736 3244 ibidem
1758 3169 1945 3274 posuisse,
1967 3168 2178 3274 requireret
2202 3166 2278 3244 dic·

853 3317 929 3376 tam
949 3327 1105 3376 manum
1122 3295 1267 3374 domini
1286 3296 1398 3402 Regis
1415 3295 1506 3372 inde
1526 3297 1690 3376 amoveri
1709 3315 1747 3376 et
1759 3325 1914 3376 manum
1931 3327 2037 3374 suam
2055 3297 2199 3374 ibidem
2219 3325 2277 3374 re-

853 3429 964 3534 poni;
979 3424 1156 3535 gentibus
1168 3424 1313 3502 domini
1329 3424 1440 3532 Regis
1454 3424 1584 3531 plures
1603 3426 1642 3502 in
1658 3430 1885 3506 contrarium
1905 3426 2205 3533 proponentibus
2220 3453 2277 3502 ra·
2353 3503 2357 3510 ,

856 3559 998 3644 cinnes,
1015 3555 1186 3646 tandem,
1202 3584 1316 3662 super
1330 3555 1533 3662 propositis
1549 3557 1635 3634 hinc
1650 3574 1688 3635 et
1702 3558 1808 3647 inde,
1827 3558 1994 3664 precepit
2010 3557 2187 3637 dominus
2200 3557 2276 3634 Rex

854 3688 1047 3767 veritatem
1069 3684 1228 3794 inquiri:
1251 3686 1424 3794 lnquesta
1442 3687 1558 3794 igitur
1577 3717 1690 3794 super
1710 3689 1783 3766 hiis
1808 3687 1901 3767 lacta
1921 3690 1996 3766 visa
2017 3705 2054 3766 et
2072 3687 2276 3794 diligenter
2305 3767 2313 3786 ‚

855 3819 1077 3907 examinata,
1092 3845 1160 3924 per
1175 3818 1276 3894 curie
1290 3836 1417 3896 nostre
1429 3817 1638 3924 judicium,
1660 3820 1803 3898 dictum
1823 3820 1894 3897 luit
1913 3819 2018 3924 quod
2033 3819 2129 3896 dicta
2146 3845 2277 3896 manus
2294 3911 2299 3918 Ι

856 3950 1001 4030 domini
1017 3949 1128 4056 Regis
1147 3949 1186 4025 in
1198 3949 1377 4058 predictis
1394 3967 1514 4050 castro
1530 3967 1569 4027 et
1583 3950 1811 4042 castellania,
1832 3969 1874 4029 ut
1888 3947 2111 4059 premissum
2129 3966 2203 4038 est,
2221 3979 2278 4056 ap

856 4080 991 4188 posita,
1013 4079 1102 4157 inde
1122 4079 1347 4169 retrahetur,
1375 4098 1413 4158 et
1432 4080 1523 4158 dicti
1545 4081 1709 4189 episcopi
1731 4110 1866 4160 manus
1886 4083 1926 4160 iu
1948 4098 2046 4160 statu
2068 4081 2204 4187 inquo
2225 4055 2276 4156 ibi

856 4228 949 4301 erat,
974 4228 1146 4319 tempore
1169 4211 1421 4320 apposicionis
1442 4211 1542 4289 dicte
1568 4241 1701 4291 manus
1727 4213 1853 4322 Regis,
1883 4228 2089 4319 reponetur
2115 4211 2275 4300 ibidem,

856 4341 955 4420 salvo
974 4343 1015 4419 iu
1032 4342 1210 4420 omnibus
1228 4371 1343 4450 super
1361 4343 1435 4421 hiis
1455 4360 1494 4420 et
1512 4343 1593 4422 aliis
1606 4343 1695 4451 jura
1716 4343 1863 4423 domini
1882 4345 2003 4452 Regis.

911 4474 952 4549 In
973 4472 1115 4551 octabis
1135 4473 1287 4552 Pasche.

912 4602 1019 4682 Creci
1037 4604 1248 4710 reportavit.

912 4865 1100 4943 LXXXIX.
1132 4866 1229 4945 Cum
1258 4868 1447 4947 londanus
1477 4871 1525 4946 de
1555 4869 1699 4961 Insula,
1732 4869 1860 4958 miles,
1891 4870 2118 4950 senescallus
2148 4885 2275 4948 noster

854 4993 1073 5074 bellicadri
1088 4999 1328 5090 etNemausi,
1344 5001 1483 5080 vocatis
1495 5018 1533 5078 et
1546 5002 1784 5110 presentibus
1797 5031 1922 5081 coram
1935 5003 2015 5109 ipso
2028 5001 2278 5080 Ianuensibus

853 5126 1028 5204 Nemausi
1048 5128 1385 5222 commorantibus,
1407 5134 1639 5239 exposuisset
1659 5131 1820 5224 eisdem,
1847 5160 1915 5241 pro
1936 5161 1975 5212 se
1996 5150 2036 5211 et
2054 5133 2165 5214 sociis
2180 5133 2276 5222 suis,

855 5255 1014 5361 qualiter
1036 5274 1217 5364 potestas,
1245 5257 1377 5351 abbas,
1403 5263 1548 5341 unciani
1574 5281 1611 5342 et
1636 5293 1839 5344 commune
1867 5263 2067 5344 consilium
2094 5265 2213 5342 Ianne
2236 5291 2279 5340 ac

856 5383 1053 5466 Octo-Viri
1069 5388 1238 5494 deputati
1255 5390 1478 5496 superfacto
1496 5393 1731 5472 roberiarum
1752 5395 2072 5476 restituendarum
2092 5411 2131 5473 et
2149 5421 2279 5472 emen-
