5817 7292
859 1111 906 1185 26
1442 1107 1534 1186 LES
1563 1105 1703 1185 OLIM.

634 1257 763 1312 1²⁸1wass
776 1255 819 1318 lv,
858 1250 1021 1356 modam
1047 1279 1131 1358 pars
1153 1249 1415 1358 Raouigetum,
1437 1251 1629 1345 Coeden,
1647 1245 1833 1341 ‚Berliem,
1856 1250 2060 1330 Hediuium
2080 1281 2165 1331 cum
2187 1283 2273 1362 per-

696 1347 757 1392 ¹m
857 1379 1032 1461 tineuciis
1051 1379 1144 1472 suis,
1166 1382 1196 1460 F
1199 1381 1361 1472 cubem,
1385 1378 1541 1462 Colonia
1560 1405 1648 1466 cum
1666 1382 1906 1489 pertinenciis
1926 1381 2169 1471 suis,·Kalila
2185 1414 2273 1464 cum

857 1513 1096 1619 pertinenciis
1122 1511 1218 1600 suis,
1245 1513 1650 1620 Berniules,.quedam
1671 1543 1755 1620 pars
1780 1514 1828 1592 de
1852 1515 1982 1594 Frenc.
2008 1511 2130 1592 Habet
2156 1514 2274 1594 eciam

857 1642 997 1750 prelata
1017 1643 1172 1730 ccclesia
1192 1657 1324 1735 terras,
1346 1645 1519 1751 hospites
1532 1643 1631 1724 circa
1649 1644 1864 1734 Belenum,
1886 1645 1988 1752 apud
2003 1644 2152 1737 Cluses,
2176 1648 2276 1753 apud

855 1776 1122 1884 Essiugehem,
1140 1775 1242 1882 apud
1259 1777 1550 1888 Hermerenges,
1576 1775 1916 1882 apud:Rilreuacre,
1942 1793 1980 1854 et
1998 1777 2039 1854 iu
2051 1774 2137 1854 aliis
2155 1776 2276 1883 pluri·

855 1907 928 1984 bus
950 1905 1060 1995 locis,
1084 1905 1183 2012 apud
1202 1904 1371 1994 Nivenicl
1392 1906 1603 1985 berlariam
1615 1919 1738 1988 'unam
1758 1927 1795 1986 et
1815 1906 1992 2015 hospites.
2014 1904 2055 1985 si
2075 1931 2165 2017 ergo
2185 1937 2275 1987 oon·

855 2038 973 2144 tingat
985 2035 1081 2114 iulra
1093 2034 1306 2118 dominium
1319 2035 1460 2142 prelato
1476 2036 1629 2118 ecclesie
1644 2037 1789 2145 aliquid
1803 2037 1979 2118 accidisse
1994 2038 2100 2143 quod
2113 2058 2277 2144 nequeat

857 2167 1061 2260 vindicare,
1085 2167 1143 2246 vel
1169 2167 1204 2244 ei
1230 2167 1376 2246 tedium
1404 2166 1553 2248 illatum
1575 2167 1704 2259 luisse,
1727 2199 1798 2279 ego
1818 2183 1857 2247 et
1880 2168 2055 2247 homines
2070 2168 2149 2245 mei
2175 2170 2275 2247 iudi·

856 2299 929 2378 late
956 2299 1151 2379 ecclesiam
1183 2299 1351 2405 quietare
1378 2313 1416 2376 et
1446 2298 1493 2376 ab
1521 2298 1624 2376 omni
1649 2299 1891 2380 infestaciouc
1918 2297 2125 2377 deffensare
2153 2316 2191 2375 et
2210 2301 2274 2406 jus

857 2460 968 2510 suum
985 2431 1173 2538 integrum
1190 2429 1222 2506 ei
1240 2429 1426 2508 debemus
1435 2453 1671 2521 conservare3
1688 2459 1759 2510 nec
1777 2428 1819 2507 id
1832 2446 1959 2506 tamen
1973 2428 2009 2506 ei
2022 2427 2142 2508 lacere
2157 2427 2274 2508 debe-

857 2591 962 2654 mus,
986 2562 1057 2642 nisi
1081 2560 1186 2667 prius
1210 2589 1231 2636 a
1249 2559 1444 2639 monacbis
1463 2557 1523 2638 vel
1546 2559 1594 2638 ab
1613 2587 1748 2638 eorum
1771 2559 1918 2638 nunciis
1938 2559 2056 2637 vocati
2077 2558 2272 2640 fuerimus.

857 2693 1051 2798 Cognosce
1073 2691 1191 2770 eciam
1206 2689 1312 2796 isuod
1330 2688 1505 2775 monachi
1526 2689 1707 2795 sepedicti
1726 2689 1890 2779 cenobii,
1906 2687 1965 2766 vel
1980 2716 2112 2773 eorum
2133 2690 2273 2780 nuncii,

856 2851 925 2902 nec
948 2841 1156 2903 traversum
1182 2848 1253 2899 uec
1279 2819 1482 2930 pedagium
1507 2847 1579 2896 nec
1604 2819 1769 2926 aliquam
1795 2815 2110 2896 consuetudinem
2133 2817 2276 2896 debent

857 2955 951 3034 iufra
969 2956 1154 3036 terminos
1173 2952 1372 3031 comitatus
1388 2949 1557 3030 Bolanis.
1579 2951 1767 3036 Preterea,
1785 2946 1970 3055 quicquid
1981 2949 2178 3036 monachis
2194 2977 2278 3057 pre·

857 3104 976 3166 taxato
998 3084 1170 3172 ecclesie,
1189 3083 1250 3190 pia
1265 3082 1469 3162 devocione
1490 3077 1682 3171 fidelium,
1702 3079 1878 3188 largitum
1893 3077 2080 3159 fueritvel
2095 3081 2134 3156 in
2147 3079 2277 3160 futuro

859 3215 1074 3306 donabitur,
1104 3209 1164 3288 vel
1190 3208 1374 3315 quicquid
1399 3206 1471 3284 sibi
1501 3207 1541 3282 in
1572 3207 1729 3287 decimis
1762 3236 1975 3314 comparare
1999 3207 2058 3288 vel
2090 3209 2277 3290 invadiare

857 3345 1072 3453 potuerint,
1099 3355 1284 3447 quantum
1309 3337 1358 3416 ad
1384 3365 1446 3417 me
1469 3337 1651 3443 pertinet,
1679 3337 1732 3416 eis
1751 3339 1799 3416 ad
1818 3367 1971 3444 presens
1992 3358 2030 3420 et
2046 3341 2088 3418 iu
2106 3339 2278 3420 luturum

858 3474 1045 3562 couced03
1070 3498 1184 3550 novas
1205 3466 1499 3549 consuetudines
1515 3465 1610 3548 infra
1626 3484 1743 3548 terras
1762 3497 1896 3549 corum
1916 3469 1975 3550 vel
1988 3498 2143 3550 nemora
2159 3472 2275 3550 michi

857 3608 916 3686 vel
936 3605 1018 3684 aliis
1038 3603 1159 3682 lacere
1179 3599 1357 3690 excludo;
1378 3600 1581 3678 asiameuta
1596 3616 1696 3678 terre
1709 3627 1796 3680 mee
1814 3601 1885 3709 ipsi
1900 3619 1940 3682 et
1953 3601 2128 3682 homines
2142 3629 2275 3694 eorum

857 3739 1018 3847 ubique,
1045 3734 1141 3812 sicut
1164 3735 1212 3812 ab
1231 3733 1385 3841 antiquo
1409 3748 1699 3821 consueverunt,
1721 3733 1932 3825 habebunt,
1955 3734 1996 3812 iu
2016 3732 2274 3840 expedicione,

858 3871 1167 3950 communitatem
1184 3866 1306 3946 tocius
1324 3864 1521 3944 comitatus
1534 3864 1642 3971 sequi
1655 3863 1851 3946 debebunt
1865 3864 2040 3945 homiues
2053 3861 2226 3956 ecclesie,
2241 3881 2279 3940 et
2300 3862 2303 3868 ’

860 4003 898 4078 in
926 4001 1105 4083 omnibus
1127 3998 1297 4076 bannum
1317 3995 1461 4074 abbatis
1481 4011 1624 4075 tenere.
1649 3995 1697 4071 Ut
1716 4023 1805 4105 ergo
1824 4011 2099 4102 prememorate
2123 3993 2279 4074 ecclesie

860 4133 1013 4214 libertas
1032 4131 1181 4240 cognita
1200 4127 1451 4236 inviolataque
1474 4127 1514 4204 in
1532 4126 1670 4206 suturis
1684 4128 1939 4233 temporibus,
1958 4145 2034 4209 tam
2053 4155 2152 4204 arne
2166 4153 2278 4233 msam

858 4297 878 4342 a
900 4263 1180 4346 successoribus
1204 4247 1317 4351 meis,
1339 4272 1571 4374 permaneat,
1592 4259 1776 4365 quicquid
1792 4257 1833 4340 iu
1852 4259 2018 4364 presenti
2036 4237 2170 4368 pagiua
2189 4285 2279 4337 con-
2324 4260 2328 4268 '
2369 4297 2376 4310 ·

859 4396 1003 4474 sinetur
1022 4397 1056 4474 ei
1077 4395 1117 4471 iu
1137 4409 1365 4501 perpetuum
1389 4391 1516 4498 quiete
1535 4389 1702 4468 concedo
1721 4389 1994 4496 possidendum
2014 4407 2052 4469 et
2071 4388 2276 4475 confirmet

860 4527 908 4602 ad
926 4525 1109 4632 majorem
1130 4522 1499 4610 corroboracionem,
1521 4519 1687 4628 sigillum
1715 4549 1845 4604 meum
1871 4549 2035 4629 appono,
2063 4540 2102 4600 et
2126 4520 2277 4598 testium

860 4655 1097 4763 presencium
1113 4652 1267 4733 nomina
1287 4641 1529 4734 subscribere¹
1543 4651 1655 4743 facio,
1678 4653 1844 4734 Cononis
1863 4653 1911 4733 de
1926 4650 2095 4739 Fieules,
2114 4645 2275 4727 Eustacii

861 4805 898 4865 et
910 4783 1254 4894 Rogerii,filioru1n
1268 4783 1364 4892 ejus,
1376 4782 1551 4866 Balduiui
1564 4783 1612 4861 de
1623 4783 1817 4873 Ostruicb,
1831 4782 2020 4864 Willermi
2031 4777 2274 4864 vicecomitis,
2406 4763 2409 4768 ¹

860 4920 1025 5000 Manasse
1056 4916 1103 4993 de
1134 4914 1257 5004 setes,
1288 4913 1460 4998 Gaulridi
1487 4915 1676 5004 Pisceme,
1707 4912 1892 4996 Gesseliui
1920 4911 1971 4992 de
1995 4909 2111 4990 Odre.
2142 4906 2276 4986 Actum

859 5077 955 5128 auno
979 5047 1092 5128 Verbi
1113 5045 1289 5128 incarnati
1309 5045 1513 5128 millesimo
1532 5047 1736 5130 centesimo
1757 5040 2000 5134 duodecimo,
2020 5069 2149 5122 mense
2163 5036 2274 5118 lulio.

855 5185 995 5264 Datum
1013 5178 1213 5261 Bolouie.»

915 5311 1093 5418 Sequitur
1111 5327 1223 5390 tenor
1242 5311 1408 5392 secunde
1429 5327 1545 5400 carte,
1566 5309 1689 5388 littere
1708 5305 1767 5386 vel
1785 5304 1981 5415 privilegii.

917 5444 1131 5534 «Mothous,
1166 5441 1324 5520 Bolonie
1356 5471 1498 5527 comes,
1527 5439 1703 5520 omnibus
1723 5435 1771 5514 ad
1794 5465 1892 5544 quos
1914 5463 2070 5543 presens
2097 5433 2277 5541 scriptum
