5817 7292
1011 1093 1595 1202 nuoutrnsn‘rrnocns.
1938 1114 2011 1189 ost

596 1276 675 1329 non
699 1248 839 1344 existit,
859 1252 1118 1332 omnimodam
1142 1253 1256 1331 altam
1276 1272 1315 1333 et
1331 1254 1478 1335 bassam
1492 1252 1683 1363 justiciam
1701 1253 1744 1331 in
1771 1252 1875 1333 dicto
1894 1272 2015 1335 maun
2051 1262 2240 1328 tumult,

597 1396 635 1459 et
648 1380 729 1489 ejus
737 1382 995 1487 pertinenciis,
1012 1401 1211 1493 essentque
1222 1385 1262 1462 in
1275 1386 1509 1493 possessione
1521 1384 1692 1495 ejusd
1700 1385 1869 1493 justicie,
1883 1402 2015 1495 gentes
2113 1352 2177 1399 m

597 1528 724 1591 nostre
745 1514 936 1593 senescalli
952 1516 1224 1607 Ruthcnensis,
1243 1516 1291 1595 de
1305 1518 1541 1625 possessione
1561 1516 1660 1595 dicte
1671 1514 1842 1624 justicie,
1860 1534 2015 1623 excepte

597 1640 681 1721 loco
696 1641 763 1751 qui
784 1662 839 1723 est
858 1644 955 1724 infra
971 1647 1180 1725 clausuram
1202 1647 1293 1726 dicti
1313 1650 1440 1737 castri,
1459 1650 1539 1725 sine
1557 1676 1667 1725 cause
1682 1646 1919 1757 cognicione,
1942 1646 2017 1724 dis-

597 1773 798 1854 saisierum
824 1777 979 1857 eosdem
1008 1794 1048 1856 et
1071 1778 1244 1857 detinent
1262 1778 1487 1869 dissaisitcs,
1514 1795 1555 1855 et
1571 1777 1669 1855 inira
1694 1776 1905 1855 clausuram
1929 1804 2018 1883 pre-

598 1902 735 1981 dictam
759 1924 926 1985 nostram
953 1908 1119 1991 assisiam
1144 1924 1353 1988 tenuerunt
1379 1908 1552 1987 indebite
1572 1924 1613 1985 et
1630 1908 1679 1985 de
1703 1934 1818 1997 novo,
1846 1934 1934 1996 nos,
1967 1908 2017 1985 ad

597 2060 731 2113 eorum
757 2035 994 2129 instanciam,
1014 2056 1092 2117 tres
1108 2039 1393 2119 commissiones
1417 2037 1622 2117 senescallo
1649 2036 1882 2115 Rutbenensi
1906 2064 2019 2144 super

595 2159 671 2239 hoc
697 2164 869 2243 misimus
894 2168 1116 2258 successive,
1138 2170 1358 2247 mandantes
1378 2169 1504 2246 eidem
1524 2168 1632 2276 quod
1650 2166 1699 2245 de
1716 2166 1928 2273 premissis,
1952 2195 2018 2245 vo·

594 2306 677 2368 osto
691 2310 934 2399 procuratore
949 2313 1079 2375 noenu
1096 2314 1135 2376 et
1152 2298 1235 2377 aliis
1249 2299 1463 2388 evocandis,
1479 2326 1632 2377 necnon
1649 2326 1765 2405 super
1780 2298 1905 2375 calore
1924 2297 2016 2377 dcci

594 2422 705 2501 castri
732 2439 770 2501 et
796 2425 1113 2530 pertinenciarum
1140 2427 1327 2534 ejusdem,
1353 2447 1392 2506 et
1419 2445 1548 2505 utrum
1577 2428 1742 2533 quedam
1768 2428 2014 2533 composicio,

594 2580 710 2661 quarn
739 2556 899 2661 predicti
929 2556 1149 2635 condomini
1181 2558 1272 2635 dicti
1300 2558 1408 2635 castri
1436 2556 1637 2636 nobiscum
1665 2556 1786 2635 facere
1817 2556 2015 2646 solebant,

594 2700 738 2787 posset,
762 2684 843 2767 sine
859 2705 990 2767 nostro
1010 2705 1050 2766 et
1072 2688 1197 2767 alieno
1219 2687 1439 2797 prejudicio,
1466 2688 1566 2778 fieri,
1592 2686 1787 2774 veritatem
1809 2687 2018 2795 inquireret

596 2814 810 2924 diligenter,
833 2836 871 2897 et
894 2820 1109 2927 inquestam
1128 2848 1242 2928 quam
1263 2820 1352 2899 inde
1376 2820 1515 2900 laceret
1537 2821 1587 2899 ad
1604 2837 1772 2899 nostram
1789 2820 1935 2897 curiam
1957 2846 2017 2897 re·

596 2945 765 3025 mitteret
781 2948 1055 3057 judicandam:
1081 2952 1190 3029 Facta
1213 2948 1330 3059 igitur
1355 2950 1528 3059 inquesta
1550 2980 1667 3059 super
1687 2950 1880 3059 premissis
1905 2966 1945 3028 et
1967 2950 2016 3029 ad
2053 3030 2057 3035 .

594 3092 761 3157 nostram
779 3079 921 3158 curiam
943 3098 1131 3188 reportata
1147 3110 1192 3161 ac
1210 3082 1413 3189 diligenter
1431 3083 1616 3189 inspecta,
1636 3082 1725 3189 qnia
1744 3110 1814 3193 per
1833 3110 1916 3161 eam
1935 3108 2015 3161 non

594 3225 748 3315 apparet
774 3211 880 3317 quod
909 3212 1029 3291 vocati
1058 3212 1201 3291 liserim
1227 3213 1276 3292 sd
1302 3214 1375 3293 hoc
1403 3230 1624 3322 procurator
1645 3231 1775 3291 noster
1797 3229 1838 3291 et
1860 3212 1924 3290 alii
1947 3212 2015 3319 qni

592 3334 744 3415 lucram
761 3342 960 3434 evocandi,
981 3370 1054 3421 nec
1071 3343 1149 3423 litis
1167 3346 1485 3423 contestrcionem
1509 3344 1550 3421 in
1572 3370 1616 3421 ee
1634 3343 1750 3421 firisse
1772 3342 1923 3430 fictam,
1944 3369 2016 3420 nec

593 3469 759 3550 articulis
784 3473 1103 3553 condominorum
1128 3474 1387 3581 predictomm
1411 3490 1542 3552 mntra
1562 3500 1633 3551 nos
1656 3472 1806 3551 traditis
1837 3498 1907 3577 per
1928 3498 2016 3578 pro·

593 3615 805 3680 curatorem
827 3620 1000 3681 nostrum
1018 3603 1135 3681 fuisse
1153 3632 1397 3711 responsum,
1417 3604 1536 3681 immo
1551 3602 1649 3710 juris
1668 3602 1844 3680 ordinem
1863 3600 1904 3678 in
1923 3600 2017 3679 mul·

593 3728 644 3807 tis
661 3726 743 3807 aliis
757 3758 834 3807 non
850 3730 967 3809 luisse
985 3749 1189 3822 servatum,
1208 3760 1276 3838 per
1291 3732 1395 3811 curie
1415 3749 1542 3809 nostre
1557 3730 1763 3837 judicium,
1778 3729 1925 3805 dictum
1943 3728 2018 3807 luit

595 3859 802 3967 predictam
822 3858 1036 3967 inquestam
1061 3856 1202 3939 dehere
1224 3858 1328 3939 relici
1347 3888 1417 3967 per
1436 3877 1560 3938 certos
1576 3857 1851 3935 commissarios
1872 3857 1922 3933 ad
1943 3857 2017 3937 hoc

596 4018 618 4067 a
635 4008 762 4071 nostra
781 3992 883 4069 curia
900 3989 1148 4097 deputandos.

507 4200 512 4207 .
652 4120 827 4201 Mercurii
846 4119 1024 4226 predicta.

652 4254 704 4331 Μ.
722 4252 768 4333 G.
790 4252 839 4331 de
853 4253 948 4330 Usco
966 4250 1178 4359 reportavit.

652 4384 735 4465 Non
755 4400 812 4463 est
826 4380 922 4463 lacta
936 4383 1166 4475 commissio,
1184 4383 1273 4493 qnia
1293 4380 1423 4461 nullus
1441 4381 1549 4491 petit.

650 4648 727 4729 LV.
757 4646 860 4727 Mota
872 4647 956 4739 lite,
970 4674 1095 4725 coram
1108 4645 1300 4756 preposito
1313 4642 1527 4735 Parisiensi,
1545 4643 1647 4721 inter
1659 4640 1815 4720 Petrum
1831 4639 1882 4719 de
1896 4638 2017 4717 Ponti·

595 4806 676 4857 sara
686 4779 988 4870 etLeurenciam,
1002 4778 1084 4889 ejus
1093 4793 1262 4869 uxorem,
1275 4804 1345 4885 pro
1355 4802 1413 4867 se,
1428 4774 1621 4855 etdictum
1629 4772 1794 4863 Petrum,
1806 4786 2018 4850 mucorem

596 4908 726 4991 datum
740 4909 870 4989 liberis
882 4908 1049 5018 magistri
1064 4908 1263 4989 Guillelmi
1274 4906 1414 4987 loliani
1431 4906 1647 4985 minoribns
1658 4903 1784 4994 annis,
1799 4918 1960 4991 ammes,
1973 4899 2016 4977 in

595 5058 777 5147 qnantum
796 5040 917 5151 tangit
935 5038 1146 5149 quemlibet
1164 5038 1352 5147 ipsorum,
1370 5064 1414 5117 ex
1427 5064 1504 5115 una
1520 5052 1644 5145 parte,
1661 5032 1923 5115 etlehannem
1939 5028 2018 5109 dic·

595 5170 872 5251 tnmChacerat
885 5188 924 5252 et
938 5174 1151 5251 lohannam
1164 5170 1203 5249 la
1214 5166 1479 5258 Chasubliere,
1492 5166 1811 5277 ganntisatricem
1824 5163 1943 5272 ipsius
1956 5160 2018 5239 lc·

598 5296 748 5391 hannis,
763 5302 992 5394 defensores,
1007 5330 1052 5381 cx
1065 5303 1136 5381 alia
1144 5318 1262 5411 parte,
1279 5326 1393 5410 super
1403 5326 1451 5379 eo
1463 5298 1571 5407 quod
1583 5298 1675 5377 disti
1688 5314 1845 5387 actores,
1861 5290 2017 5371 nomine

599 5454 675 5535 quo
693 5457 822 5537 supra,
838 5433 1123 5543 proponebant,
1144 5462 1270 5525 coram
1284 5431 1386 5513 dicto
1402 5430 1613 5541 preposito,
1629 5444 1757 5509 conns
1771 5425 1895 5503 dictos
1911 5447 2016 5511 reos,

1841 5577 1891 5658 87.
