5817 7292
883 1184 954 1256 168
1458 1182 1549 1256 LES
1579 1182 1717 1259 OLIM.

656 1332 787 1389 aarum
800 1332 844 1397 Ν.
877 1351 993 1431 gono,
1019 1322 1198 1401 clericum
1224 1339 1411 1414 nostrum,
1436 1324 1644 1432 garandum
1671 1324 1857 1401 dictorum
1877 1300 2163 1435 religiosorum,
2185 1344 2223 1405 et
2240 1328 2304 1406 At-

714 1424 775 1467 lm'
876 1454 1060 1531 maricum
1086 1453 1134 1532 de
1158 1453 1381 1562 Broysellis‚
1409 1453 1498 1531 dicti
1529 1454 1696 1564 magistri
1718 1453 1872 1533 Pariseti
1899 1459 2128 1562 garandum,
2155 1485 2304 1538 necnon

877 1585 1037 1665 heredes
1057 1584 1223 1663 defuncti
1243 1584 1395 1663 Roberti
1418 1585 1465 1662 de
1486 1587 1654 1675 Moneta,
1677 1586 1716 1662 in
1737 1603 1921 1692 quantum
1941 1588 2153 1698 quemlibet
2171 1619 2305 1668 eorum

876 1735 1027 1825 tangore
1043 1733 1184 1824 potest,
1197 1733 1275 1794 tam
1295 1715 1528 1822 conjunctim
1543 1743 1657 1822 quam
1671 1715 1837 1808 divisim,
1859 1746 1904 1795 ex
1922 1718 2054 1811 altera,
2076 1738 2157 1797 orta
2176 1719 2307 1799 hrissct
2362 1806 2369 1829 ι

876 1846 1032 1925 materia
1051 1847 1259 1955 questionis
1286 1874 1398 1952 super
1427 1875 1474 1924 eo
1501 1847 1606 1953 quod
1631 1846 1754 1924 dictus
1778 1850 1957 1957 magister
1985 1851 2146 1928 Michael
2176 1852 2305 1931 vendi-

877 1980 1024 2056 cionem
1048 1978 1199 2086 grangie
1220 1977 1267 2055 de
1290 1975 1619 2067 Grandainvillari,
1638 2006 1724 2054 cum
1750 1980 1928 2058 omnihus
1947 1982 2029 2089 ejus
2043 1983 2301 2089 pertinenciis,

876 2111 986 2188 sitam
1012 2112 1052 2187 in
1085 2108 1295 2186 castellania
1320 2108 1682 2199 Montis-Letherici,
1711 2107 1847 2186 factam
1881 2110 2007 2188 eidem
2038 2112 2211 2190 Michaeli
2234 2143 2303 2220 per

877 2240 1110 2349 prepositum
1126 2238 1489 2328 Montis-Letherici,
1510 2265 1579 2345 pro
1595 2236 1763 2316 iacienda
1784 2242 2006 2319 execucione
2027 2242 2220 2350 cujusdam
2239 2243 2303 2321 lit-

877 2389 974 2461 terc,
997 2371 1120 2478 sigillo
1140 2370 1374 2478 prepositure
1393 2367 1611 2445 Parisiensis
1630 2368 1808 2477 sigillato,
1830 2370 1870 2447 in
1889 2400 1963 2479 qua
1982 2370 2104 2449 dictus
2125 2374 2303 2479 magister

877 2502 1038 2581 Michael
1057 2500 1246 2579 confessus
1262 2500 1383 2578 suerat
1403 2526 1443 2575 se
1462 2499 1586 2575 teneri
1597 2500 1701 2577 dicto
1716 2501 1899 2592 Roherto,
1918 2530 1963 2579 ex
1983 2532 2091 2581 causa
2104 2504 2243 2594 mutui,
2261 2504 2303 2580 in

877 2632 1110 2738 septuaginta
1133 2628 1240 2707 libris
1254 2628 1541 2721 Parisiensihus,
1562 2628 1736 2736 pluribus
1759 2631 1973 2710 nacionibus
1992 2635 2144 2740 petebat
2163 2650 2303 2711 retrac-

875 2762 945 2839 tari
970 2788 1040 2838 seu
1063 2760 1207 2837 nullam
1233 2760 1489 2868 pronunciari,
1517 2777 1556 2837 et
1577 2759 1716 2839 dictam
1741 2762 1958 2868 granchiam
1983 2794 2067 2843 cum
2091 2764 2168 2842 suis
2189 2765 2303 2872 perti-

876 2891 1019 2970 nenciis
1034 2891 1104 2968 sihi
1118 2890 1229 2969 reddi
1246 2908 1285 2969 et
1299 2890 1519 2981 deliberari,
1536 2908 1640 2997 parte
1659 2893 1827 2984 adversa,
1845 2893 2019 3003 pluribus
2032 2895 2262 2985 nacionibus,
2281 2924 2301 2973 e

876 3023 1062 3101 contrario
1082 3040 1317 3129 proponente
1338 3022 1483 3101 dictum
1502 3021 1726 3101 Michaelem
1742 3053 1820 3102 non
1838 3052 1919 3103 esse
1935 3055 2047 3133 super
2058 3025 2134 3103 hoc
2147 3025 2303 3103 audien·

771 3136 775 3149 ’
877 3154 1188 3243 duszandem,
1211 3152 1349 3231 auditis
1373 3154 1542 3260 parcium
1559 3153 1774 3232 racionibus
1787 3154 1878 3232 hinc
1896 3155 2055 3245 etinde,
2078 3174 2117 3233 et
2131 3157 2302 3263 inquesta

875 3314 989 3392 super
1004 3286 1078 3364 hoc
1092 3283 1205 3375 facta,
1223 3284 1298 3363 visa
1314 3301 1352 3361 et
1368 3282 1571 3390 diligenter
1586 3280 1986 3390 examinata,'predicti
1999 3284 2185 3393 religiosi,
2203 3286 2303 3364 Pari-

876 3435 996 3507 setus,
1011 3415 1218 3494 Almaricus
1230 3432 1268 3492 et
1282 3413 1444 3492 heredes
1461 3412 1552 3490 dicti
1568 3412 1739 3506 Roherti,
1755 3441 1824 3519 per
1836 3414 1940 3491 curie
1955 3432 2083 3493 nostre
2091 3414 2299 3523 judicium,

874 3549 921 3627 ab
932 3547 1172 3655 impeticione
1188 3541 1355 3650 predicta
1364 3543 1455 3622 dicti
1466 3541 1659 3624 Michaelis
1670 3542 1949 3622 sentencialiter
1958 3544 2122 3624 absoluti
2133 3544 2298 3624 fuerumt.

931 3680 1088 3761 Veneris
1102 3692 1186 3755 ante
1200 3674 1499 3758 Penthecostem,

931 3811 1111 3891 Gorintus
1127 3806 1339 3916 reportavit.

930 4076 1054 4153 XXIII.
1086 4076 1182 4154 Cum
1194 4076 1236 4152 in
1248 4074 1350 4153 curia
1361 4092 1488 4154 nostra
1499 4091 1602 4152 mota
1611 4072 1744 4152 ftrisset
1756 4074 2008 4152 controversia
2017 4074 2117 4151 inter
2125 4073 2300 4151 homines

874 4208 922 4287 de
947 4206 1138 4299 Bonnuel,
1167 4224 1337 4313 exparte
1362 4234 1458 4296 una,
1486 4221 1524 4284 et
1547 4204 1796 4285 Guillelmum
1826 4206 1872 4283 de
1897 4207 2068 4313 Moyaco,
2089 4222 2300 4283 curatorem

873 4339 1054 4417 Iohannis
1074 4338 1122 4415 de
1145 4340 1316 4447 Moyaco,
1339 4337 1485 4429 militis,
1508 4338 1589 4446 ejus
1609 4336 1741 4445 patris,
1766 4337 1924 4414 nomine
1950 4338 2139 4454 curatorio
2163 4336 2297 4443 ipsius,

875 4498 919 4547 ex
934 4469 1068 4559 altera,
1087 4470 1128 4546 in
1143 4498 1258 4547 causa
1276 4468 1542 4576 appellacionis
1556 4469 1606 4546 ad
1621 4497 1690 4546 nos
1705 4468 1926 4576 interposite
1945 4498 2014 4576 per
2031 4469 2175 4546 dictum
2195 4496 2300 4545 cura-

874 4618 997 4679 torem
1018 4630 1038 4677 a
1062 4601 1228 4708 quodam
1243 4601 1414 4708 judicato
1434 4629 1503 4707 per
1528 4600 1648 4677 dictos
1670 4599 1845 4678 homines
1870 4600 2031 4679 incuria
2056 4599 2299 4677 dominorum

875 4730 923 4808 de
954 4730 1127 4810 Bonnnel
1147 4748 1274 4807 contra
1304 4731 1429 4838 ipsum
1455 4728 1551 4807 facto
1576 4759 1645 4835 pro
1671 4730 1824 4807 domina
1854 4732 1902 4808 de
1930 4733 2064 4838 Raray,
2085 4728 2213 4808 relicta
2234 4728 2301 4806 de-

875 4860 991 4939 functi
1011 4863 1110 4940 Petri
1131 4862 1178 4940 de
1194 4863 1367 4971 Moyaco,
1382 4860 1530 4951 militis,
1552 4890 1667 4968 super
1681 4862 1816 4939 saisina
1831 4877 1931 4938 terre
1949 4862 1995 4939 de
2010 4859 2248 4938 Ausonviller
2263 4877 2302 4938 et

873 4994 1191 5098 pertinenciarum
1213 4994 1383 5102 ejusdem
1405 5022 1414 5067 ε
1435 4993 1625 5080 Tandem,
1643 4991 1781 5069 auditis
1800 4992 2014 5070 racionibus
2033 4994 2200 5099 parcium
2216 5018 2301 5098 pre-

875 5124 1058 5201 dictarum
1071 5125 1192 5202 etvisa
1206 5125 1377 5231 inquesta
1391 5152 1505 5229 super
1517 5122 1590 5201 hoc
1603 5122 1717 5211 sacta,
1735 5152 1777 5198 ac
1791 5139 1872 5199 toto
1884 5151 2060 5229 processu
2075 5123 2174 5199 dicte
2189 5148 2300 5198 cause

875 5255 1043 5361 inspecto
1065 5273 1103 5331 et
1122 5254 1322 5362 diligenter
1338 5254 1567 5343 examinate,
1585 5283 1654 5362 per
1668 5254 1772 5330 curie
1792 5269 1918 5327 nostre
1929 5252 2134 5356 judicium,
2156 5250 2298 5327 dictum

872 5386 947 5464 luit
971 5404 1008 5463 et
1027 5388 1316 5493 pronunciatum
1340 5386 1529 5494 predictos
1558 5386 1732 5462 homines
1756 5384 1854 5460 bene
1869 5382 2072 5488 judicasse,
2092 5397 2130 5459 et
2156 5382 2298 5459 dictum

873 5536 1086 5596 curatorem
1100 5517 1198 5595 male
1214 5518 1438 5627 appellasse,
1456 5517 1611 5625 etquod
1629 5516 1709 5620 ipse
1728 5514 1801 5589 hoc
1820 5510 2047 5609 emendabit.
