5817 7292
867 1147 913 1216 76
1448 1142 1539 1215 LES
1564 1143 1704 1218 OLIM.

640 1295 825 1359 Pnuurer.
920 1286 963 1362 V.
995 1287 1167 1392 lnquesta
1192 1311 1262 1389 pro
1286 1281 1495 1362 Guillelmo
1518 1284 1568 1361 de
1598 1285 1784 1374 Daurato'‚
1816 1283 2034 1375 domicello,
2059 1314 2170 1391 super
2188 1309 2285 1396 qua-

701 1386 762 1430 1³⁰1.

864 1415 952 1492 darn
972 1415 1220 1493 associacione
1240 1412 1334 1491 facta
1353 1414 1452 1490 inter
1471 1443 1560 1493 suos
1573 1415 1856 1522 predecessores
1872 1433 1911 1492 et
1924 1415 2118 1521 quondam
2132 1418 2285 1496 Francie

863 1575 1009 1655 regem,
1032 1545 1125 1622 facta
1145 1574 1213 1651 per
1236 1544 1476 1622 castellanum
1498 1547 1546 1622 de
1566 1546 1783 1637 Hermeinc‚
1807 1546 1854 1622 de
1873 1546 2050 1624 mandato
2073 1546 2201 1623 ballivi
2219 1547 2288 1624 Ar·

863 1677 1005 1766 vemie‚
1028 1678 1093 1782 qui
1114 1675 1420 1753 commissionem
1441 1675 1588 1752 domini
1607 1676 1719 1784 Regis
1738 1676 1851 1782 super
1870 1676 1944 1752 hoc
1955 1693 2164 1782 receperat,
2182 1707 2291 1784 prop·

862 1827 920 1885 ter
941 1808 1020 1916 ejus
1045 1805 1226 1884 deffectus
1246 1832 1323 1882 non
1344 1804 1415 1881 luit
1429 1805 1611 1910 judicata,
1635 1823 1673 1882 et
1698 1806 1858 1883 maxime
1878 1835 1947 1912 pro
1967 1835 2013 1884 eo
2041 1808 2147 1914 quod
2167 1809 2288 1886 dictus

862 1938 1020 2016 ballivus
1040 1967 1118 2015 non
1137 1935 1264 2043 potuit
1283 1935 1538 2024 committere,
1560 1965 1630 2013 nec
1645 1956 1798 2043 apparet
1813 1938 1917 2044 quod
1935 1937 1988 2014 ibi
2011 1956 2161 2016 vocatus
2176 1939 2288 2016 fuerit

832 2131 834 2138 .
862 2068 997 2176 aliquis
1017 2095 1086 2172 pro
1107 2066 1263 2143 domino
1283 2066 1395 2170 Rege.

920 2198 1083 2277 Sabbato
1103 2215 1188 2303 post
1206 2195 1440 2272 Nativitatem
1460 2196 1625 2274 Domini.

919 2333 966 2406 Et
986 2329 1079 2405 dixit
1101 2329 1203 2405 curia
1222 2328 1327 2435 quod
1347 2328 1564 2406 commissio
1583 2329 1673 2405 dicti
1693 2328 1889 2408 Guillelmi
1911 2357 2024 2435 super
2043 2331 2116 2408 hoc
2135 2361 2202 2438 per
2222 2361 2287 2408 cu-

864 2463 958 2537 riam
978 2487 1055 2537 non
1075 2458 1327 2537 renovabitur.

920 2724 980 2802 Vl.
1012 2723 1098 2801 Visa
1124 2724 1315 2831 inquom,
1342 2721 1390 2799 ad
1414 2721 1635 2800 instanciam
1657 2724 1809 2801 Henrici
1833 2724 1882 2799 de
1904 2723 2021 2802 Bobic
2039 2722 2152 2813 lacta,
2174 2751 2287 2828 snper

865 2855 1094 2960 quibusdam
1114 2852 1341 2959 attemptatis
1360 2871 1446 2958 post
1465 2853 1763 2961 appellacionem
1783 2853 1830 2930 ab
1853 2854 1935 2959 ipso
1958 2853 2214 2958 interpositam
2242 2852 2289 2927 de

865 2987 1005 3093 quibus
1034 2984 1336 3093 conquerebatur
1365 2985 1412 3062 de
1436 2986 1611 3092 episcopo
1640 2985 1846 3077 Leonensi,
1877 2985 2074 3061 inventum
2103 2983 2291 3090 estquod

743 3179 744 3184 ,
864 3117 960 3222 ipse,
974 3134 1060 3223 post
1072 3115 1370 3223 appellacionem
1386 3145 1510 3204 suam,
1526 3116 1725 3193 desaisitus
1738 3115 1811 3192 fuit
1823 3114 1870 3191 de
1884 3115 2112 3221 quibusdam
2129 3113 2239 3191 terris
2254 3130 2292 3189 et

864 3246 975 3324 bonis
992 3262 1204 3353 pergentes
1218 3244 1307 3320 dicti
1326 3245 1507 3349 episcopi,
1528 3261 1567 3320 et
1583 3245 1688 3349 quod
1707 3245 1792 3349 ipse=
1803 3246 1987 3322 Henricus
2000 3261 2087 3351 post
2104 3244 2205 3320 eade
2220 3245 2293 3321 dic·

863 3377 912 3452 tis
926 3375 1036 3452 terris
1056 3391 1094 3450 et
1110 3374 1220 3450 bonis
1239 3372 1312 3448 luit
1328 3373 1535 3462 resaisitus3
1555 3373 1657 3448 unde
1676 3371 1897 3450 mandatum
1917 3390 1973 3449 est
1994 3373 2080 3449 duci
2100 3374 2292 3449 Britannie

866 3504 971 3611 quod
989 3503 1167 3579 eumdem
1186 3501 1391 3578 Henricum
1409 3530 1527 3578 manu
1545 3519 1674 3579 teneat
1691 3503 1732 3578 in
1750 3502 1883 3579 saisina
1905 3530 1993 3594 sua,
2017 3503 2207 3607 pendente
2227 3531 2293 3607 ap-

866 3635 1073 3743 pellacioue
1091 3633 1276 3743 predicta,
1300 3661 1370 3710 uec
1388 3633 1583 3740 permittat
1599 3632 1744 3739 aliquid
1762 3648 1892 3711 contra
1909 3661 1996 3712 eum
2014 3633 2227 3738 attemptari
2250 3632 2290 3707 in

867 3765 1119 3876 prejudicium
1138 3763 1405 3871 appellacionis
1421 3765 1602 3870 predicte.

921 3898 1183 4003 Venerispost
1193 3894 1429 3973 Nativitatem
1441 3895 1610 3972 Domini.

845 4193 848 4200 ’
923 4163 999 4243 Vll.
1029 4161 1197 4238 Thomas
1208 4159 1332 4268 Egidii
1346 4159 1393 4237 de
1404 4159 1584 4250 Vitriaco,
1601 4187 1716 4266 super
1729 4176 1852 4237 morte
1865 4160 2055 4248 lohanne,
2069 4157 2196 4236 uxoris
2206 4186 2289 4248 sue,

867 4293 955 4382 fuit,
984 4308 1170 4398 quantum
1187 4289 1236 4367 ad
1254 4290 1412 4383 curiam,
1442 4290 1655 4382 absolutus,
1681 4307 1796 4397 prout
1821 4291 1861 4366 in
1885 4288 2012 4368 rotulo
2035 4290 2150 4397 hujus
2176 4286 2293 4394 parla-

870 4423 987 4498 menti
1009 4411 1160 4527 pl‘enius
1180 4422 1410 4500 continetur.

925 4552 967 4627 In
983 4552 1143 4630 crastino
1163 4551 1383 4662 Epiphanio.

925 4814 1016 4891 vfll.
1047 4813 1134 4891 Visa
1152 4810 1423 4889 informacione
1449 4841 1516 4918 per
1533 4812 1782 4893 senescallum
1800 4814 2053 4891 Pictavensem
2068 4809 2163 4886 lacta
2180 4838 2293 4915 super

869 4943 1003 5022 saisina
1024 4943 1097 5022 alte
1120 4944 1271 5053 justicie
1290 4921 1583 5035 Lemovicensis,
1604 4948 1750 5025 dictum
1773 4944 1860 5036 fuit,
1880 4971 1948 5051 per
1966 4957 2150 5019 arrestum
2169 4941 2291 5032 curie,

868 5074 973 5180 quod
994 5074 1092 5152 dicta
1113 5075 1353 5164 informacio,
1372 5092 1529 5181 propter
1550 5075 1633 5184 ejus
1653 5075 1851 5165 deffectus,
1871 5100 1949 5150 non
1960 5069 2206 5180 judicabitur,
2226 5070 2293 5148 sed

869 5207 1002 5284 iterato
1020 5206 1086 5283 liet
1105 5207 1154 5283 ad
1170 5223 1315 5284 certum
1335 5205 1470 5298 linem,
1490 5227 1603 5314 prout
1623 5206 1838 5285 continetur
1853 5204 2003 5310 plenius
2018 5205 2058 5280 in
2074 5202 2202 5281 rotulo
2220 5192 2320 5279 hu-‘

865 5339 928 5446 jus
945 5337 1180 5444 parlamenti.

925 5469 1025 5547 lovis
1041 5487 1127 5574 post
1143 5467 1293 5548 octabas
1311 5466 1532 5574 Epiphanio.
