5817 7292
994 1044 1355 1157 auoutrrsnr
1381 1054 1588 1144 Procas.
1924 1072 1998 1145 aaa

583 1209 682 1288 cerei
700 1209 740 1285 in
759 1206 856 1285 dicta
875 1204 1046 1297 ecelesia,
1068 1207 1116 1285 ad
1140 1222 1359 1313 perpetuam
1380 1201 1602 1287 memoriar‘n
1628 1208 1789 1286 amende
1807 1209 1997 1315 predium
2036 1220 2168 1275 Partim
2181 1220 2225 1281 rs,

583 1339 723 1447 quibus
741 1338 794 1417 sic
815 1336 919 1428 actis,
938 1338 1097 1445 predicti
1115 1339 1250 1417 Petrus
1268 1354 1306 1415 et
1326 1338 1527 1444 complices
1542 1338 1655 1417 ibunt
1668 1333 1709 1415 in
1729 1339 1935 1419 continenti
1952 1342 2000 1419 ad
2099 1312 2162 1354 ’ω’

584 1470 740 1547 domum
758 1468 916 1575 predicti
934 1467 1084 1576 Nicolay
1102 1466 1149 1545 de
1170 1466 1328 1557 Chicon,
1351 1469 1589 1577 presentibus
1609 1467 1799 1575 aliquibus
1824 1469 1873 1546 de
1892 1498 2004 1549 cauo-

584 1598 678 1676 nicis
701 1598 800 1677 dicte
822 1597 979 1677 ecclesie
999 1615 1038 1677 et
1062 1597 1143 1677 aliis
1162 1598 1228 1705 qui
1255 1598 1397 1677 ibidem
1418 1599 1617 1677 interresse
1635 1598 1842 1689 voluerint,
1862 1615 1900 1674 et
1919 1627 2005 1704 pre-

584 1730 700 1809 dictas
715 1729 869 1838 injurias
888 1748 926 1808 et
941 1729 1141 1807 violencias
1160 1728 1285 1813 eidem
1306 1730 1485 1817 canonico
1506 1730 1713 1809 solenniter
1728 1727 2002 1819 emendabunt,

583 1861 785 1967 nobisque,
802 1890 871 1967 pro
889 1862 1049 1939 emenda
1063 1860 1337 1968 predictorum,
1354 1861 1529 1939 videlicet
1543 1860 1665 1938 dictus
1680 1861 1812 1938 Petrus
1825 1858 2005 1967 quingen-

582 2006 638 2067 tas
652 1988 767 2067 libras
780 1992 1039 2079 Turonenses;
1054 2006 1092 2067 et
1107 1990 1230 2073 dictus
1245 1990 1402 2095 Symon,
1419 1989 1546 2077 miles,
1561 2005 1716 2065 centum
1730 1986 1864 2077 libras3
1880 1987 2004 2067 dictus

580 2118 768 2196 lohannes
787 2119 824 2197 le
843 2116 1133 2226 Bourguenoul,
1157 2134 1309 2195 centum
1334 2118 1468 2210 libras,
1490 2117 1611 2196 etalii
1633 2118 1808 2226 armigeri
1829 2118 2003 2225 superius

581 2248 779 2336 nominati,
798 2246 960 2355 quilibet
978 2248 1165 2359 sexaginta
1185 2246 1299 2325 libras
1313 2250 1562 2328 Turonenses.
1575 2247 1810 2354 prestabant,
1827 2276 1920 2355 quas
1937 2277 2004 2355 pe-

581 2378 689 2455 cunie
710 2406 877 2461 summas
893 2380 996 2457 curia
1016 2395 1143 2457 nostra
1168 2378 1334 2457 decrevit
1356 2379 1728 2459 nostris-racionibus
1754 2378 2001 2485 applicandas.

636 2509 736 2585 lovis
758 2524 843 2615 post
857 2508 1035 2591 Sanctum
1051 2508 1268 2587 Eamabam.

637 2637 823 2718 Thibotot
841 2639 1052 2745 reportavit

636 2900 776 2981 XLVII.
794 2896 983 2993 Manliae,
995 2899 1035 2977 in
1050 2900 1152 2979 curia
1165 2918 1304 2990 nostra,
1315 2900 1415 2978 inter
1426 2900 1602 2979 dilectam
1614 2918 1654 2978 et
1667 2899 1822 2980 fidelem
1837 2917 2004 2981 nostram

581 3030 807 3109 comitissam
819 3030 1134 3117 Attrebatensem,
1155 3059 1201 3107 es
1215 3048 1321 3138 parte
1341 3058 1431 3119 una,
1447 3048 1486 3109 et
1501 3031 1694 3110 dominam
1709 3030 1757 3109 de
1773 3033 1942 3139 Auxeyo,
1959 3060 2004 3109 ex

580 3160 712 3249 altera,
725 3188 894 3268 supereo
906 3162 1013 3269 quod
1023 3158 1121 3239 dicta
1133 3162 1287 3239 domina
1298 3161 1448 3241 dicebat
1459 3190 1498 3241 se
1512 3162 1561 3240 ad
1573 3190 1644 3241 nos
1655 3161 1860 3270 appellasse
1872 3192 1893 3241 a
1905 3162 2005 3241 dicta

580 3291 768 3370 comitissa
781 3309 821 3369 et
836 3292 1012 3400 gentibus
1025 3293 1120 3382 suis,
1135 3320 1156 3369 a
1172 3291 1321 3369 delectu
1331 3291 1444 3398 juris,
1462 3311 1619 3399 propter
1629 3294 1739 3400 quod
1749 3293 1921 3400 petebat,
1937 3321 2007 3399 per·

580 3440 746 3503 nostram
752 3422 917 3511 cum,
932 3421 1111 3503 declarari
1128 3421 1265 3501 dictam
1278 3421 1509 3501 comitissam
1520 3420 1761 3501 deficientem
1772 3421 1888 3501 luisse
1898 3422 1938 3498 in
1952 3421 2006 3499 la·

580 3551 714 3631 ciendo
734 3570 772 3629 et
791 3551 990 3630 reddendo
1005 3553 1069 3659 jus
1089 3552 1233 3643 eidem,
1256 3570 1294 3630 et
1310 3553 1448 3630 dictam
1469 3552 1764 3659 appellacionem
1777 3582 1885 3631 suam
1901 3552 2006 3659 legit·

580 3682 712 3759 timam
724 3680 980 3785 pronunciari,
997 3696 1052 3769 et,
1068 3698 1222 3785 propter
1235 3681 1377 3757 dictum
1392 3679 1596 3770 delectum,
1611 3708 1652 3759 se
1666 3680 1807 3759 absolvi
1821 3680 1867 3757 ab
1878 3680 2005 3758 boma-

581 3810 643 3918 gio
664 3826 702 3887 et
721 3808 900 3887 fidelitate
921 3808 1059 3915 quibus
1077 3808 1175 3889 dicte
1195 3808 1383 3889 comitisse
1399 3816 1479 3889 e'rat
1491 3810 1655 3899 astricta,
1671 3809 1822 3893 racione
1836 3825 1936 3887 terre
1954 3810 2003 3889 de

582 3938 747 4047 Auxeyo,
768 3967 881 4046 quam
896 3937 996 4021 dicta
1014 3936 1169 4023 domina
1188 3937 1228 4016 in
1246 3937 1408 4017 baillum
1425 3966 1494 4018 seu
1514 3938 1680 4047 gardam,
1698 3938 1853 4017 nornine
1867 3938 2005 4019 libem-

581 4097 667 4148 rum
687 4098 860 4158 suorum,
877 4070 1032 4149 tenebat
1052 4098 1073 4146 a
1094 4070 1192 4148 dicta
1209 4070 1410 4162 comitissa,
1430 4088 1469 4149 et
1488 4070 1748 4179 cognicionem
1762 4067 1888 4148 debati
1908 4071 2002 4147 moti

583 4200 681 4277 inter
695 4200 811 4279 dictas
822 4216 962 4307 partes,
980 4200 1129 4279 racione
1145 4200 1341 4307 cujusdam
1357 4201 1524 4279 bominis
1538 4201 1699 4290 mortui,
1713 4200 1822 4278 levati
1833 4228 1902 4306 per
1912 4228 2003 4307 gen·

581 4350 639 4409 tes
655 4332 753 4409 dicte
770 4331 936 4422 domine,
953 4332 1109 4414 incuria
1129 4348 1253 4411 nostra
1274 4333 1413 4413 debere
1434 4360 1649 4423 remanere,
1670 4332 1925 4439 dampnaque,
1946 4361 2003 4408 ra-

583 4463 692 4540 aione
701 4461 885 4569 predicta,
901 4462 971 4569 ipsi
984 4462 1138 4541 domine
1153 4462 1238 4545 data
1249 4491 1317 4570 per
1332 4464 1469 4547 dictam
1481 4464 1710 4555 comitissam
1721 4480 1758 4540 et
1770 4490 1870 4550 suos,
1882 4490 2002 4568 usque

582 4594 630 4671 ad
655 4622 840 4671 summam
865 4594 1155 4701 quingentarum
1177 4593 1356 4673 librarum
1383 4594 1668 4684 Parisiensium,
1686 4593 1864 4701 ponendo
1889 4620 2003 4698 super

585 4750 666 4801 eam
682 4723 836 4803 saisines
851 4740 889 4801 et
904 4741 1132 4803 comestores
1150 4725 1409 4832 quamplures,
1424 4724 1495 4805 sibi
1510 4723 1676 4807 resarsiri
1692 4753 1761 4830 per
1775 4723 2002 4804 comitissam

583 4854 813 4959 predictam
839 4854 936 4933 diets
961 4855 1150 4935 comitissa
1176 4883 1197 4933 e
1226 4858 1409 4935 contrario
1437 4857 1587 4935 dicente
1617 4856 1754 4935 dictam
1781 4852 2004 4961 appellacio-

584 5012 672 5064 nem
689 5013 766 5063 non
785 4984 924 5079 valere,
946 4986 1160 5093 dictunque
1181 4988 1373 5066 dominam
1396 4988 1479 5077 sibi,
1500 5006 1692 5094 tamquam
1705 4987 1787 5096 ejus
1804 4984 2001 5091 superiori,

585 5140 663 5191 esse
684 5116 967 5207 remittendam,
994 5146 1119 5195 coram
1145 5119 1224 5224 ipsa
1243 5118 1432 5227 justiciam
1455 5136 1712 5225 recepturam
1733 5145 1847 5224 super
1866 5116 2004 5224 quibus

585 5242 851 5340 mandavimus,
863 5249 1000 5327 vocatis
1016 5248 1200 5355 partibus,
1216 5248 1427 5356 inquestam
1447 5248 1529 5327 lieri
1546 5266 1584 5327 et
1602 5249 1745 5329 remitti
1759 5266 1887 5327 nostre
1898 5245 2002 5323 curie

581 5370 841 5479 judicandam:
854 5377 960 5455 Dicta
971 5378 1087 5487 igitur
1098 5380 1280 5489 inquesta,
1294 5379 1505 5487 superbiis,
1521 5380 1659 5457 vocatis
1673 5377 1851 5484 partibus,
1863 5373 1957 5453 lacta
1966 5390 2004 5451 et

1845 5528 1896 5593 86.
