5817 7292
1033 1140 1299 1247 suQusrss
1326 1156 1389 1229 ar
1416 1138 1622 1230 rnocss.
1963 1155 2035 1231 ast

672 1298 779 1376 XLV.
810 1298 908 1376 Cum
927 1316 1147 1405 procurator
1167 1296 1330 1405 episcopi
1352 1297 1758 1386 Lodovensis,nomine
1777 1326 1848 1376 suo
1867 1318 1906 1377 et
1926 1300 2038 1379 eccle·
2076 1314 2260 1372 Pammtv,

615 1428 669 1505 sie
688 1456 755 1506 sue
771 1428 957 1535 predicte,
980 1459 1105 1509 coram
1126 1429 1237 1508 nobis
1255 1446 1484 1537 proponeret
1502 1429 1608 1536 quod
1631 1428 1753 1506 dictus
1775 1429 1971 1537 episcopus
1999 1451 2038 1512 et
2138 1409 2200 1453 ’Μ’

616 1557 770 1637 ecclesia
790 1559 1019 1640 Lodov'onsis
1039 1560 1221 1669 predicta,
1243 1588 1390 1638 necnon
1410 1561 1572 1639 barones
1594 1576 1632 1638 et
1645 1559 1708 1635 alii
1726 1558 1875 1637 nobiles
1894 1561 2038 1667 episco-

613 1706 724 1794 patus
735 1690 914 1797 predicti,
931 1710 1008 1769 tam
1025 1693 1186 1801 dejure,
1203 1720 1318 1801 quam
1337 1719 1380 1769 ex
1393 1691 1521 1799 rigore
1538 1688 1723 1798 privilegii
1742 1690 1836 1798 regii
1852 1708 1890 1769 et
1908 1695 2037 1771 arresti

615 1822 717 1899 curie
731 1838 876 1915 nostre,
893 1852 1006 1930 quam
1023 1824 1071 1902 de
1083 1854 1156 1902 usu
1171 1841 1210 1901 et
1221 1824 1495 1901 consuetudine
1510 1824 1550 1901 in
1564 1824 1666 1903 dicto
1681 1822 1896 1930 episcopatu
1912 1822 2039 1903 obser-

614 1951 720 2041 vatis,
736 1969 873 2030 atanto
885 1968 1056 2062 tempore
1071 1954 1179 2063 cujus
1195 1955 1370 2033 contrarii
1389 1955 1571 2033 memoria
1584 1983 1661 2033 non
1675 1954 1815 2043 existit,
1832 1953 1987 2034 luerunt
2001 1975 2039 2036 et

613 2084 756 2159 suntin
770 2085 1003 2189 possessione
1018 2085 1078 2164 vel
1094 2084 1199 2193 quasi
1213 2085 1324 2163 leuda
1346 2114 1413 2163 sua
1427 2087 1468 2162 in
1485 2086 1651 2163 solidum
1669 2084 1727 2163 vel
1742 2085 1782 2161 in
1795 2104 1899 2192 parte
1917 2105 2039 2167 retro·

612 2209 783 2303 feudare,
801 2243 867 2293 seu
886 2214 968 2294 aliis
983 2216 1022 2292 in
1038 2215 1299 2295 retroleudum
1320 2216 1529 2296 concedere
1550 2234 1590 2294 et
1603 2214 1782 2306 alienare,
1799 2246 1842 2294 ac
1860 2218 1978 2295 eciam
1997 2221 2037 2296 in

612 2342 786 2423 ecclesias
805 2363 844 2424 et
860 2345 1126 2425 ecclesiasticas
1140 2364 1178 2425 et
1194 2346 1284 2427 alias
1297 2375 1541 2455 quascunque
1555 2348 1750 2453 personas,
1765 2349 1898 2457 quovis
1910 2349 2036 2442 titulo,

612 2490 881 2582 transportare,
905 2506 1054 2556 necnon
1079 2495 1118 2556 et
1137 2495 1255 2556 terras
1282 2482 1383 2569 suas,
1409 2476 1528 2555 cultas
1554 2495 1591 2555 et
1611 2477 1790 2571 incultas,
1810 2478 1894 2558 aliis
1919 2482 2036 2558 eciam

612 2605 852 2684 ruralibus'et
870 2606 1105 2686 innobilibus
1122 2609 1294 2715 personis
1314 2608 1353 2685 in
1374 2607 1639 2714 emphiteosim
1656 2609 1706 2685 ad
1720 2626 1865 2687 certum
1880 2639 2036 2689 censum

612 2763 680 2813 seu
696 2754 833 2814 certam
849 2736 1042 2816 fructuum
1062 2738 1282 2846 porcionem
1298 2738 1505 2817 concedere
1521 2756 1560 2815 et
1572 2740 1735 2847 majores
1745 2738 1935 2818 finanum
1951 2770 2037 2847 por·

612 2865 739 2945 ciones
758 2866 805 2945 ad
824 2868 1065 2947 minores'rel
1084 2869 1132 2946 ad
1153 2898 1308 2947 censum
1330 2866 1528 2958 reducere,
1547 2886 1585 2946 et
1601 2868 1776 2946 homines
1795 2897 1885 2947 suos
1903 2870 2036 2949 alftan·

612 2997 716 3075 chire
737 3017 774 3078 et
789 3028 809 3075 a
828 2999 1071 3079 servitutibus
1085 2999 1260 3092 liberare,
1289 3018 1327 3078 et
1340 3000 1509 3107 predicta
1524 3000 1653 3078 omnia
1670 3017 1709 3078 et
1727 3000 1873 3107 singula
1892 3000 2034 3093 facere,

611 3148 758 3237 recepta
774 3129 831 3208 vel
848 3160 923 3211 ncn
937 3148 1085 3239 recepta
1104 3132 1280 3239 pecunia,
1295 3130 1354 3208 vel
1368 3128 1443 3208 alio
1459 3129 1679 3219 commodo,
1692 3160 1762 3237 pro
1778 3160 1911 3211 eorum
1927 3134 2035 3211 libito

610 3258 826 3352 voluntatis,
849 3262 990 3371 absque
1007 3263 1124 3342 nostri
1148 3262 1208 3340 vel
1227 3260 1444 3341 officialium
1466 3280 1685 3339 nostrorum
1701 3261 1857 3340 licencia
1875 3263 1933 3341 vel
1947 3292 2036 3342 con·

611 3420 742 3483 sensu,
765 3410 804 3471 et
822 3392 962 3502 absque
982 3392 1105 3501 aliqua
1125 3392 1284 3471 financia
1297 3390 1356 3469 vel
1372 3391 1591 3469 redevancia
1606 3392 1718 3469 nobis
1734 3392 1794 3469 vel
1814 3392 2036 3473 officialibus

611 3524 766 3614 nostris,
789 3552 860 3631 pro
883 3524 1093 3629 premissis,
1120 3522 1336 3632 prestanda,
1362 3520 1632 3602 nichilominus
1658 3522 1831 3601 nonnulli
1859 3522 2037 3603 officiales

611 3656 729 3734 nostri
744 3654 912 3733 indebite
927 3673 965 3733 et
986 3655 1033 3733 de
1051 3654 1169 3744 novo,
1188 3671 1232 3732 ut
1246 3653 1439 3742 dicebant,
1456 3672 1586 3731 contra
1603 3652 1764 3731 formam
1777 3654 2035 3761 predictorum

610 3784 793 3893 privilegii
814 3801 851 3861 et
869 3786 998 3864 arresti
1021 3803 1058 3864 et
1073 3785 1112 3862 in
1125 3784 1379 3893 prejudicium
1396 3783 1560 3891 episcopi
1576 3784 1614 3860 et'
1635 3782 1790 3861 ecclesie
1804 3785 2032 3888 supradicte,

611 3942 759 3992 necnon
773 3932 902 3993 contra
912 3919 1013 4026 jura,
1030 3917 1223 3996 libertates
1239 3933 1277 3992 et
1297 3914 1573 4003 immunitates,
1592 3912 1888 3991 consuetudines
1903 3932 1941 3991 et
1954 3944 2036 4022 pos·

611 4046 810 4137 sessiones,
822 4046 880 4126 vel
896 4050 1020 4155 quasi,
1038 4048 1201 4156 episcopi
1221 4065 1259 4124 et
1273 4046 1428 4124 ecclesie
1441 4044 1716 4151 predictorum,
1732 4074 1752 4121 a
1767 4043 1929 4124 subditis
1944 4046 2034 4124 dicti

613 4177 775 4287 episcopi
790 4197 827 4257 et
841 4178 996 4259 ecclesie
1011 4178 1288 4258 Lodovensium
1310 4195 1347 4255 et
1366 4176 1609 4256 vassallorum
1630 4176 1872 4266 eorumdem,
1889 4177 2034 4287 exigere

611 4306 790 4389 financias
804 4340 872 4419 pro
885 4309 1077 4419 premissis
1091 4308 1339 4388 mittebantur
1355 4308 1511 4416 injustc;
1526 4336 1642 4415 quare
1653 4306 1807 4413 petebat
1815 4326 2037 4414 procurator

609 4439 819 4549 predictus,
837 4438 1057 4523 nominibus
1081 4440 1222 4549 quibus
1238 4443 1366 4546 supra,
1383 4468 1453 4547 per
1467 4466 1538 4516 nos
1550 4438 1693 4546 precipi
1709 4437 1935 4518 officialibus
1947 4469 2035 4518 nos-

611 4573 679 4651 tris
696 4573 799 4682 quod
814 4575 885 4683 ipsi
902 4603 923 4651 a
943 4571 1041 4650 dicta
1063 4572 1253 4651 exactione
1288 4570 1475 4648 dictarum
1493 4568 1737 4647 linanciamm
1758 4569 1798 4645 in
1819 4569 2033 4677 episcopatu

610 4703 780 4813 predicto
801 4724 840 4783 et
860 4736 882 4783 a
904 4703 1067 4784 subditis
1089 4704 1322 4811 episcopatus
1349 4702 1539 4811 ejusdem,
1561 4728 1630 4810 pro
1655 4701 1772 4779 rebus
1791 4700 1872 4778 sitis
1895 4702 1935 4778 in
1956 4704 2037 4808 epi·

612 4855 764 4943 scopatu
780 4837 986 4922 antedicto,
1009 4853 1156 4914 cessent
1174 4834 1342 4913 totaliter
1364 4851 1403 4911 et
1423 4832 1620 4923 desistant,
1640 4850 1678 4909 et
1697 4832 1819 4939 quod,
1841 4834 2035 4913 occasione

610 4967 795 5073 predicta,
811 4967 931 5046 dictos
947 4966 1174 5074 episcopum¹
1185 4982 1223 5044 et
1238 4964 1431 5043 ecclesiam
1448 4964 1688 5042 lodovenses
1707 4980 1745 5039 et
1759 4962 1931 5042 subditos
1945 4964 2035 5041 dicti

613 5097 862 5205 episcopatus,
888 5097 1049 5177 ulterius
1072 5096 1122 5173 de
1146 5113 1272 5175 cetero
1299 5124 1376 5176 non
1404 5093 1624 5186 molestent;
1645 5110 1886 5205 procuratore
1907 5112 2036 5173 nostro

613 5229 828 5308 senescallie
844 5228 1147 5310 Carcassonsnsis
1163 5245 1201 5305 et
1214 5226 1452 5316 Biterrensis,
1470 5224 1645 5333 pluribus
1661 5226 1889 5314 racionibus,
1912 5253 1956 5302 ex
1971 5224 2037 5301 ad·

612 5386 718 5438 verso
733 5360 883 5457 dicente
899 5361 1004 5469 quod
1020 5389 1090 5439 nos
1105 5356 1341 5437 et'officiales
1356 5357 1474 5435 nostri
1489 5356 1705 5435 senescallie
1720 5357 1890 5463 predicte
1905 5378 2038 5433 sumus

615 5505 652 5565 et
667 5490 715 5567 ab
735 5491 891 5600 antiquo
911 5490 1053 5570 fuimus
1072 5492 1109 5568 in
1126 5488 1278 5597 pacifica
1296 5488 1430 5569 saisina
1446 5487 1595 5566 levandi
1613 5506 1651 5565 et
1664 5484 1895 5594 percipiendi
1917 5481 2038 5557 finan-
