<?xml version="1.0" encoding="UTF-8"?>
<!DOCTYPE html PUBLIC "-//W3C//DTD XHTML 1.0 Transitional//EN"
    "http://www.w3.org/TR/xhtml1/DTD/xhtml1-transitional.dtd">
<html xmlns="http://www.w3.org/1999/xhtml" xml:lang="en" lang="en">
 <head>
  <title>
</title>
<meta http-equiv="Content-Type" content="text/html;charset=utf-8" />
  <meta name='ocr-system' content='tesseract 3.04.00' />
  <meta name='ocr-capabilities' content='ocr_page ocr_carea ocr_par ocr_line ocrx_word'/>
</head>
<body>
  <div class='ocr_page' id='page_1' title='image "./lesolimouregist00pargoog_0147.png"; bbox 0 0 5817 7292; ppageno 0'>
   <div class='ocr_carea' id='block_1_1' title="bbox 1047 1029 2066 1181">
    <p class='ocr_par' dir='ltr' id='par_1_1' title="bbox 1047 1029 2066 1181">
     <span class='ocr_line' id='line_1_1' title="bbox 1047 1029 2066 1181; baseline 0.006 -20"><span class='ocrx_word' id='word_1_1' title='bbox 1047 1073 1309 1181; x_wconf 80' lang='lat' dir='ltr'>avounras</span> <span class='ocrx_word' id='word_1_2' title='bbox 1336 1095 1399 1164; x_wconf 81' lang='lat' dir='ltr'>nr</span> <span class='ocrx_word' id='word_1_3' title='bbox 1425 1076 1628 1169; x_wconf 73' lang='lat' dir='ltr'>Procas.</span> <span class='ocrx_word' id='word_1_4' title='bbox 1805 1037 1811 1046; x_wconf 34' lang='lat'>⁸</span> <span class='ocrx_word' id='word_1_5' title='bbox 1998 1029 2066 1167; x_wconf 66' lang='grc' dir='ltr'>[ω’</span> 
     </span>
    </p>
   </div>
   <div class='ocr_carea' id='block_1_2' title="bbox 580 1229 2272 2494">
    <p class='ocr_par' dir='ltr' id='par_1_2' title="bbox 580 1229 2272 2494">
     <span class='ocr_line' id='line_1_2' title="bbox 626 1229 2272 1343; baseline 0.006 -38"><span class='ocrx_word' id='word_1_6' title='bbox 626 1229 762 1308; x_wconf 89' lang='lat' dir='ltr'>nobis:</span> <span class='ocrx_word' id='word_1_7' title='bbox 783 1230 970 1324; x_wconf 82' lang='lat' dir='ltr'><strong>Tandem,</strong></span> <span class='ocrx_word' id='word_1_8' title='bbox 992 1233 1165 1341; x_wconf 89' lang='lat' dir='ltr'>inquesta</span> <span class='ocrx_word' id='word_1_9' title='bbox 1183 1265 1297 1342; x_wconf 89' lang='lat' dir='ltr'>super</span> <span class='ocrx_word' id='word_1_10' title='bbox 1316 1236 1389 1314; x_wconf 90' lang='lat' dir='ltr'>hoc</span> <span class='ocrx_word' id='word_1_11' title='bbox 1407 1235 1518 1329; x_wconf 84' lang='lat' dir='ltr'>sacta,</span> <span class='ocrx_word' id='word_1_12' title='bbox 1539 1237 1614 1312; x_wconf 89' lang='lat' dir='ltr'>visa</span> <span class='ocrx_word' id='word_1_13' title='bbox 1635 1252 1673 1312; x_wconf 91' lang='lat' dir='ltr'>et</span> <span class='ocrx_word' id='word_1_14' title='bbox 1691 1235 1892 1343; x_wconf 83' lang='lat' dir='ltr'>diligenter</span> <span class='ocrx_word' id='word_1_15' title='bbox 1909 1237 2049 1314; x_wconf 84' lang='lat' dir='ltr'>exami·</span> <span class='ocrx_word' id='word_1_16' title='bbox 2085 1243 2272 1308; x_wconf 65' lang='lat' dir='ltr'>autunum,</span> 
     </span>
     <span class='ocr_line' id='line_1_3' title="bbox 624 1337 2212 1475; baseline 0.003 -37"><span class='ocrx_word' id='word_1_17' title='bbox 624 1379 725 1450; x_wconf 87' lang='lat' dir='ltr'>nata,</span> <span class='ocrx_word' id='word_1_18' title='bbox 742 1362 831 1469; x_wconf 88' lang='lat' dir='ltr'>quia</span> <span class='ocrx_word' id='word_1_19' title='bbox 850 1363 1045 1443; x_wconf 89' lang='lat' dir='ltr'>inventum</span> <span class='ocrx_word' id='word_1_20' title='bbox 1065 1385 1121 1446; x_wconf 91' lang='lat' dir='ltr'>est</span> <span class='ocrx_word' id='word_1_21' title='bbox 1141 1367 1283 1445; x_wconf 89' lang='lat' dir='ltr'>dictum</span> <span class='ocrx_word' id='word_1_22' title='bbox 1298 1367 1465 1474; x_wconf 86' lang='lat' dir='ltr'>priorem</span> <span class='ocrx_word' id='word_1_23' title='bbox 1480 1384 1519 1446; x_wconf 88' lang='lat' dir='ltr'>et</span> <span class='ocrx_word' id='word_1_24' title='bbox 1535 1369 1616 1475; x_wconf 87' lang='lat' dir='ltr'>ejus</span> <span class='ocrx_word' id='word_1_25' title='bbox 1631 1367 1915 1473; x_wconf 81' lang='lat' dir='ltr'>predecessores</span> <span class='ocrx_word' id='word_1_26' title='bbox 1928 1368 2045 1446; x_wconf 83' lang='lat' dir='ltr'>luisse</span> <span class='ocrx_word' id='word_1_27' title='bbox 2148 1337 2212 1378; x_wconf 58' lang='lat' dir='ltr'>lm</span> 
     </span>
     <span class='ocr_line' id='line_1_4' title="bbox 580 1493 2048 1608; baseline 0.004 -40"><span class='ocrx_word' id='word_1_28' title='bbox 580 1593 588 1608; x_wconf 80' lang='lat'><strong>.</strong></span> <span class='ocrx_word' id='word_1_29' title='bbox 626 1511 664 1569; x_wconf 91' lang='lat' dir='ltr'>et</span> <span class='ocrx_word' id='word_1_30' title='bbox 683 1521 764 1570; x_wconf 86' lang='lat' dir='ltr'>esse</span> <span class='ocrx_word' id='word_1_31' title='bbox 782 1493 822 1570; x_wconf 93' lang='lat' dir='ltr'>in</span> <span class='ocrx_word' id='word_1_32' title='bbox 840 1497 1074 1602; x_wconf 82' lang='lat' dir='ltr'>possessione</span> <span class='ocrx_word' id='word_1_33' title='bbox 1094 1498 1151 1577; x_wconf 92' lang='lat' dir='ltr'>vel</span> <span class='ocrx_word' id='word_1_34' title='bbox 1171 1498 1276 1606; x_wconf 85' lang='lat' dir='ltr'>quasi</span> <span class='ocrx_word' id='word_1_35' title='bbox 1298 1501 1396 1577; x_wconf 90' lang='lat' dir='ltr'>dicte</span> <span class='ocrx_word' id='word_1_36' title='bbox 1411 1499 1562 1606; x_wconf 88' lang='lat' dir='ltr'>justicie</span> <span class='ocrx_word' id='word_1_37' title='bbox 1581 1499 1655 1576; x_wconf 91' lang='lat' dir='ltr'>alte</span> <span class='ocrx_word' id='word_1_38' title='bbox 1675 1515 1714 1574; x_wconf 89' lang='lat' dir='ltr'>et</span> <span class='ocrx_word' id='word_1_39' title='bbox 1731 1497 1855 1587; x_wconf 88' lang='lat' dir='ltr'>basse,</span> <span class='ocrx_word' id='word_1_40' title='bbox 1876 1513 2048 1604; x_wconf 90' lang='lat' dir='ltr'>tempore</span> 
     </span>
     <span class='ocr_line' id='line_1_5' title="bbox 628 1624 2051 1740; baseline 0.001 -38"><span class='ocrx_word' id='word_1_41' title='bbox 628 1653 705 1730; x_wconf 90' lang='lat' dir='ltr'>quo</span> <span class='ocrx_word' id='word_1_42' title='bbox 726 1624 796 1702; x_wconf 92' lang='lat' dir='ltr'>dos</span> <span class='ocrx_word' id='word_1_43' title='bbox 818 1626 877 1702; x_wconf 90' lang='lat' dir='ltr'>vel</span> <span class='ocrx_word' id='word_1_44' title='bbox 905 1627 1123 1706; x_wconf 88' lang='lat' dir='ltr'>dotalicium</span> <span class='ocrx_word' id='word_1_45' title='bbox 1150 1630 1248 1708; x_wconf 89' lang='lat' dir='ltr'>dicte</span> <span class='ocrx_word' id='word_1_46' title='bbox 1272 1631 1414 1740; x_wconf 85' lang='lat' dir='ltr'>Regine</span> <span class='ocrx_word' id='word_1_47' title='bbox 1435 1629 1556 1707; x_wconf 81' lang='lat' dir='ltr'>extitit</span> <span class='ocrx_word' id='word_1_48' title='bbox 1578 1630 1821 1738; x_wconf 81' lang='lat' dir='ltr'>assignatum,</span> <span class='ocrx_word' id='word_1_49' title='bbox 1852 1656 1921 1735; x_wconf 89' lang='lat' dir='ltr'>per</span> <span class='ocrx_word' id='word_1_50' title='bbox 1949 1629 2051 1705; x_wconf 89' lang='lat' dir='ltr'>curie</span> 
     </span>
     <span class='ocr_line' id='line_1_6' title="bbox 628 1756 2054 1867; baseline 0.004 -36"><span class='ocrx_word' id='word_1_51' title='bbox 628 1773 753 1834; x_wconf 88' lang='lat' dir='ltr'>nostre</span> <span class='ocrx_word' id='word_1_52' title='bbox 763 1756 969 1864; x_wconf 88' lang='lat' dir='ltr'>judicium,</span> <span class='ocrx_word' id='word_1_53' title='bbox 987 1761 1129 1836; x_wconf 92' lang='lat' dir='ltr'>dictum</span> <span class='ocrx_word' id='word_1_54' title='bbox 1151 1761 1223 1838; x_wconf 86' lang='lat' dir='ltr'>luit</span> <span class='ocrx_word' id='word_1_55' title='bbox 1241 1779 1278 1838; x_wconf 92' lang='lat' dir='ltr'>et</span> <span class='ocrx_word' id='word_1_56' title='bbox 1292 1761 1583 1867; x_wconf 80' lang='lat' dir='ltr'>pronunciatum</span> <span class='ocrx_word' id='word_1_57' title='bbox 1600 1761 1814 1866; x_wconf 88' lang='lat' dir='ltr'>predictum</span> <span class='ocrx_word' id='word_1_58' title='bbox 1830 1760 1997 1866; x_wconf 85' lang='lat' dir='ltr'>priorem</span> <span class='ocrx_word' id='word_1_59' title='bbox 2016 1777 2054 1836; x_wconf 92' lang='lat' dir='ltr'>et</span> 
     </span>
     <span class='ocr_line' id='line_1_7' title="bbox 630 1887 2053 1998; baseline 0.002 -35"><span class='ocrx_word' id='word_1_60' title='bbox 630 1888 711 1994; x_wconf 91' lang='lat' dir='ltr'>ejus</span> <span class='ocrx_word' id='word_1_61' title='bbox 725 1887 1009 1994; x_wconf 82' lang='lat' dir='ltr'>predecessores</span> <span class='ocrx_word' id='word_1_62' title='bbox 1023 1919 1102 1970; x_wconf 89' lang='lat' dir='ltr'>esse</span> <span class='ocrx_word' id='word_1_63' title='bbox 1116 1909 1154 1968; x_wconf 93' lang='lat' dir='ltr'>et</span> <span class='ocrx_word' id='word_1_64' title='bbox 1167 1891 1282 1969; x_wconf 86' lang='lat' dir='ltr'>luisse</span> <span class='ocrx_word' id='word_1_65' title='bbox 1296 1892 1335 1968; x_wconf 92' lang='lat' dir='ltr'>in</span> <span class='ocrx_word' id='word_1_66' title='bbox 1349 1894 1584 1998; x_wconf 88' lang='lat' dir='ltr'>possessione</span> <span class='ocrx_word' id='word_1_67' title='bbox 1598 1891 1658 1970; x_wconf 90' lang='lat' dir='ltr'>vel</span> <span class='ocrx_word' id='word_1_68' title='bbox 1673 1892 1779 1998; x_wconf 87' lang='lat' dir='ltr'>quasi</span> <span class='ocrx_word' id='word_1_69' title='bbox 1792 1891 1891 1968; x_wconf 86' lang='lat' dir='ltr'>dicte</span> <span class='ocrx_word' id='word_1_70' title='bbox 1903 1891 2053 1998; x_wconf 87' lang='lat' dir='ltr'>justicie</span> 
     </span>
     <span class='ocr_line' id='line_1_8' title="bbox 630 2019 2055 2131; baseline 0.001 -35"><span class='ocrx_word' id='word_1_71' title='bbox 630 2019 704 2096; x_wconf 86' lang='lat' dir='ltr'>alte</span> <span class='ocrx_word' id='word_1_72' title='bbox 726 2036 765 2096; x_wconf 88' lang='lat' dir='ltr'>et</span> <span class='ocrx_word' id='word_1_73' title='bbox 782 2019 887 2098; x_wconf 90' lang='lat' dir='ltr'>basse</span> <span class='ocrx_word' id='word_1_74' title='bbox 913 2037 1084 2128; x_wconf 88' lang='lat' dir='ltr'>tempore</span> <span class='ocrx_word' id='word_1_75' title='bbox 1110 2023 1343 2128; x_wconf 91' lang='lat' dir='ltr'>supradicto,</span> <span class='ocrx_word' id='word_1_76' title='bbox 1367 2043 1405 2101; x_wconf 91' lang='lat' dir='ltr'>et</span> <span class='ocrx_word' id='word_1_77' title='bbox 1430 2025 1535 2131; x_wconf 92' lang='lat' dir='ltr'>quod</span> <span class='ocrx_word' id='word_1_78' title='bbox 1562 2022 1879 2129; x_wconf 84' lang='lat' dir='ltr'>impedimentum</span> <span class='ocrx_word' id='word_1_79' title='bbox 1907 2049 2055 2100; x_wconf 85' lang='lat' dir='ltr'>amove—</span> 
     </span>
     <span class='ocr_line' id='line_1_9' title="bbox 627 2148 2056 2262; baseline 0.003 -37"><span class='ocrx_word' id='word_1_80' title='bbox 627 2148 742 2237; x_wconf 86' lang='lat' dir='ltr'>bitur,</span> <span class='ocrx_word' id='word_1_81' title='bbox 760 2151 866 2256; x_wconf 92' lang='lat' dir='ltr'>quod</span> <span class='ocrx_word' id='word_1_82' title='bbox 886 2151 1011 2230; x_wconf 88' lang='lat' dir='ltr'>eidem</span> <span class='ocrx_word' id='word_1_83' title='bbox 1027 2153 1160 2260; x_wconf 82' lang='lat' dir='ltr'>priori,</span> <span class='ocrx_word' id='word_1_84' title='bbox 1179 2183 1294 2262; x_wconf 90' lang='lat' dir='ltr'>super</span> <span class='ocrx_word' id='word_1_85' title='bbox 1309 2156 1397 2244; x_wconf 89' lang='lat' dir='ltr'>hoc,</span> <span class='ocrx_word' id='word_1_86' title='bbox 1414 2156 1628 2261; x_wconf 84' lang='lat' dir='ltr'>prepositus</span> <span class='ocrx_word' id='word_1_87' title='bbox 1642 2153 1857 2231; x_wconf 89' lang='lat' dir='ltr'>Parisiensis</span> <span class='ocrx_word' id='word_1_88' title='bbox 1873 2179 2056 2260; x_wconf 89' lang='lat' dir='ltr'>apposue-</span> 
     </span>
     <span class='ocr_line' id='line_1_10' title="bbox 630 2282 1502 2392; baseline 0.006 -37"><span class='ocrx_word' id='word_1_89' title='bbox 630 2297 685 2356; x_wconf 86' lang='lat' dir='ltr'>rat</span> <span class='ocrx_word' id='word_1_90' title='bbox 703 2297 789 2386; x_wconf 91' lang='lat' dir='ltr'>post</span> <span class='ocrx_word' id='word_1_91' title='bbox 809 2282 907 2361; x_wconf 89' lang='lat' dir='ltr'>dicte</span> <span class='ocrx_word' id='word_1_92' title='bbox 927 2285 1055 2390; x_wconf 87' lang='lat' dir='ltr'>regine</span> <span class='ocrx_word' id='word_1_93' title='bbox 1077 2287 1273 2392; x_wconf 84' lang='lat' dir='ltr'>Margarita</span> <span class='ocrx_word' id='word_1_94' title='bbox 1294 2285 1502 2364; x_wconf 88' lang='lat' dir='ltr'>decessum.</span> 
     </span>
     <span class='ocr_line' id='line_1_11' title="bbox 686 2413 1019 2494; baseline 0.006 -2"><span class='ocrx_word' id='word_1_95' title='bbox 686 2413 815 2492; x_wconf 87' lang='lat' dir='ltr'>Mense</span> <span class='ocrx_word' id='word_1_96' title='bbox 834 2414 1019 2494; x_wconf 84' lang='lat' dir='ltr'>Januario</span> 
     </span>
    </p>
   </div>
   <div class='ocr_carea' id='block_1_3' title="bbox 631 2679 2061 3570">
    <p class='ocr_par' dir='ltr' id='par_1_3' title="bbox 631 2679 2059 3440">
     <span class='ocr_line' id='line_1_12' title="bbox 687 2679 2056 2786; baseline -0.001 -32"><span class='ocrx_word' id='word_1_97' title='bbox 687 2679 780 2758; x_wconf 85' lang='lat' dir='ltr'><strong>XIV.</strong></span> <span class='ocrx_word' id='word_1_98' title='bbox 811 2680 1121 2768; x_wconf 88' lang='lat' dir='ltr'>lnlormaciones,</span> <span class='ocrx_word' id='word_1_99' title='bbox 1149 2681 1197 2758; x_wconf 91' lang='lat' dir='ltr'>ad</span> <span class='ocrx_word' id='word_1_100' title='bbox 1221 2682 1439 2758; x_wconf 87' lang='lat' dir='ltr'>instanciam</span> <span class='ocrx_word' id='word_1_101' title='bbox 1466 2681 1619 2786; x_wconf 87' lang='lat' dir='ltr'>capituli</span> <span class='ocrx_word' id='word_1_102' title='bbox 1644 2680 1900 2766; x_wconf 87' lang='lat' dir='ltr'>Carnotensis,</span> <span class='ocrx_word' id='word_1_103' title='bbox 1928 2695 2056 2754; x_wconf 84' lang='lat' dir='ltr'>contra</span> 
     </span>
     <span class='ocr_line' id='line_1_13' title="bbox 631 2805 2058 2916; baseline 0.001 -34"><span class='ocrx_word' id='word_1_104' title='bbox 631 2805 814 2885; x_wconf 90' lang='lat' dir='ltr'>ballivum</span> <span class='ocrx_word' id='word_1_105' title='bbox 838 2809 1149 2888; x_wconf 85' lang='lat' dir='ltr'>Aurelianensem</span> <span class='ocrx_word' id='word_1_106' title='bbox 1178 2810 1290 2898; x_wconf 87' lang='lat' dir='ltr'>lacte,</span> <span class='ocrx_word' id='word_1_107' title='bbox 1314 2810 1465 2886; x_wconf 89' lang='lat' dir='ltr'>racione</span> <span class='ocrx_word' id='word_1_108' title='bbox 1493 2810 1686 2916; x_wconf 87' lang='lat' dir='ltr'>cujusdam</span> <span class='ocrx_word' id='word_1_109' title='bbox 1713 2809 1880 2887; x_wconf 90' lang='lat' dir='ltr'>hominis</span> <span class='ocrx_word' id='word_1_110' title='bbox 1903 2809 1951 2884; x_wconf 89' lang='lat' dir='ltr'>de</span> <span class='ocrx_word' id='word_1_111' title='bbox 1975 2837 2058 2886; x_wconf 89' lang='lat' dir='ltr'>cor-</span> 
     </span>
     <span class='ocr_line' id='line_1_14' title="bbox 632 2931 2058 3046; baseline 0.001 -32"><span class='ocrx_word' id='word_1_112' title='bbox 632 2965 741 3041; x_wconf 89' lang='lat' dir='ltr'>pore,</span> <span class='ocrx_word' id='word_1_113' title='bbox 765 2938 841 3016; x_wconf 87' lang='lat' dir='ltr'>vise</span> <span class='ocrx_word' id='word_1_114' title='bbox 862 2957 900 3016; x_wconf 90' lang='lat' dir='ltr'>et</span> <span class='ocrx_word' id='word_1_115' title='bbox 918 2967 988 3046; x_wconf 92' lang='lat' dir='ltr'>per</span> <span class='ocrx_word' id='word_1_116' title='bbox 1002 2941 1053 3016; x_wconf 88' lang='lat' dir='ltr'>M.</span> <span class='ocrx_word' id='word_1_117' title='bbox 1072 2931 1293 3045; x_wconf 87' lang='lat' dir='ltr'>Pasquirion</span> <span class='ocrx_word' id='word_1_118' title='bbox 1313 2955 1502 3046; x_wconf 88' lang='lat' dir='ltr'>reportate</span> <span class='ocrx_word' id='word_1_119' title='bbox 1522 2939 1570 3014; x_wconf 87' lang='lat' dir='ltr'>ad</span> <span class='ocrx_word' id='word_1_120' title='bbox 1591 2941 1643 3017; x_wconf 87' lang='lat' dir='ltr'>M.</span> <span class='ocrx_word' id='word_1_121' title='bbox 1658 2937 1847 3016; x_wconf 86' lang='lat' dir='ltr'>Andream</span> <span class='ocrx_word' id='word_1_122' title='bbox 1862 2936 2058 3015; x_wconf 86' lang='lat' dir='ltr'>Pocheron</span> 
     </span>
     <span class='ocr_line' id='line_1_15' title="bbox 634 3069 2058 3178; baseline 0.001 -34"><span class='ocrx_word' id='word_1_123' title='bbox 634 3086 671 3144; x_wconf 88' lang='lat' dir='ltr'>et</span> <span class='ocrx_word' id='word_1_124' title='bbox 690 3072 721 3144; x_wconf 89' lang='lat' dir='ltr'>J.</span> <span class='ocrx_word' id='word_1_125' title='bbox 740 3070 787 3146; x_wconf 81' lang='lat' dir='ltr'>tle</span> <span class='ocrx_word' id='word_1_126' title='bbox 808 3071 1061 3178; x_wconf 81' lang='lat' dir='ltr'>Montigniaco</span> <span class='ocrx_word' id='word_1_127' title='bbox 1083 3070 1200 3162; x_wconf 89' lang='lat' dir='ltr'>solos,</span> <span class='ocrx_word' id='word_1_128' title='bbox 1224 3070 1372 3149; x_wconf 91' lang='lat' dir='ltr'>invente</span> <span class='ocrx_word' id='word_1_129' title='bbox 1390 3069 1544 3148; x_wconf 88' lang='lat' dir='ltr'>luerunt</span> <span class='ocrx_word' id='word_1_130' title='bbox 1562 3097 1630 3177; x_wconf 87' lang='lat' dir='ltr'>per</span> <span class='ocrx_word' id='word_1_131' title='bbox 1648 3099 1713 3149; x_wconf 89' lang='lat' dir='ltr'>eos</span> <span class='ocrx_word' id='word_1_132' title='bbox 1728 3071 1854 3147; x_wconf 90' lang='lat' dir='ltr'>minus</span> <span class='ocrx_word' id='word_1_133' title='bbox 1870 3069 2058 3146; x_wconf 89' lang='lat' dir='ltr'>sufficien-</span> 
     </span>
     <span class='ocr_line' id='line_1_16' title="bbox 633 3200 2059 3308; baseline 0.001 -32"><span class='ocrx_word' id='word_1_134' title='bbox 633 3216 691 3278; x_wconf 88' lang='lat' dir='ltr'>ter</span> <span class='ocrx_word' id='word_1_135' title='bbox 710 3200 804 3279; x_wconf 85' lang='lat' dir='ltr'>lacte</span> <span class='ocrx_word' id='word_1_136' title='bbox 825 3219 863 3278; x_wconf 93' lang='lat' dir='ltr'>et</span> <span class='ocrx_word' id='word_1_137' title='bbox 876 3202 1101 3308; x_wconf 90' lang='lat' dir='ltr'>judicandas</span> <span class='ocrx_word' id='word_1_138' title='bbox 1121 3229 1198 3279; x_wconf 91' lang='lat' dir='ltr'>non</span> <span class='ocrx_word' id='word_1_139' title='bbox 1220 3230 1312 3278; x_wconf 89' lang='lat' dir='ltr'>esse.</span> <span class='ocrx_word' id='word_1_140' title='bbox 1334 3201 1440 3278; x_wconf 86' lang='lat' dir='ltr'>Istud</span> <span class='ocrx_word' id='word_1_141' title='bbox 1460 3230 1539 3279; x_wconf 95' lang='lat' dir='ltr'>non</span> <span class='ocrx_word' id='word_1_142' title='bbox 1564 3200 1635 3278; x_wconf 85' lang='lat' dir='ltr'>luit</span> <span class='ocrx_word' id='word_1_143' title='bbox 1659 3201 1969 3307; x_wconf 81' lang='lat' dir='ltr'>pronunciatum,</span> <span class='ocrx_word' id='word_1_144' title='bbox 1991 3201 2059 3278; x_wconf 90' lang='lat' dir='ltr'>sed</span> 
     </span>
     <span class='ocr_line' id='line_1_17' title="bbox 634 3331 1525 3440; baseline 0.002 -32"><span class='ocrx_word' id='word_1_145' title='bbox 634 3331 862 3439; x_wconf 90' lang='lat' dir='ltr'>quibusdam</span> <span class='ocrx_word' id='word_1_146' title='bbox 883 3332 930 3410; x_wconf 92' lang='lat' dir='ltr'>de</span> <span class='ocrx_word' id='word_1_147' title='bbox 952 3333 1116 3438; x_wconf 89' lang='lat' dir='ltr'>capitulo</span> <span class='ocrx_word' id='word_1_148' title='bbox 1136 3333 1280 3410; x_wconf 92' lang='lat' dir='ltr'>dictum</span> <span class='ocrx_word' id='word_1_149' title='bbox 1301 3332 1349 3408; x_wconf 93' lang='lat' dir='ltr'>ad</span> <span class='ocrx_word' id='word_1_150' title='bbox 1368 3350 1525 3440; x_wconf 84' lang='lat' dir='ltr'>partem.</span> 
     </span>
    </p>

    <p class='ocr_par' dir='ltr' id='par_1_4' title="bbox 691 3461 2061 3570">
     <span class='ocr_line' id='line_1_18' title="bbox 691 3461 2061 3570; baseline -0.001 -30"><span class='ocrx_word' id='word_1_151' title='bbox 691 3461 855 3540; x_wconf 91' lang='lat' dir='ltr'>Sabbato</span> <span class='ocrx_word' id='word_1_152' title='bbox 875 3480 959 3540; x_wconf 89' lang='lat' dir='ltr'>ante</span> <span class='ocrx_word' id='word_1_153' title='bbox 975 3463 1403 3570; x_wconf 85' lang='lat' dir='ltr'>Sanctum-Gregoriunr.</span> <span class='ocrx_word' id='word_1_154' title='bbox 1425 3465 1473 3542; x_wconf 86' lang='lat' dir='ltr'>Et</span> <span class='ocrx_word' id='word_1_155' title='bbox 1492 3464 1585 3540; x_wconf 80' lang='lat' dir='ltr'>dixit</span> <span class='ocrx_word' id='word_1_156' title='bbox 1605 3463 1719 3540; x_wconf 88' lang='lat' dir='ltr'>michi</span> <span class='ocrx_word' id='word_1_157' title='bbox 1741 3463 1864 3541; x_wconf 89' lang='lat' dir='ltr'>dictus</span> <span class='ocrx_word' id='word_1_158' title='bbox 1882 3464 1938 3539; x_wconf 87' lang='lat' dir='ltr'>lo.</span> <span class='ocrx_word' id='word_1_159' title='bbox 1956 3463 2061 3568; x_wconf 91' lang='lat' dir='ltr'>qnod</span> 
     </span>
    </p>
   </div>
   <div class='ocr_carea' id='block_1_4' title="bbox 636 3595 1378 3674">
    <p class='ocr_par' dir='ltr' id='par_1_5' title="bbox 636 3595 1378 3674">
     <span class='ocr_line' id='line_1_19' title="bbox 636 3595 1378 3674; baseline 0 -2"><span class='ocrx_word' id='word_1_160' title='bbox 636 3595 683 3672; x_wconf 86' lang='lat' dir='ltr'>de</span> <span class='ocrx_word' id='word_1_161' title='bbox 703 3596 873 3674; x_wconf 81' lang='lat' dir='ltr'>hoc-non</span> <span class='ocrx_word' id='word_1_162' title='bbox 891 3595 1050 3673; x_wconf 88' lang='lat' dir='ltr'>lacerem</span> <span class='ocrx_word' id='word_1_163' title='bbox 1070 3595 1233 3674; x_wconf 85' lang='lat' dir='ltr'>litteram</span> <span class='ocrx_word' id='word_1_164' title='bbox 1255 3595 1378 3673; x_wconf 89' lang='lat' dir='ltr'>alicui.</span> 
     </span>
    </p>
   </div>
   <div class='ocr_carea' id='block_1_5' title="bbox 640 3855 2065 4887">
    <p class='ocr_par' dir='ltr' id='par_1_6' title="bbox 640 3855 2065 4756">
     <span class='ocr_line' id='line_1_20' title="bbox 694 3855 2064 3970; baseline -0.001 -35"><span class='ocrx_word' id='word_1_165' title='bbox 694 3861 770 3940; x_wconf 91' lang='lat' dir='ltr'>XV.</span> <span class='ocrx_word' id='word_1_166' title='bbox 802 3861 888 3940; x_wconf 90' lang='lat' dir='ltr'>Visa</span> <span class='ocrx_word' id='word_1_167' title='bbox 906 3863 1080 3970; x_wconf 90' lang='lat' dir='ltr'>inquesta</span> <span class='ocrx_word' id='word_1_168' title='bbox 1093 3861 1188 3940; x_wconf 86' lang='lat' dir='ltr'>lacta</span> <span class='ocrx_word' id='word_1_169' title='bbox 1207 3861 1255 3938; x_wconf 89' lang='lat' dir='ltr'>ad</span> <span class='ocrx_word' id='word_1_170' title='bbox 1276 3862 1497 3939; x_wconf 85' lang='lat' dir='ltr'>instanciam</span> <span class='ocrx_word' id='word_1_171' title='bbox 1519 3861 1687 3970; x_wconf 85' lang='lat' dir='ltr'>magistri</span> <span class='ocrx_word' id='word_1_172' title='bbox 1704 3859 1859 3938; x_wconf 90' lang='lat' dir='ltr'>Giraudi</span> <span class='ocrx_word' id='word_1_173' title='bbox 1882 3858 1929 3935; x_wconf 93' lang='lat' dir='ltr'>de</span> <span class='ocrx_word' id='word_1_174' title='bbox 1950 3855 2064 3935; x_wconf 82' lang='lat' dir='ltr'>Malo</span> 
     </span>
     <span class='ocr_line' id='line_1_21' title="bbox 642 3988 2063 4101; baseline -0.003 -35"><span class='ocrx_word' id='word_1_175' title='bbox 642 3991 773 4067; x_wconf 86' lang='lat' dir='ltr'>Monte</span> <span class='ocrx_word' id='word_1_176' title='bbox 793 4009 831 4068; x_wconf 87' lang='lat' dir='ltr'>et</span> <span class='ocrx_word' id='word_1_177' title='bbox 850 3992 996 4071; x_wconf 90' lang='lat' dir='ltr'>domini</span> <span class='ocrx_word' id='word_1_178' title='bbox 1017 3993 1064 4070; x_wconf 89' lang='lat' dir='ltr'>de</span> <span class='ocrx_word' id='word_1_179' title='bbox 1085 3995 1249 4101; x_wconf 86' lang='lat' dir='ltr'>Tyemo,</span> <span class='ocrx_word' id='word_1_180' title='bbox 1274 4022 1317 4072; x_wconf 80' lang='lat' dir='ltr'>ex</span> <span class='ocrx_word' id='word_1_181' title='bbox 1336 4021 1411 4069; x_wconf 92' lang='lat' dir='ltr'>una</span> <span class='ocrx_word' id='word_1_182' title='bbox 1434 4009 1556 4098; x_wconf 89' lang='lat' dir='ltr'>parte,</span> <span class='ocrx_word' id='word_1_183' title='bbox 1580 4009 1709 4070; x_wconf 87' lang='lat' dir='ltr'>contra</span> <span class='ocrx_word' id='word_1_184' title='bbox 1727 3989 1908 4068; x_wconf 84' lang='lat' dir='ltr'>ballivum</span> <span class='ocrx_word' id='word_1_185' title='bbox 1929 3988 2063 4064; x_wconf 84' lang='lat' dir='ltr'>Arver-</span> 
     </span>
     <span class='ocr_line' id='line_1_22' title="bbox 640 4115 2064 4230; baseline -0.006 -32"><span class='ocrx_word' id='word_1_186' title='bbox 640 4123 717 4212; x_wconf 81' lang='lat' dir='ltr'>nia,</span> <span class='ocrx_word' id='word_1_187' title='bbox 739 4151 809 4226; x_wconf 93' lang='lat' dir='ltr'>pro</span> <span class='ocrx_word' id='word_1_188' title='bbox 834 4122 961 4213; x_wconf 90' lang='lat' dir='ltr'>nobis,</span> <span class='ocrx_word' id='word_1_189' title='bbox 984 4140 1023 4200; x_wconf 90' lang='lat' dir='ltr'>et</span> <span class='ocrx_word' id='word_1_190' title='bbox 1046 4124 1221 4201; x_wconf 88' lang='lat' dir='ltr'>abbatem</span> <span class='ocrx_word' id='word_1_191' title='bbox 1246 4123 1295 4199; x_wconf 89' lang='lat' dir='ltr'>de</span> <span class='ocrx_word' id='word_1_192' title='bbox 1321 4125 1490 4230; x_wconf 85' lang='lat' dir='ltr'>Tyerno,</span> <span class='ocrx_word' id='word_1_193' title='bbox 1513 4151 1558 4199; x_wconf 87' lang='lat' dir='ltr'>ex</span> <span class='ocrx_word' id='word_1_194' title='bbox 1583 4122 1671 4208; x_wconf 90' lang='lat' dir='ltr'>alia,</span> <span class='ocrx_word' id='word_1_195' title='bbox 1698 4145 1813 4225; x_wconf 88' lang='lat' dir='ltr'>super</span> <span class='ocrx_word' id='word_1_196' title='bbox 1836 4115 2064 4223; x_wconf 89' lang='lat' dir='ltr'>quibusdam</span> 
     </span>
     <span class='ocr_line' id='line_1_23' title="bbox 642 4245 2065 4355; baseline -0.005 -26"><span class='ocrx_word' id='word_1_197' title='bbox 642 4251 836 4330; x_wconf 87' lang='lat' dir='ltr'>desaisinis</span> <span class='ocrx_word' id='word_1_198' title='bbox 852 4269 889 4328; x_wconf 90' lang='lat' dir='ltr'>et</span> <span class='ocrx_word' id='word_1_199' title='bbox 904 4253 1146 4346; x_wconf 87' lang='lat' dir='ltr'>novitatibus,</span> <span class='ocrx_word' id='word_1_200' title='bbox 1168 4270 1211 4331; x_wconf 90' lang='lat' dir='ltr'>ut</span> <span class='ocrx_word' id='word_1_201' title='bbox 1231 4251 1437 4339; x_wconf 87' lang='lat' dir='ltr'>dicebatur,</span> <span class='ocrx_word' id='word_1_202' title='bbox 1455 4250 1561 4327; x_wconf 88' lang='lat' dir='ltr'>lactis</span> <span class='ocrx_word' id='word_1_203' title='bbox 1575 4277 1645 4355; x_wconf 91' lang='lat' dir='ltr'>per</span> <span class='ocrx_word' id='word_1_204' title='bbox 1664 4248 1809 4325; x_wconf 88' lang='lat' dir='ltr'>dictum</span> <span class='ocrx_word' id='word_1_205' title='bbox 1828 4245 2009 4324; x_wconf 88' lang='lat' dir='ltr'>ballivum</span> <span class='ocrx_word' id='word_1_206' title='bbox 2025 4245 2065 4322; x_wconf 90' lang='lat' dir='ltr'>in</span> 
     </span>
     <span class='ocr_line' id='line_1_24' title="bbox 641 4376 2064 4490; baseline -0.006 -30"><span class='ocrx_word' id='word_1_207' title='bbox 641 4399 759 4460; x_wconf 89' lang='lat' dir='ltr'>castro</span> <span class='ocrx_word' id='word_1_208' title='bbox 778 4399 816 4459; x_wconf 89' lang='lat' dir='ltr'>et</span> <span class='ocrx_word' id='word_1_209' title='bbox 835 4382 1046 4460; x_wconf 84' lang='lat' dir='ltr'>castellania</span> <span class='ocrx_word' id='word_1_210' title='bbox 1067 4384 1115 4458; x_wconf 88' lang='lat' dir='ltr'>da</span> <span class='ocrx_word' id='word_1_211' title='bbox 1130 4385 1296 4490; x_wconf 86' lang='lat' dir='ltr'>Tyem0‚</span> <span class='ocrx_word' id='word_1_212' title='bbox 1315 4382 1479 4489; x_wconf 89' lang='lat' dir='ltr'>visisque</span> <span class='ocrx_word' id='word_1_213' title='bbox 1494 4379 1709 4458; x_wconf 77' lang='lat' dir='ltr'>nacionibus</span> <span class='ocrx_word' id='word_1_214' title='bbox 1723 4378 1763 4454; x_wconf 88' lang='lat' dir='ltr'>in</span> <span class='ocrx_word' id='word_1_215' title='bbox 1778 4377 1875 4455; x_wconf 86' lang='lat' dir='ltr'>dicta</span> <span class='ocrx_word' id='word_1_216' title='bbox 1892 4376 2064 4483; x_wconf 86' lang='lat' dir='ltr'>inquesta</span> 
     </span>
     <span class='ocr_line' id='line_1_25' title="bbox 642 4507 2062 4621; baseline -0.006 -31"><span class='ocrx_word' id='word_1_217' title='bbox 642 4515 846 4604; x_wconf 84' lang='lat' dir='ltr'>contentis,</span> <span class='ocrx_word' id='word_1_218' title='bbox 863 4543 905 4591; x_wconf 80' lang='lat' dir='ltr'>ac</span> <span class='ocrx_word' id='word_1_219' title='bbox 919 4513 1021 4593; x_wconf 90' lang='lat' dir='ltr'>curie</span> <span class='ocrx_word' id='word_1_220' title='bbox 1037 4530 1164 4590; x_wconf 89' lang='lat' dir='ltr'>nostre</span> <span class='ocrx_word' id='word_1_221' title='bbox 1182 4513 1365 4620; x_wconf 87' lang='lat' dir='ltr'>registris,</span> <span class='ocrx_word' id='word_1_222' title='bbox 1381 4541 1450 4621; x_wconf 87' lang='lat' dir='ltr'>per</span> <span class='ocrx_word' id='word_1_223' title='bbox 1466 4512 1586 4619; x_wconf 91' lang='lat' dir='ltr'>ipsius</span> <span class='ocrx_word' id='word_1_224' title='bbox 1601 4511 1703 4589; x_wconf 91' lang='lat' dir='ltr'>curie</span> <span class='ocrx_word' id='word_1_225' title='bbox 1716 4527 1843 4588; x_wconf 89' lang='lat' dir='ltr'>nostre</span> <span class='ocrx_word' id='word_1_226' title='bbox 1854 4507 2062 4615; x_wconf 89' lang='lat' dir='ltr'>judicium,</span> 
     </span>
     <span class='ocr_line' id='line_1_26' title="bbox 643 4643 1474 4756; baseline -0.004 -32"><span class='ocrx_word' id='word_1_227' title='bbox 643 4651 815 4756; x_wconf 89' lang='lat' dir='ltr'>inquesta</span> <span class='ocrx_word' id='word_1_228' title='bbox 836 4645 1004 4755; x_wconf 88' lang='lat' dir='ltr'>predicta</span> <span class='ocrx_word' id='word_1_229' title='bbox 1022 4643 1096 4724; x_wconf 87' lang='lat' dir='ltr'>suit</span> <span class='ocrx_word' id='word_1_230' title='bbox 1113 4644 1281 4724; x_wconf 87' lang='lat' dir='ltr'>totaliter</span> <span class='ocrx_word' id='word_1_231' title='bbox 1299 4643 1474 4722; x_wconf 87' lang='lat' dir='ltr'>anullata.</span> 
     </span>
    </p>

    <p class='ocr_par' dir='ltr' id='par_1_7' title="bbox 700 4777 1246 4887">
     <span class='ocr_line' id='line_1_27' title="bbox 700 4777 1246 4887; baseline -0.013 -27"><span class='ocrx_word' id='word_1_232' title='bbox 700 4780 864 4860; x_wconf 88' lang='lat' dir='ltr'>Sabbato</span> <span class='ocrx_word' id='word_1_233' title='bbox 883 4797 969 4887; x_wconf 90' lang='lat' dir='ltr'>post</span> <span class='ocrx_word' id='word_1_234' title='bbox 987 4777 1246 4885; x_wconf 87' lang='lat' dir='ltr'>Epiphaniam.</span> 
     </span>
    </p>
   </div>
   <div class='ocr_carea' id='block_1_6' title="bbox 644 5035 2070 5528">
    <p class='ocr_par' dir='ltr' id='par_1_8' title="bbox 644 5035 2070 5528">
     <span class='ocr_line' id='line_1_28' title="bbox 699 5035 2068 5136; baseline -0.007 -12"><span class='ocrx_word' id='word_1_235' title='bbox 699 5047 791 5128; x_wconf 85' lang='lat' dir='ltr'><strong>XVI.</strong></span> <span class='ocrx_word' id='word_1_236' title='bbox 824 5046 1039 5125; x_wconf 85' lang='lat' dir='ltr'>Senesrallo</span> <span class='ocrx_word' id='word_1_237' title='bbox 1059 5044 1314 5134; x_wconf 84' lang='lat' dir='ltr'>Ruthenensi‚</span> <span class='ocrx_word' id='word_1_238' title='bbox 1336 5041 1515 5120; x_wconf 79' lang='lat' dir='ltr'>salutem:</span> <span class='ocrx_word' id='word_1_239' title='bbox 1536 5039 1826 5136; x_wconf 87' lang='lat' dir='ltr'>Querimoniam</span> <span class='ocrx_word' id='word_1_240' title='bbox 1846 5036 1945 5114; x_wconf 88' lang='lat' dir='ltr'>Petri</span> <span class='ocrx_word' id='word_1_241' title='bbox 1964 5035 2068 5114; x_wconf 88' lang='lat' dir='ltr'>Tho·</span> 
     </span>
     <span class='ocr_line' id='line_1_29' title="bbox 644 5167 2070 5283; baseline -0.009 -29"><span class='ocrx_word' id='word_1_242' title='bbox 644 5176 764 5256; x_wconf 88' lang='lat' dir='ltr'>losani</span> <span class='ocrx_word' id='word_1_243' title='bbox 785 5177 833 5254; x_wconf 87' lang='lat' dir='ltr'>de</span> <span class='ocrx_word' id='word_1_244' title='bbox 857 5177 1025 5255; x_wconf 87' lang='lat' dir='ltr'>Petruzia</span> <span class='ocrx_word' id='word_1_245' title='bbox 1047 5176 1278 5283; x_wconf 86' lang='lat' dir='ltr'>recepimus,</span> <span class='ocrx_word' id='word_1_246' title='bbox 1301 5174 1559 5252; x_wconf 91' lang='lat' dir='ltr'>continentem</span> <span class='ocrx_word' id='word_1_247' title='bbox 1586 5171 1692 5279; x_wconf 91' lang='lat' dir='ltr'>quod</span> <span class='ocrx_word' id='word_1_248' title='bbox 1716 5167 1920 5273; x_wconf 88' lang='lat' dir='ltr'>cumipse,</span> <span class='ocrx_word' id='word_1_249' title='bbox 1942 5168 1981 5243; x_wconf 91' lang='lat' dir='ltr'>in</span> <span class='ocrx_word' id='word_1_250' title='bbox 2003 5167 2070 5242; x_wconf 87' lang='lat' dir='ltr'>ba·</span> 
     </span>
     <span class='ocr_line' id='line_1_30' title="bbox 644 5298 2067 5414; baseline -0.012 -28"><span class='ocrx_word' id='word_1_251' title='bbox 644 5308 727 5387; x_wconf 88' lang='lat' dir='ltr'>bitu</span> <span class='ocrx_word' id='word_1_252' title='bbox 741 5308 902 5388; x_wconf 88' lang='lat' dir='ltr'>clericali</span> <span class='ocrx_word' id='word_1_253' title='bbox 918 5309 1094 5399; x_wconf 82' lang='lat' dir='ltr'>existens,</span> <span class='ocrx_word' id='word_1_254' title='bbox 1108 5323 1236 5414; x_wconf 86' lang='lat' dir='ltr'>captus</span> <span class='ocrx_word' id='word_1_255' title='bbox 1251 5305 1383 5384; x_wconf 87' lang='lat' dir='ltr'>luisset</span> <span class='ocrx_word' id='word_1_256' title='bbox 1397 5321 1436 5383; x_wconf 91' lang='lat' dir='ltr'>et</span> <span class='ocrx_word' id='word_1_257' title='bbox 1449 5303 1490 5382; x_wconf 91' lang='lat' dir='ltr'>in</span> <span class='ocrx_word' id='word_1_258' title='bbox 1500 5302 1712 5382; x_wconf 85' lang='lat' dir='ltr'>carceribus</span> <span class='ocrx_word' id='word_1_259' title='bbox 1727 5298 1865 5380; x_wconf 89' lang='lat' dir='ltr'>nostris</span> <span class='ocrx_word' id='word_1_260' title='bbox 1876 5298 2067 5382; x_wconf 90' lang='lat' dir='ltr'>detentus,</span> 
     </span>
     <span class='ocr_line' id='line_1_31' title="bbox 647 5423 2070 5528; baseline -0.01 -15"><span class='ocrx_word' id='word_1_261' title='bbox 647 5437 736 5516; x_wconf 88' lang='lat' dir='ltr'>licet</span> <span class='ocrx_word' id='word_1_262' title='bbox 754 5440 937 5528; x_wconf 90' lang='lat' dir='ltr'>indebite,</span> <span class='ocrx_word' id='word_1_263' title='bbox 961 5439 1118 5517; x_wconf 89' lang='lat' dir='ltr'>curiales</span> <span class='ocrx_word' id='word_1_264' title='bbox 1137 5438 1255 5518; x_wconf 91' lang='lat' dir='ltr'>nostri</span> <span class='ocrx_word' id='word_1_265' title='bbox 1275 5433 1492 5515; x_wconf 82' lang='lat' dir='ltr'>Villa-Nove</span> <span class='ocrx_word' id='word_1_266' title='bbox 1512 5453 1551 5514; x_wconf 88' lang='lat' dir='ltr'>et</span> <span class='ocrx_word' id='word_1_267' title='bbox 1564 5434 1628 5512; x_wconf 88' lang='lat' dir='ltr'>alii</span> <span class='ocrx_word' id='word_1_268' title='bbox 1642 5432 1785 5510; x_wconf 81' lang='lat' dir='ltr'>inimici</span> <span class='ocrx_word' id='word_1_269' title='bbox 1800 5429 1877 5518; x_wconf 86' lang='lat' dir='ltr'>sui,</span> <span class='ocrx_word' id='word_1_270' title='bbox 1894 5423 2070 5504; x_wconf 88' lang='lat' dir='ltr'>videlicet</span> 
     </span>
    </p>
   </div>
   <div class='ocr_carea' id='block_1_7' title="bbox 753 5601 1941 5660">
    <p class='ocr_par' dir='ltr' id='par_1_9' title="bbox 753 5601 1941 5660">
     <span class='ocr_line' id='line_1_32' title="bbox 753 5601 1941 5660; baseline 0.007 -8"><span class='ocrx_word' id='word_1_271' title='bbox 753 5613 805 5654; x_wconf 81' lang='lat' dir='ltr'>nes</span> <span class='ocrx_word' id='word_1_272' title='bbox 826 5613 907 5656; x_wconf 77' lang='lat' dir='ltr'>orm.</span> <span class='ocrx_word' id='word_1_273' title='bbox 933 5614 978 5656; x_wconf 84' lang='grc' dir='ltr'>ιιι.</span> <span class='ocrx_word' id='word_1_274' title='bbox 1924 5601 1941 5660; x_wconf 93' lang='grc'>7</span> 
     </span>
    </p>
   </div>
   <div class='ocr_carea' id='block_1_8' title="bbox 0 0 2945 7284">
    <p class='ocr_par' dir='ltr' id='par_1_10' title="bbox 0 0 2945 7284">
     <span class='ocr_line' id='line_1_33' title="bbox 0 0 2945 7284; baseline 0 0"><span class='ocrx_word' id='word_1_275' title='bbox 0 0 2945 7284; x_wconf 95' lang='lat' dir='ltr'> </span> 
     </span>
    </p>
   </div>
  </div>
 </body>
</html>
