5817 7292
1047 1113 1318 1223 evocares
1342 1133 1405 1206 aa
1431 1116 1640 1208 Procas.
1986 1135 2055 1205 119

633 1306 720 1355 oum
751 1277 889 1355 dictam
916 1276 1116 1385 pecuniam
1144 1273 1244 1353 dicto
1274 1272 1476 1351 lumbardo
1504 1273 1735 1353 mfficieuter
1759 1274 1958 1354 obtulisset
1985 1302 2055 1380 pro
2095 1284 2282 1346 Puumttt,

632 1436 707 1516 qua
726 1407 852 1485 eidem
869 1406 987 1487 dictes
1005 1406 1148 1485 litteras
1167 1403 1409 1513 obligaverat,
1432 1432 1496 1483 eas
1514 1403 1586 1481 sibi
1606 1404 1716 1482 reddi
1730 1403 1898 1511 petebat;
1916 1405 2058 1485 dictus·
2158 1381 2220 1423 ’Μ’

633 1567 709 1647 que
734 1538 958 1619 lumbardus
981 1528 1028 1618 er
1054 1538 1210 1616 adverso
1229 1536 1379 1615 dicebat
1403 1537 1542 1615 dictam
1561 1536 1824 1615 vendicionem
1846 1534 2057 1615 litterarum

634 1669 706 1747 sibi
730 1670 864 1748 lectam
882 1670 1014 1761 fuisse,
1036 1671 1110 1750 boc
1128 1686 1211 1748 aeto
1231 1668 1354 1775 quod,
1379 1669 1408 1744 si
1430 1666 1704 1757 dictusmiles,
1724 1667 1889 1745 termino
1908 1667 2060 1773 jamdiu

636 1800 779 1908 elapso,
807 1802 908 1879 dioto
933 1801 1136 1882 lumbardo
1155 1799 1328 1908 precium
1352 1798 1539 1879 dictarum
1558 1798 1768 1877 litterarum
1788 1814 1827 1877 et
1846 1797 1963 1876 debiti
1982 1798 2058 1875 sol-

635 1950 753 2023 veret,
783 1932 925 2011 litteras
946 1932 1046 2011 dicto
1067 1931 1182 2011 militi
1199 1930 1433 2023 restitueret,
1460 1929 1627 2037 predicta
1644 1929 1867 2009 vendicione
1889 1956 1967 2006 non
1989 1930 2058 2007 ob-

637 2080 780 2153 stante;
807 2061 959 2141 dicebat
984 2062 1106 2141 eciam
1128 2062 1236 2168 quod
1259 2062 1340 2169 ipse
1357 2061 1475 2141 dictas
1498 2061 1643 2141 lictores
1662 2061 1743 2169 jam
1759 2060 1909 2144 cuidam
1932 2060 2038 2139 alteri

634 2192 835 2271 lumbardo
863 2192 1086 2273 vendiderat
1110 2192 1209 2301 bona
1235 2189 1329 2281 lide,
1354 2198 1472 2299 quire
1497 2219 1560 2271 eas
1584 2191 1928 2272 minimereddere
1954 2209 2061 2271 teue-

634 2324 762 2403 batur:
779 2324 900 2403 Factis
918 2325 1034 2434 igitur
1052 2350 1167 2431 super
1186 2325 1278 2416 boc,
1300 2323 1349 2402 de
1362 2324 1543 2403 mandato
1557 2340 1704 2417 metro,
1720 2324 1897 2431 inquesta
1910 2351 1988 2403 nou
2002 2352 2063 2403 so

635 2454 715 2533 bam
736 2484 831 2548 una,
852 2456 921 2541 sed
939 2456 1116 2564 pluribus
1136 2455 1341 2563 modestis,
1368 2454 1532 2563 visisque
1556 2472 1594 2534 et
1617 2455 1818 2565 diligenter
1842 2455 2057 2535 examinatis

635 2614 709 2694 qvae
727 2587 769 2663 iu
787 2587 844 2665 eis
856 2586 1111 2679 continentur,
1133 2585 1222 2693 quia
1241 2586 1437 2665 inventum
1458 2602 1515 2663 est
1527 2584 1674 2692 liquide
1686 2585 1798 2692 quod
1814 2584 1936 2667 daus
1952 2584 2063 2665 miles

636 2716 824 2821 predictas
852 2716 995 2795 litteras
1017 2745 1088 2824 pro
1112 2715 1359 2824 septingentis
1381 2716 1616 2823 septuaginta
1641 2713 1749 2795 libris
1773 2715 2062 2795 Turonensibus

637 2843 866 2954 obligaverat
889 2848 989 2925 dioto
1014 2846 1235 2934 lumbardo,
1264 2862 1302 2921 et
1324 2845 1431 2950 quod
1449 2844 1545 2923 lacta
1562 2842 1635 2922 l’uit
1657 2844 1756 2925 dicta
1774 2843 1965 2934 vendicio,
1987 2846 2061 2925 boc

636 2994 764 3055 tamen
783 2992 873 3055 acto·
885 3004 1058 3083 expresse
1078 2976 1119 3053 in
1142 2973 1365 3054 vendicione
1383 2974 1552 3079 predicta
1569 2972 1689 3082 quod,
1710 2976 2060 3085 quocienscumque

637 3106 740 3186 idem
767 3107 878 3185 miles
904 3106 1008 3185 dicto
1033 3104 1234 3185 lumbardo
1264 3104 1425 3186 solveret
1449 3104 1651 3211 pecuniam
1678 3122 1923 3193 memsam„
1937 3105 2061 3185 dicam

636 3238 859 3318 lumbardus
878 3236 981 3317 dicto
1001 3236 1117 3315 militi
1139 3236 1320 3316 redderet
1337 3234 1481 3315 litteras
1506 3236 1732 3323 antedictas,
1753 3236 1967 3342 judicatum
1989 3237 2061 3314 luit

637 3400 705 3479 per
724 3372 866 3449 curiam
886 3386 1055 3449 nostram
1074 3370 1195 3475 quod,
1217 3366 1403 3448 satisfacto
1423 3368 1527 3447 dioto
1550 3367 1751 3447 lumbardo
1771 3368 1819 3445 de
1842 3368 1953 3447 dictis
1977 3396 2062 3477 sep-

634 3504 813 3612 tingentis
832 3501 1067 3613 septuaginta
1085 3500 1193 3579 libris
1211 3499 1520 3591 Turonensibus‚
1542 3500 1665 3581 dictas
1683 3500 1904 3581 lumbardus
1928 3501 2064 3579 reddet

636 3633 737 3713 dicto
756 3633 868 3711 militi
888 3632 1032 3713 litteras
1050 3631 1267 3711 antedictas.

692 3766 793 3844 lovis
812 3782 899 3872 post
915 3764 1056 3843 festum
1076 3763 1194 3841 sancti
1208 3762 1397 3851 Bamabe‚
1420 3791 1520 3842 anuo
1539 3765 1803 3841 trecentesimo
1822 3766 1950 3841 tercio.

693 3895 766 3973 Per
784 3896 986 4005 magistros
999 3896 1042 3971 in
1059 3922 1207 3976 camma
1225 3892 1470 3976 denariorum
1489 3894 1552 4001 (a).

694 4026 742 4103 Et
760 4025 831 4105 ista
850 4026 1023 4133 inquesta
1042 4052 1123 4105 non
1139 4024 1346 4105 fuitmiebi
1366 4023 1503 4107 tradita
1521 4052 1592 4104 nec
1609 4024 1769 4103 reddita.

695 4288 754 4369 Vl.
786 4287 925 4367 Ballivo
957 4288 1285 4398 Rotbomagensi:
1312 4288 1402 4369 Visa
1428 4289 1622 4395 inquesta‚
1654 4286 1703 4364 de
1726 4283 1905 4363 mandato
1935 4302 2062 4365 nostro

640 4448 710 4528 per
727 4437 764 4499 te
785 4438 824 4497 et
843 4418 1100 4499 vicecomitem
1119 4420 1463 4529 Rotbomagensem
1482 4416 1597 4511 beta,
1618 4444 1733 4524 super
1750 4416 1985 4524 pooeessione
2003 4446 2065 4495 ve·

640 4552 756 4631 nandi
782 4552 834 4631 ad
859 4576 1032 4661 gmssum
1056 4552 1194 4634 animal
1218 4580 1286 4631 seu
1306 4578 1475 4660 grossam
1495 4548 1632 4640 femin,
1661 4577 1780 4656 quam
1802 4565 1910 4657 pater
1935 4548 2064 4629 dilecti

640 4682 824 4761 lobannis
844 4681 892 4760 de
911 4681 1084 4774 Gaillonr
1100 4682 1233 4763 militis
1251 4682 1369 4765 nostri
1382 4747 1391 4777 ‚
1406 4681 1790 4789 -babebatstempore
1809 4709 1886 4789 quo
1904 4680 2065 4764 decessit

640 4812 681 4891 in
700 4843 866 4923 garenna
883 4815 931 4895 de
951 4814 1146 4926 Grollnyo‚
1167 4844 1357 4927 quamque
1377 4815 1501 4895 dietam
1518 4812 1631 4896 miles
1649 4812 1698 4890 de
1718 4813 1956 4900 successione
1970 4813 2062 4893 dicti

641 4946 757 5050 petris
777 4945 826 5024 ad
848 4974 888 5026 se
910 4948 1124 5055 pertinere,
1144 4965 1183 5027 et
1203 4947 1278 5027 sibi
1298 4976 1371 5056 per
1392 4963 1524 5058 gentes
1544 4962 1691 5027 nostras
1713 4943 1884 5023 indebite
1905 4943 2065 5053 impedi·

639 5092 717 5155 tun
732 5077 863 5175 ¹fuisse
892 5078 1061 5171 dicebat,
1095 5079 1318 5160 mandamus
1343 5079 1413 5172 tibi
1443 5077 1623 5187 quatiam
1653 5074 1779 5182 ipsum
1805 5075 1967 5153 militam
1999 5104 2066 5155 sua

638 5208 873 5311 pomessione
900 5210 1069 5316 predica
1088 5209 1128 5286 in
1149 5208 1248 5289 dicta
1267 5238 1429 5319 gerenm
1448 5208 1496 5287 ad
1514 5233 1690 5321 grossum
1707 5204 1855 5285 aranu
1871 5234 1938 5287 seu
1963 5231 2065 5312 gros·

639 5364 720 5415 sam
734 5337 852 5417 leram
865 5342 1026 5421 venandi
1041 5342 1209 5453 gaudere
1222 5344 1437 5451 permittas,
1452 5340 1769 5449 impedimentum
1785 5338 1840 5416 ibi
1856 5353 2065 5445 pergentes

642 5487 788 5548 nostras
805 5474 1021 5581 appositum
1038 5474 1191 5581 penitus
1210 5473 1433 5555 amovendo.
1633 5478 1637 5485 ’
