5817 7292
853 1120 929 1202 204
1115 1117 1125 1138 ”
1364 1168 1369 1176 ·
1402 1119 1525 1196 ..LES
1555 1117 1692 1194 otus.

628 1271 814 1336 Peucen-IV·
908 1263 1066 1343 Veneris
1084 1277 1170 1340 cute
1188 1261 1422 1341 Nativitatem
1442 1260 1609 1344 Domini.
1708 1339 1710 1346 Α

690 1363 752 1406 uc.
908 1395 1138 1482 Rosselletus
1155 1394 1368 1500 reportavit.

870 1707 876 1719 ·
907 1658 1065 1736 XXVIII.
1097 1658 1141 1733 In
1167 1685 1275 1734 causa
1302 1683 1378 1763 que
1403 1684 1528 1735 coram
1551 1657 1746 1764 preposito
1774 1654 1971 1734 Parisiensi
1999 1654 2120 1732 extitit
2144 1655 2277 1763 agitata

852 1789 952 1866 inter
970 1786 1219 1871 Guillelmum
1241 1787 1289 1899 de
1313 1786 1500 1866 Mailliaco
1524 1802 1563 1866 et
1582 1786 1668 1894 ejus·
1683 1815 1855 1876 uxorem,
1877 1787 2137 1878 Katherinam‚
2158 1782 2276 1862 filiam

852 1918 1046 2025 quondam
1063 1916 1216 2024 Nicolay
1231 1916 1440 2026 Tegularii‚
1458 1917 1547 1994 civis
1560 1917 1797 2008 Parisicnsis,¹
1814 1935 1982 2027 ngentes‚
2003 1945 2047 1994 ex
2062 1943 2138 1994 una
2152 1932 2274 2021 parte,

852 2065 889 2128 et
908 2048 1113 2139 lsabellim,
1136 2047 1274 2129 dictam
1293 2048 1329 2124 la
1346 2049 1510 2142 Damee,
1534 2046 1824 2136 defendentem,
1845 2077 1890 2126 ex
1908 2048 2041 2139 altera,
2063 2074 2177 2154 super
2195 2073 2276 2124 me-

852 2178 1055 2258 dietatibus
1067 2179 1228 2258 duarum
1245 2178 1465 2268 domorum,
1482 2179 1636 2259 sitarum
1653 2149 1829 2267 Parisios,
1845 2196 1883 2258 et
1894 2179 1977 2256 aliis
1991 2177 2218 2285 quibusdam
2233 2178 2273 2252 iu

850 2309 1038 2414 peticione
1065 2309 1253 2387 dictorum
1280 2309 1484 2419 conjugum
1509 2309 1660 2415 plenius
1684 2309 1903 2400 declaratis,
1937 2337 2096 2416 queres
2120 2306 2276 2384 fuerunt

851 2438 990 2519 Nicolai
1010 2440 1188 2548 predicti;
1210 2440 1314 2530 idem
1332 2441 1565 2548 prepositus,
1587 2442 1627 2517 in
1648 2455 1693 2521 'eo
1712 2442 1818 2548 quod
1838 2441 1927 2519 dicti
1947 2441 2126 2547 conjuges
2145 2455 2274 2516 contra

854 2568 991 2651 dictam
1014 2570 1217 2650 Ysabellim
1243 2571 1359 2649 dictas
1385 2569 1608 2651 medietates
1627 2571 1830 2654 domorum
1857 2587 1901 2650 ut
1924 2597 2008 2649 suas
2034 2569 2104 2648 sibi
2125 2568 2274 2677 adjudi-

853 2701 928 2776 cari
947 2716 986 2778 et
1005 2698 1426 2808 deliberaripetebant,
1446 2729 1514 2808 per
1534 2730 1646 2782 suum
1661 2701 1890 2812 judicatum,
1913 2701 2050 2780 dictam
2070 2698 2274 2780 Ysabellim

851 2829 1027 2922 absolvit,
1059 2848 1119 2920 et,
1147 2833 1186 2908 in
1212 2860 1258 2910 eo
1285 2833 1391 2940 quod
1416 2833 1487 2939 ipsi
1515 2833 1695 2940 petebant
1726 2851 1856 2913 contra
1883 2833 2044 2912 eandem
2069 2827 2274 2910 Ysabellim

826 2973 829 2977 ’
853 2963 971 3040 dictas
987 2962 1208 3042 medietates
1228 2962 1299 3042 sibi
1316 2991 1396 3041 esse
1419 2963 1600 3073 obligatas
1613 2966 1872 3072 pronunciari,
1891 2981 1928 3042 et
1942 2963 2012 3042 sibi
2035 2978 2079 3040 ut
2095 2961 2276 3069 obligatas

851 3091 947 3170 tradi
969 3109 1007 3171 et
1026 3092 1226 3170 deliberari
1250 3093 1297 3171 ab
1322 3094 1466 3172 eisdem
1487 3095 1713 3205 conjugibus
1738 3097 1920 3176 tenendas
1940 3112 1977 3173 et
1996 3089 2273 3200 explectandas,

852 3252 927 3302 una
946 3253 1033 3303 cum
1044 3224 1207 3331 quadam
1219 3225 1327 3302 vinee
1345 3226 1446 3333 apud
1464 3227 1879 3334 Villam-NovamRegis
1898 3226 1982 3314 sita,
2009 3221 2277 3330 conquestibus

853 3374 891 3433 et
910 3356 990 3434 aliis
1003 3356 1114 3434 bonis
1134 3355 1224 3432 dicti
1245 3358 1437 3464 quondam
1452 3358 1620 3466 Nicolay,
1642 3386 1711 3464 pro
1730 3356 1960 3465 perficiendo
1976 3355 2123 3432 eisdem
2145 3354 2275 3461 conju-

851 3485 961 3595 gibus
981 3487 1172 3576 defectum
1191 3488 1409 3596 quindecim
1437 3490 1620 3570 librarum
1638 3489 1755 3568 annui
1772 3489 1945 3570 redditus
1964 3503 2003 3564 et
2022 3486 2209 3594 octoginta
2228 3483 2274 3560 li-

851 3617 1059 3699 brarumin
1078 3618 1189 3696 bonis
1208 3597 1493 3711 mobilibuset
1511 3648 1580 3728 pro
1601 3620 1825 3728 aequitando
1845 3636 1882 3698 et
1901 3617 2098 3698 liberando
2119 3615 2274 3695 eosdem

853 3749 1031 3858 conjuges
1042 3779 1128 3860 erga
1139 3751 1343 3831 creditores
1354 3752 1454 3832 dicte
1464 3753 1669 3832 Katherine
1685 3752 1732 3829 de
1749 3752 1920 3830 ducentis
1939 3749 2045 3830 libris
2065 3776 2157 3855 quas
2177 3747 2275 3826 dicta

749 3903 753 3910 ·
853 3881 1057 3972 Katherina
1074 3881 1253 3972 debebat,
1274 3900 1447 3992 tempore
1463 3911 1540 3991 quo
1559 3884 1843 3963 matrimonium
1863 3881 2045 3962 contraxit
2065 3908 2150 3958 cum
2169 3878 2277 3958 Guil-

852 4011 970 4108 lelmo
987 4013 1177 4120 predicto,
1203 4014 1341 4092 dictam
1360 4012 1565 4094 Ysabellim
1586 4041 1655 4122 per
1674 4014 1777 4094 idem
1791 4012 1980 4122 judicium
2000 4010 2277 4092 sentencialiter

853 4143 1157 4252 condempnavit,
1179 4170 1200 4224 a
1218 4174 1295 4252 quo
1310 4145 1480 4255 judicato
1502 4146 1839 4253 condempnatorio
1859 4145 1958 4223 dicta
1977 4143 2177 4230 Ysabellis,
2197 4126 2278 4220 tan-

853 4305 965 4380 quam
982 4307 1003 4353 a
1020 4275 1113 4376 folsc
1133 4295 1172 4356 et
1190 4307 1322 4384 pravo,-
1342 4279 1391 4356 ad
1409 4295 1577 4357 nostram
1597 4279 1738 4358 curiam
1756 4277 1978 4386 appellavit:
1999 4276 2148 4356 Auditis
2164 4275 2277 4385 igitur

851 4406 891 4482 in
917 4436 1025 4488 causa
1045 4409 1145 4486 dicte
1164 4408 1431 4516 appellarionis
1449 4409 1619 4518 partibus
1638 4408 1854 4498 antedictis,
1877 4425 1918 4488 ct
1937 4407 2022 4488 visis
2036 4407 2277 4514 processibus

852 4554 891 4614 et
903 4538 1074 4645 judicato
1092 4540 1290 4645 predictis,
1310 4568 1381 4647 per
1394 4541 1498 4620 curie
1519 4556 1647 4622 nostre
1662 4541 1854 4649 judicium
1878 4539 2024 4618 dictum
2037 4537 2109 4617 fuit
2131 4557 2169 4616 et
2190 4565 2276 4645 pro·

853 4669 1072 4759 nunciatum
1093 4668 1236 4758 disum]
1255 4669 1607 4781 prepositumbene
1628 4670 1834 4779 judicasse,
1857 4687 1895 4748 et
1922 4667 2058 4748 dictam
2074 4665 2275 4744 Ysobellim

852 4797 1197 4907 maleappellasse,
1214 4816 1253 4878 et
1271 4799 1376 4904 quod
1389 4799 1768 4910 dietumjudicatum
1788 4799 2029 4881 mandabitur
2044 4795 2273 4874 execucioni.

908 4932 1065 5013 Veneris
1083 4948 1170 5012 ante
1191 4931 1435 5020 Nativitatem
1446 4933 1616 5026 Domini.

869 5118 873 5124 ,
908 5064 1012 5148 Md.
1033 5062 1249 5150 'Anthemus
1268 5063 1496 5180 reportarit.⁴

893 5327 1030 5417 »XXIX
1063 5327 1159 5409 cum
1181 5297 1390 5436 aquodam
1405 5327 1577 5437 judicato
1601 5326 1859 5436 percuetodes
1885 5323 2143 5402 nundinarum
2169 5324 2277 5402 Cam-

851 5461 961 5566 panie
981 5456 1097 5545 facto,
1118 5485 1188 5559 pro
1207 5459 1390 5539 Morando
1409 5459 1457 5536 de
1474 5457 1635 5538 Morfaut
1654 5476 1782 5538 contra
1796 5453 1949 5534 fratrem
1963 5455 2168 5544 Milonem,
2189 5483 2275 5560 pro-
