5817 7292
1034 1001 1300 1106 nuousrss
1326 1019 1391 1090 nr
1417 997 1621 1092 pauens.
1967 1017 2039 1088 cao

615 1177 720 1251 runt,
743 1158 907 1238 reddent
926 1187 970 1236 er
988 1159 1136 1267 integro
1154 1158 1255 1236 dicto
1272 1157 1436 1267 pupillo,
1459 1159 1530 1240 sub
1552 1157 1789 1236 estimacione
1805 1155 1987 1265 predicta,
2001 1156 2040 1232 in
2080 1165 2209 1222 Parnm
2223 1171 2265 1235 tv,

615 1319 690 1397 qua
718 1289 932 1367 redditione
955 1289 1022 1366 liet
1049 1288 1103 1366 eis
1126 1288 1305 1366 deductio
1333 1289 1381 1364 de
1407 1288 1584 1366 omnibus
1611 1289 1857 1394 pecuniarum
1885 1287 2041 1396 summis
2141 1260 2203 1302 Μ’

615 1448 709 1527 quas
728 1419 797 1527 ipsi
813 1418 1043 1498 sufficienter
1057 1419 1249 1497 docebunt
1262 1447 1320 1507 sc,
1337 1419 1487 1496 racione
1502 1418 1591 1495 dicti
1609 1433 1837 1507 contractus,
1854 1417 2041 1496 tutoribus

615 1551 734 1656 ipsius
750 1550 885 1658 pupilli
899 1551 957 1628 vel
973 1549 1245 1656 aliispersonis,
1262 1549 1445 1656 prodictu
1461 1547 1608 1656 pupillo
1624 1566 1663 1626 et
1676 1549 1724 1626 ad
1736 1549 1817 1656 ejus
1830 1547 2040 1639 utilitatem,

615 1682 782 1771 solvisse,
806 1699 844 1759 ct
868 1711 954 1758 cum
975 1681 1065 1771 hoc,
1088 1681 1136 1758 de
1162 1680 1390 1788 quibusdam
1414 1679 1588 1788 dampnis
1607 1707 1684 1786 que
1706 1679 1795 1757 dicti
1817 1677 1906 1758 socii
1927 1707 1965 1756 se
1986 1678 2043 1756 di-

615 1830 721 1905 cunt,
754 1813 793 1888 in
819 1811 1065 1921 percepcione
1093 1812 1282 1890 dictorum
1313 1811 1525 1901 fructuum,
1551 1811 1721 1917 predicto
1745 1811 1904 1887 durante
1931 1810 2042 1916 quin·

614 1944 797 2047 quennio,
821 1944 1017 2022 occasione
1030 1971 1166 2051 guerre
1186 1941 1302 2020 turris
1321 1942 1535 2032 Avinionis,
1554 1959 1593 2019 et
1612 1942 1761 2020 racione
1778 1941 2041 2020 inundacionis

613 2100 810 2176 aquarum,
827 2071 1066 2160 sustinuisse,
1089 2072 1138 2149 de
1157 2071 1298 2177 quibus
1318 2071 1493 2178 dampnis
1511 2070 1696 2178 legittime
1718 2069 1920 2160 constabit,
1939 2073 2039 2150 racio

612 2200 813 2280 habebitur
837 2218 951 2307 prout
967 2201 1118 2310 justicia
1143 2201 1339 2292 suadebit,
1368 2200 1515 2280 fructus
1535 2230 1622 2281 vero
1648 2220 1686 2280 et
1711 2201 1830 2280 exitus
1855 2202 1944 2278 dicti
1965 2203 2038 2280 loci

611 2331 693 2438 qui,
708 2332 857 2409 racione
874 2332 964 2411 dicti
980 2330 1124 2423 debati,
1141 2333 1181 2409 in
1194 2360 1309 2409 manu
1324 2349 1450 2411 nostra
1462 2349 1652 2421 tenentur,
1671 2332 1768 2410 dicta
1783 2361 1898 2410 manu
1913 2350 2038 2412 nostra

612 2463 701 2540 inde
722 2481 863 2552 amota,
885 2462 1011 2540 eidem
1025 2462 1174 2571 pupillo
1195 2461 1515 2540 deliberabuntur.

668 2592 803 2670 Actum
821 2593 997 2683 Parisius‚
1016 2593 1079 2670 die
1095 2593 1225 2671 martis
1241 2594 1282 2669 in
1295 2592 1420 2700 vigilia
1435 2593 1534 2672 beati
1551 2593 1761 2686 Michaelis,
1783 2621 1881 2670 anno
1893 2610 2039 2672 trecen·

611 2723 747 2801 tesimo
768 2724 980 2804 undecimo.

668 2854 834 2963 Magistri
848 2857 880 2932 l.
902 2854 951 2931 de
965 2853 1080 2934 Ceres
1100 2871 1138 2932 et
1160 2855 1201 2931 P.
1223 2855 1387 2961 Mangon
1406 2871 1700 2959 reportaverunt.

666 3117 724 3195 Ν.
758 3117 932 3224 lnquesta
942 3133 1071 3194 contra
1086 3116 1286 3194 dominum
1301 3115 1349 3193 de
1368 3115 1638 3225 Pinquigniaco
1655 3115 1758 3206 sacta,
1771 3143 1885 3222 super
1899 3116 2035 3225 injuria

610 3275 683 3353 que
701 3246 839 3324 dicitur
855 3245 970 3325 fuisse
987 3245 1080 3324 lacta
1095 3245 1327 3324 monialibus
1346 3245 1500 3324 abbacie
1516 3246 1917 3356 BeateMarie·Regalis
1930 3247 2036 3355 juxta

608 3378 856 3471 Pontisaram,
878 3379 953 3456 visa
971 3375 1060 3469 fuit,
1082 3378 1245 3456 sednon
1264 3376 1337 3456 fuit
1350 3376 1518 3486 judicata
1539 3406 1582 3456 ex
1606 3405 1737 3470 causa,
1760 3394 1798 3456 et
1816 3377 1889 3456 suit
1908 3407 2036 3484 repor-

608 3524 682 3586 tata
699 3509 738 3585 in
758 3509 950 3617 presencia
970 3509 1114 3587 domini
1133 3509 1255 3617 Regis.
2014 3505 2017 3512 ’

665 3639 801 3715 Actum
818 3639 859 3716 in
879 3638 977 3716 dicta
997 3639 1166 3730 abbacia,
1183 3637 1246 3715 die
1263 3637 1410 3716 veneris
1428 3653 1514 3742 post
1533 3636 1820 3714 Penthecosten.

666 3899 710 3976 V.
740 3898 889 3978 Auditis
920 3897 1113 4005 partibus,
1143 3899 1314 4005 precepit
1344 3898 1445 3976 curia
1475 3897 1582 4004 quod
1610 3897 1782 4005 inqueste
1810 3895 1903 3977 facta
1933 3900 2032 3980 inter

608 4031 827 4140 magistrum
852 4027 1102 4110 Guillelmum
1126 4028 1174 4108 de
1195 4030 1331 4110 Dumis
1354 4045 1393 4108 et
1410 4027 1661 4109 Guillelmum
1682 4030 1899 4137 Symondis,
1921 4059 2033 4140 super

608 4159 835 4266 quibusdam
855 4160 978 4239 verbis
1001 4159 1194 4269 injuriosis
1218 4159 1328 4238 dictis
1346 4159 1517 4267 predicto
1536 4160 1713 4269 magistro
1732 4159 1960 4250 Guillelmo,
1981 4163 2033 4240 vi-

608 4291 742 4370 deatur
765 4292 815 4369 ad
832 4291 943 4370 illum
968 4289 1083 4370 finem
1105 4291 1154 4370 ad
1172 4320 1289 4400 quem
1309 4293 1449 4400 poterit
1467 4292 1604 4382 videri,
1627 4290 1836 4370 cumidem
1858 4293 2033 4402 magister

607 4421 835 4502 Guillelmus
853 4440 1040 4531 proponat
1058 4424 1161 4532 quod
1178 4424 1273 4532 ipse,
1295 4424 1406 4502 certis
1424 4423 1474 4501 de
1489 4423 1626 4514 causis,
1643 4423 1825 4502 recusavit
1840 4422 1949 4501 illum
1965 4426 2031 4530 qui

608 4551 745 4631 dictam
758 4552 848 4632 fecit
861 4555 1084 4661 inquestam.
1098 4558 1231 4633 Postea
1247 4554 1388 4661 placuit
1400 4554 1503 4632 dicto
1518 4553 1694 4664 magistro
1706 4553 1914 4634 Guillelmo
1928 4557 2032 4664 quod

606 4684 778 4791 inquesta
796 4685 964 4793 predicta
977 4715 1047 4793 pro
1067 4685 1173 4766 nulla
1193 4685 1386 4776 habeatur,
1408 4704 1447 4764 et
1466 4686 1641 4795 injuriam
1661 4686 1868 4793 predictam
1888 4687 2031 4767 remisit

606 4814 743 4894 eidem.

662 4946 762 5026 lovis
785 4964 871 5054 post
885 4947 1308 5056 Sanctum-Georgium,
1330 4976 1428 5028 anno
1444 4947 1709 5028 trecentesimo
1729 4948 1943 5040 undecimo,
1965 4949 2030 5026 Pa-

605 5104 728 5156 nsrus.

661 5337 720 5415 Vl.
750 5325 1371 5454 inquestasactainterlaquelinam
1383 5345 1432 5428 de
1445 5344 1686 5455 lachapelle,
1703 5372 1747 5427 ex
1761 5360 1865 5452 parte
1885 5371 1976 5438 nna,
1989 5364 2027 5428 et
