5817 7292
1008 1099 1277 1213 nnoutrns
1303 1119 1367 1193 nr
1394 1101 1600 1195 rnocts.
1944 1122 2013 1193 621

594 1298 663 1377 per
682 1286 829 1377 partem
859 1265 1067 1355 adversam,
1097 1263 1277 1373 quasdam
1306 1262 1449 1343 litteras
1477 1281 1515 1341 et
1539 1262 1787 1339 instrumenta
1809 1288 1923 1367 super
1949 1262 2021 1339 hoc
2058 1276 2246 1338 Permisit.

596 1399 833 1481 ostendendo
850 1427 858 1472 :
875 1398 1059 1487 Tandem,
1077 1396 1215 1474 auditis
1234 1393 1324 1472 hinc
1343 1394 1433 1473 inde
1450 1392 1653 1500 propositis
1673 1406 1711 1469 et
1723 1391 1810 1469 visis
1829 1391 1964 1471 litteris
1984 1412 2023 1471 et
2120 1367 2184 1411 Μ’

517 1516 520 1523 ’
595 1529 856 1608 instrumentis
869 1530 1036 1636 parcium
1046 1525 1318 1635 predictarum,
1330 1554 1399 1634 per
1410 1542 1594 1602 arrestum
1608 1540 1735 1601 nostre
1746 1522 1865 1610 curie,
1878 1521 2022 1599 dictum

597 1660 670 1737 luit
687 1662 785 1739 dicte
796 1688 932 1738 manus
943 1677 1071 1738 nostre
1087 1656 1364 1767 apposicionem
1380 1655 1420 1732 in
1436 1654 1546 1732 dictis
1562 1655 1690 1733 castris
1702 1671 1740 1732 et
1751 1652 1878 1744 bonis,
1894 1669 1932 1729 et
1944 1651 2025 1760 ejus

596 1790 818 1871 fractionem
836 1820 905 1898 per
922 1809 1052 1902 gentes
1072 1808 1111 1869 et
1132 1789 1325 1867 ministros
1346 1788 1445 1865 dicte
1465 1786 1648 1865 Ysabellis
1666 1786 1817 1875 factam,
1838 1783 2027 1862 sufficien-

595 1939 656 2001 ter
677 1950 755 2001 esse
774 1920 992 2029 probatam,
1016 1937 1054 1997 et
1070 1920 1176 2028 quod
1196 1920 1294 1996 dicta
1308 1947 1443 1995 manus
1463 1933 1591 1995 nostra
1608 1914 1899 2023 reintegrabitur
1918 1932 1955 1992 et
1969 1944 2029 1993 re·

596 2053 770 2130 saisietur
790 2050 838 2127 de
862 2050 1041 2128 omnibus
1059 2048 1244 2127 fructibus
1269 2064 1307 2125 et
1325 2047 1486 2124 exitibus
1505 2046 1595 2123 inde
1614 2046 1800 2154 perceptis
1819 2074 1931 2151 supra
1950 2074 2029 2124 ma-

595 2210 689 2258 num
701 2196 865 2257 nostram
878 2179 1098 2284 predictam,
1111 2195 1148 2256 ct
1161 2178 1264 2285 quod
1279 2178 1377 2255 dicta
1391 2176 1575 2255 Ysabellis
1584 2178 1656 2255 hoc
1666 2178 1778 2256 nobis
1791 2176 2025 2269 emendabit,

596 2328 650 2401 et,
671 2309 747 2387 hiis
760 2308 882 2398 lactis,
903 2325 1029 2416 partes
1049 2308 1252 2386 audientur
1265 2336 1379 2415 super
1392 2336 1526 2386 eorum
1543 2309 1742 2415 questione
1757 2308 1971 2417 principali,
1989 2327 2028 2386 et

595 2442 749 2519 interim
762 2439 861 2527 dicta
881 2469 1015 2519 manus
1029 2457 1157 2518 nostra
1171 2439 1381 2517 remanebit
1394 2440 1576 2546 apposita,
1592 2440 1688 2517 sicut
1702 2441 1823 2547 prius,
1843 2442 1884 2518 in
1899 2440 2026 2517 castris

597 2588 635 2649 et
652 2570 765 2649 bonis
778 2570 969 2677 predictis.

653 2688 789 2778 Actum
804 2698 906 2806 apud
916 2700 1158 2790 Pontisaram,
1172 2698 1360 2777 dominica
1375 2698 1738 2778 anteAscencionem
1747 2699 1915 2791 Domini,
1928 2727 2026 2777 anno

597 2830 861 2909 trecentesimo
877 2828 1094 2908 undecimo.

657 3092 764 3172 CXV.
795 3092 1013 3171 Secundum
1032 3110 1205 3170 tenorem
1222 3093 1368 3183 arresti,
1389 3091 1529 3171 auditis
1547 3091 1854 3199 procuratoribus
1878 3092 2025 3170 comitis

599 3221 920 3303 Claromontensis
940 3240 979 3300 et
996 3252 1099 3300 nunc
1116 3221 1307 3301 comitisse
1321 3223 1608 3313 Attrebatensis,
1625 3251 1694 3329 per
1705 3223 1845 3301 curiam
1860 3242 2024 3302 nostram

596 3351 701 3449 sacti,
720 3354 795 3433 visa
808 3354 982 3463 inquesta
999 3353 1147 3431 dudum
1162 3354 1209 3429 de
1228 3354 1405 3431 mandato
1422 3372 1551 3431 nostro
1569 3352 1679 3444 lacta,
1696 3354 1953 3431 interdictum
1971 3384 2027 3432 co

598 3485 732 3563 mitem
748 3485 1100 3563 Claromontensem
1119 3500 1157 3559 et
1171 3484 1252 3591 ejus
1267 3511 1435 3572 uxorem,
1453 3510 1499 3561 ex
1513 3512 1586 3559 una
1601 3500 1721 3587 parte,
1743 3498 1780 3559 et
1799 3484 2024 3573 Robertum,

599 3615 792 3721 quondam
806 3616 984 3693 comitem
998 3613 1316 3705 Attrebatensem,
1332 3642 1376 3689 ex
1390 3612 1523 3700 altera,
1538 3612 1689 3690 racione
1704 3612 1895 3690 bonorum
1911 3613 2026 3691 mobi-

599 3743 691 3821 lium
712 3772 753 3819 ac
767 3761 1043 3849 conquestuum
1060 3741 1320 3819 interdictum
1337 3743 1515 3820 comitem
1530 3739 1830 3818 Attrebatensem
1850 3758 1887 3817 et
1905 3743 2027 3849 Agne-

599 3890 695 3959 tem‚
708 3872 897 3950 dominam
907 3869 1147 3962 Borbonesii,
1158 3870 1418 3977 ejusuxorem,
1432 3887 1591 3947 matrem
1599 3870 1698 3947 dicte
1708 3870 1895 3948 comitisse
1903 3871 2026 3949 Claro

602 4000 826 4090 montensis,
843 4018 1013 4107 tempore
1031 4028 1108 4107 quo
1126 4000 1206 4106 ipsa
1221 4000 1389 4089 decessit,
1407 3999 1602 4107 qnondam
1618 4000 1895 4091 communium,
1912 4030 2027 4108 super

603 4160 650 4211 eo
670 4130 774 4238 quod
796 4128 917 4207 dictus
936 4156 1063 4209 comes
1082 4129 1404 4209 Claromontcnsis
1425 4146 1463 4207 et
1482 4129 1563 4237 ejus
1582 4158 1687 4218 uxor,
1710 4148 1809 4207 certa
1827 4130 1874 4207 de
1897 4160 2022 4221 causa,

601 4263 781 4371 petebant
800 4260 987 4339 dictorum
1005 4261 1207 4340 mobilium
1227 4278 1265 4338 et
1285 4278 1561 4369 conquestuum
1582 4261 1826 4339 medietatem
1843 4261 1914 4339 sibi
1931 4262 2026 4339 deli·

601 4391 741 4481 berari,
771 4420 877 4480 cum,
903 4420 972 4498 per
996 4392 1208 4498 inquestam
1232 4391 1459 4499 predictam,
1480 4408 1654 4498 appareat
1680 4393 1784 4499 quod
1808 4410 2027 4500 procurator

604 4522 694 4601 dicti
715 4521 863 4600 comitis
888 4521 1158 4601 Attrebatensis
1181 4521 1373 4600 consessus
1398 4522 1470 4599 luit
1494 4522 1638 4600 dictum
1658 4524 1835 4601 comitem
1854 4523 2026 4602 Attreba-

602 4670 765 4743 tensem,
780 4680 849 4760 per
860 4652 1053 4731 ministros
1065 4681 1168 4744 suos,
1185 4654 1314 4762 plures
1327 4672 1493 4762 receptas
1505 4652 1652 4743 secisse,
1665 4670 1752 4760 post
1763 4654 1911 4732 obitum
1926 4656 2024 4733 dicte

603 4782 779 4892 Agnetis,
802 4782 979 4861 debonis
1005 4786 1271 4863 commimibus
1291 4785 1485 4893 predictis,
1508 4785 1672 4893 allegans
1693 4784 1813 4863 dictos
1834 4785 2026 4863 ministros

603 4914 731 5021 plures
751 4914 878 4991 misias
902 4931 940 4991 ct
959 4942 1136 5020 expensas
1158 4916 1287 4993 fecisse
1310 4932 1465 5023 propter
1489 4915 1579 5005 hoc,
1602 4913 1700 5024 quas'
1717 4915 1868 5022 petebat
1888 4917 2023 4994 deduci

605 5044 652 5122 de
664 5045 823 5152 receptis
837 5043 1026 5151 predictis,
1046 5045 1224 5153 dictoque
1238 5063 1479 5161 procuratore
1493 5046 1639 5125 comitis
1653 5046 1972 5125 Claromoutensis
1988 5066 2025 5124 et

605 5172 687 5280 ejus
702 5178 827 5255 uxoris
840 5177 957 5255 dictas
971 5177 1097 5255 misias
1108 5194 1282 5286 negante,
1297 5206 1376 5255 non
1394 5177 1509 5257 suerit
1522 5180 1718 5257 inventum
1729 5206 1798 5285 per
1813 5179 2024 5286 inquestam

605 5303 808 5406 predictam
824 5307 928 5413 quod
940 5309 1123 5415 assignata
1132 5306 1246 5387 luerit
1258 5308 1353 5399 dies,
1366 5308 1424 5387 vel
1440 5311 1524 5388 data
1536 5308 1671 5387 dilacio
1682 5308 1782 5386 dicto
1791 5307 2023 5414 procuratori

606 5434 754 5510 comitis
772 5433 1042 5517 Attrebatensis
1062 5438 1109 5516 ad
1129 5438 1368 5545 probandum
1386 5440 1511 5519 misias
1530 5439 1715 5547 predictas
1732 5468 1741 5514 ε
1757 5440 1829 5513 Per
1841 5450 2023 5512 arrestum
