5817 7292
873 1095 946 1171 tto
1455 1096 1546 1168 Lus
1572 1094 1712 1168 OLIM.

648 1261 779 1316 eninm
790 1255 834 1319 tv,
871 1238 1043 1330 reclusis,
1065 1237 1194 1344 plures
1213 1235 1428 1314 consimiles
1443 1253 1482 1313 et
1499 1236 1659 1344 majores
1674 1233 1852 1326 insultus,
1874 1250 2037 1340 quotuor
2052 1234 2110 1312 vel
2126 1238 2294 1347 quinque

708 1353 771 1396 ”⁰⁸¹
872 1370 1047 1449 noctibus
1066 1366 1328 1475 sequentibus,
1351 1364 1522 1443 lecerunt
1537 1395 1578 1442 ac
1593 1364 1710 1442 eciam
1730 1362 1958 1452 intulerunt,
1981 1365 2118 1444 dictam
2136 1367 2292 1446 domum

871 1529 1116 1580 communem
1134 1512 1222 1576 cum
1242 1497 1355 1573 armis
1372 1494 1519 1574 sortiter
1535 1493 1744 1574 invadendo
1760 1525 1802 1572 ac
1818 1497 1936 1572 eciam
1950 1495 2139 1574 hostiliter
2153 1527 2293 1608 expug-

870 1634 1014 1722 nando;
1027 1631 1120 1737 quin
1131 1630 1249 1706 immo
1263 1627 1372 1705 dictis
1382 1626 1606 1704 officialibus
1617 1627 1898 1717 communibus,
1912 1627 1951 1703 in
1963 1626 2061 1706 dicta
2073 1629 2187 1708 domo
2197 1659 2295 1708 com·
2384 1687 2390 1698 .

870 1764 976 1841 muni
1004 1763 1059 1839 sic
1077 1758 1323 1838 existentibus
1343 1775 1381 1835 et
1402 1756 1575 1847 reclusis,
1603 1784 1673 1833 nec
1691 1757 1738 1834 ab
1760 1786 1802 1834 ea
1825 1774 1933 1835 metu
1951 1759 2082 1838 mortis
2105 1757 2292 1838 dictorum

870 1893 1133 1972 invadencium
1144 1891 1242 1967 exire
1257 1887 1503 1978 audentibus3
1519 1902 1557 1964 et
1571 1887 1659 1993 quia
1674 1887 1713 1964 in
1730 1887 1828 1966 dicta
1842 1886 1929 1966 villa
1943 1888 2138 1998 Marologii
2151 1919 2227 1968 non
2243 1891 2294 1968 in·

735 2121 738 2126 .
868 2024 1068 2102 veniebant
1080 2022 1145 2129 qui
1163 2020 1334 2099 victualia
1349 2017 1510 2109 eisdem,
1526 2019 1644 2095 eciam
1659 2018 1783 2096 oblata
1796 2020 1972 2126 pecunia,
1988 2021 2151 2098 vendere
2161 2022 2290 2114 vellet,
2320 2037 2323 2042 '

869 2116 1004 2244 immol
1025 2183 1111 2261 cum
1130 2182 1198 2259 per
1212 2151 1371 2230 nuncios
1384 2152 1573 2229 dictorum
1589 2147 1807 2231 officialium
1824 2151 2100 2241 communium,
2117 2152 2291 2240 homines

869 2286 968 2364 dicte
982 2286 1087 2374 ville,
1106 2285 1171 2392 qui
1186 2285 1316 2362 vinum
1332 2300 1369 2360 et
1384 2281 1454 2358 alia
1469 2279 1640 2358 victualia
1655 2281 1807 2387 publice
1823 2282 1981 2360 vendere
1996 2298 2085 2360 sunt
2099 2285 2286 2376 consueti,

868 2447 981 2522 super
1000 2417 1073 2494 hoc
1091 2414 1386 2521 requirerentur,
1404 2411 1618 2490 asserebant
1638 2428 1676 2489 et
1694 2411 1871 2491 dicebant
1887 2412 1990 2519 quod
2004 2412 2146 2490 eisdem
2164 2413 2290 2521 aliqua

868 2548 1030 2626 vendere
1051 2543 1129 2623 noir
1149 2547 1349 2633 auderent,
1370 2559 1524 2650 propter
1543 2540 1867 2650 prohibicionem,
1885 2571 1997 2650 snper
2012 2543 2104 2656 hoc,
2125 2573 2193 2650 per
2213 2545 2290 2624 dio-

867 2694 949 2754 turn
968 2677 1360 2782 Campum-Longum
1381 2691 1420 2750 et
1439 2701 1528 2751 suos
1548 2673 1752 2753 servientes
1773 2674 1827 2752 eis
1846 2672 1998 2766 saetam,
2021 2703 2090 2752 nos
2108 2703 2212 2770 vero,
2233 2693 2291 2755 tot

867 2824 905 2884 et
916 2823 1016 2884 tanta
1030 2807 1204 2884 nolentes
1220 2805 1449 2910 pertransire
1471 2804 1673 2912 impunita,
1696 2833 1810 2911 super
1828 2806 2019 2910 premissis
2034 2807 2291 2886 mandavimus

865 2939 1058 3016 veritatem
1081 2936 1223 3043 inquiri
1250 2953 1289 3014 et
1311 2935 1422 3013 nobis
1449 2965 1520 3014 seu
1546 2936 1648 3014 curie
1668 2954 1795 3014 nostre
1815 2935 1947 3014 referri
1967 2969 1976 3014 ι
1996 2937 2083 3018 Visa
2102 2939 2218 3046 igitur
2237 2939 2291 3014 in-

862 3087 998 3177 questa
1016 3098 1130 3176 super
1148 3067 1340 3173 premissis
1356 3065 1404 3144 de
1424 3066 1602 3144 mandato
1623 3085 1751 3145 nostro
1771 3068 1882 3158 faeta,
1900 3085 1938 3146 et
1949 3068 2087 3147 auditis
2103 3069 2292 3149 defensio·

865 3200 977 3277 nibus
996 3201 1184 3278 dictorum
1203 3199 1484 3288 invadencium,
1506 3197 1596 3305 quia
1615 3217 1810 3306 repertum
1830 3217 1886 3278 ost
1908 3199 2138 3278 sufficienter
2155 3202 2291 3306 proba·

865 3331 1060 3437 tumipsos
1070 3347 1109 3408 et
1120 3358 1253 3408 eorum
1264 3329 1478 3435 quemlibet
1487 3359 1603 3437 super
1614 3330 1928 3437 premissisluisse
1941 3349 1980 3408 et
1992 3360 2070 3408 esse
2081 3331 2288 3438 culpabiles

867 3477 905 3537 et
919 3462 1125 3551 convictos,
1145 3489 1214 3567 per
1222 3461 1414 3569 judicium
1428 3461 1532 3538 curie
1548 3478 1691 3550 nostre,
1710 3461 1780 3569 ipsi
1797 3477 1982 3540 eteorum
1998 3461 2160 3568 quilibet
2176 3463 2287 3541 nobis

867 3607 905 3668 et
923 3590 1024 3668 dicto
1045 3592 1220 3698 episcopo
1239 3591 1554 3699 proporcionibus
1574 3593 1771 3700 equalibus
1789 3593 2052 3700 condempnati
2070 3591 2226 3670 suerunt
2238 3595 2286 3670 ad

866 3723 1065 3799 emendam
1079 3722 1119 3798 in
1134 3722 1293 3800 modum
1309 3741 1348 3801 et
1361 3721 1522 3802 sormam
1539 3724 1604 3831 qui
1620 3723 1807 3829 sequitur:
1827 3724 1953 3801 Primo
1971 3723 2092 3802 dictus
2106 3721 2287 3830 Campus-

863 3857 1016 3963 Longus
1035 3855 1201 3961 privatur
1219 3872 1403 3961 perpetuo
1432 3854 1479 3932 ab
1506 3855 1610 3932 omni
1630 3854 1756 3932 officio
1776 3854 1929 3960 publico
1956 3853 2111 3932 obtento
2132 3872 2170 3932 et
2189 3853 2289 3932 obti-

863 3986 992 4063 nendo
1012 3985 1052 4062 in
1072 4015 1188 4095 regno
1207 4004 1354 4079 nostro,
1376 3986 1493 4063 eciam
1515 3985 1586 4063 sub
1606 4014 1866 4093 quocumque,
1894 4003 1932 4063 et
1953 4015 2039 4063 eum
2057 3986 2130 4063 hoc
2149 3986 2188 4062 in
2209 4015 2288 4063 car-

864 4143 947 4194 cere
971 4144 1040 4223 per
1065 4117 1264 4195 dimidium
1293 4146 1435 4194 annum
1463 4115 1709 4208 detinebitur,
1733 4134 1770 4194 et
1790 4118 1830 4194 in
1858 4117 2012 4223 pecunia
2038 4117 2157 4195 solvet
2180 4117 2287 4194 mille

865 4243 978 4323 libras
988 4249 1249 4340 Turonenses3
1262 4268 1425 4358 quatuor
1439 4250 1521 4356 ejus
1536 4249 1754 4339 servientes,
1767 4249 1834 4356 qui
1849 4277 1935 4326 cum
1952 4277 1997 4326 eo
2014 4246 2284 4338 interfuerunt,

864 4377 1038 4455 videlicet
1055 4379 1292 4470 Plomionus,
1313 4384 1484 4471 Terreta,
1506 4383 1719 4488 Tasquetus
1742 4396 1780 4458 ct
1798 4379 1989 4458 Laluerias
2008 4397 2190 4488 perpetuo
2210 4379 2286 4487 pri-

863 4507 934 4584 vati
954 4525 1041 4585 sunt
1064 4511 1166 4586 omni
1191 4514 1363 4605 servicio,
1387 4529 1531 4590 etcum
1552 4513 1626 4590 hoc
1646 4513 1881 4592 tenebuntur
1897 4542 1966 4620 per
1983 4541 2125 4589 annum
2144 4512 2185 4588 in
2208 4540 2287 4588 car-

863 4667 966 4729 cere3
988 4640 1164 4746 magister
1180 4643 1370 4720 lohannes
1389 4645 1437 4722 de
1459 4644 1586 4752 Sagio,
1600 4643 1719 4750 judex
1735 4643 1947 4722 ordinarius
1960 4643 2059 4721 dicte
2074 4643 2179 4731 ville,
2196 4641 2284 4747 quia

863 4770 961 4847 male
981 4789 1018 4848 et
1037 4772 1270 4881 negligenter
1285 4803 1324 4852 se
1345 4775 1481 4853 habuit
1494 4774 1590 4853 circa
1606 4774 1849 4880 punicionem
1863 4791 1901 4852 et
1913 4775 2182 4852 correctionem
2196 4801 2283 4879 pro-

862 4902 1062 4980 missorum
1083 4906 1131 4983 ab
1149 4907 1272 4984 officio
1293 4937 1362 4986 suo
1381 4908 1549 5012 privatus
1568 4924 1643 4996 est3
1668 4906 1872 4985 Duraudus
1887 4906 1935 4984 de
1947 4906 2080 5000 Villas,
2099 4901 2286 4984 Arnaldus

862 5033 988 5122 Costa,
1006 5035 1237 5114 Guillelmus
1255 5039 1291 5115 le
1308 5039 1475 5128 Fornier,
1498 5038 1666 5117 Robinus
1687 5038 1872 5126 Minaudi,
1894 5040 2024 5116 Petrus
2043 5038 2159 5125 Gras,
2176 5035 2286 5116 moli-

861 5163 1006 5250 nerius,
1024 5167 1197 5243 Matheus
1210 5166 1390 5257 Rrissola,
1404 5169 1595 5249 lohannes
1610 5169 1729 5258 Dido,
1746 5169 1976 5250 Guillelmus
1992 5168 2164 5277 Congde,
2179 5171 2285 5244 Jaco-

860 5295 932 5372 bus
950 5295 1137 5389 Durandi,
1156 5298 1371 5377 Sabatarius
1387 5299 1528 5389 Sartor,
1550 5301 1609 5379 isti
1630 5301 1762 5378 decem
1778 5301 1817 5377 in
1833 5329 1979 5379 carcere
1993 5330 2062 5407 per
2079 5297 2282 5376 dimidium

860 5457 1000 5506 annum
1021 5429 1250 5537 completum
1271 5431 1564 5523 detinebuntur,
1588 5433 1720 5510 Petrus
1739 5433 1940 5540 Aymerici,
1962 5434 2150 5512 lohannes
2171 5429 2284 5510 Chal·
