<?xml version="1.0" encoding="UTF-8"?>
<!DOCTYPE html PUBLIC "-//W3C//DTD XHTML 1.0 Transitional//EN"
    "http://www.w3.org/TR/xhtml1/DTD/xhtml1-transitional.dtd">
<html xmlns="http://www.w3.org/1999/xhtml" xml:lang="en" lang="en">
 <head>
  <title>
</title>
<meta http-equiv="Content-Type" content="text/html;charset=utf-8" />
  <meta name='ocr-system' content='tesseract 3.04.00' />
  <meta name='ocr-capabilities' content='ocr_page ocr_carea ocr_par ocr_line ocrx_word'/>
</head>
<body>
  <div class='ocr_page' id='page_1' title='image "./lesolimouregist00pargoog_0486.png"; bbox 0 0 5817 7292; ppageno 0'>
   <div class='ocr_carea' id='block_1_1' title="bbox 856 1093 1694 1203">
    <p class='ocr_par' dir='ltr' id='par_1_1' title="bbox 856 1093 1694 1203">
     <span class='ocr_line' id='line_1_1' title="bbox 856 1093 1694 1203; baseline -0.011 0"><span class='ocrx_word' id='word_1_1' title='bbox 856 1130 930 1203; x_wconf 78' lang='lat' dir='ltr'><strong>eso</strong></span> <span class='ocrx_word' id='word_1_2' title='bbox 976 1165 981 1174; x_wconf 95' lang='lat'>-</span> <span class='ocrx_word' id='word_1_3' title='bbox 1433 1093 1523 1198; x_wconf 81' lang='lat' dir='ltr'><strong>ms</strong></span> <span class='ocrx_word' id='word_1_4' title='bbox 1553 1123 1694 1199; x_wconf 85' lang='lat' dir='ltr'><strong>omu.</strong></span> 
     </span>
    </p>
   </div>
   <div class='ocr_carea' id='block_1_2' title="bbox 628 1262 2404 5564">
    <p class='ocr_par' dir='ltr' id='par_1_2' title="bbox 628 1262 2279 1377">
     <span class='ocr_line' id='line_1_2' title="bbox 628 1262 2279 1377; baseline -0.001 -29"><span class='ocrx_word' id='word_1_5' title='bbox 628 1280 814 1341; x_wconf 72' lang='lat' dir='ltr'><strong>enrnmlv,</strong></span> <span class='ocrx_word' id='word_1_6' title='bbox 911 1270 1002 1348; x_wconf 81' lang='lat' dir='ltr'><strong>xxl.</strong></span> <span class='ocrx_word' id='word_1_7' title='bbox 1034 1271 1152 1357; x_wconf 89' lang='lat' dir='ltr'><strong>Cum,</strong></span> <span class='ocrx_word' id='word_1_8' title='bbox 1179 1268 1329 1344; x_wconf 82' lang='lat' dir='ltr'>racione</span> <span class='ocrx_word' id='word_1_9' title='bbox 1349 1264 1476 1377; x_wconf 56' lang='lat' dir='ltr'><strong>debati</strong></span> <span class='ocrx_word' id='word_1_10' title='bbox 1501 1265 1664 1343; x_wconf 86' lang='lat' dir='ltr'><strong>incuria</strong></span> <span class='ocrx_word' id='word_1_11' title='bbox 1688 1279 1816 1343; x_wconf 87' lang='lat' dir='ltr'><strong>nostra</strong></span> <span class='ocrx_word' id='word_1_12' title='bbox 1839 1262 2044 1341; x_wconf 77' lang='lat' dir='ltr'><strong>Biterrensi</strong></span> <span class='ocrx_word' id='word_1_13' title='bbox 2064 1268 2157 1345; x_wconf 90' lang='lat' dir='ltr'><strong>moti</strong></span> <span class='ocrx_word' id='word_1_14' title='bbox 2180 1269 2279 1348; x_wconf 90' lang='lat' dir='ltr'><strong>inter</strong></span> 
     </span>
    </p>

    <p class='ocr_par' dir='ltr' id='par_1_3' title="bbox 691 1371 2281 1510">
     <span class='ocr_line' id='line_1_3' title="bbox 691 1371 2281 1510; baseline -0.002 -30"><span class='ocrx_word' id='word_1_15' title='bbox 691 1371 753 1416; x_wconf 55' lang='grc' dir='ltr'><strong>Μ’</strong></span> <span class='ocrx_word' id='word_1_16' title='bbox 854 1401 1085 1510; x_wconf 81' lang='lat' dir='ltr'><strong>prepositum</strong></span> <span class='ocrx_word' id='word_1_17' title='bbox 1101 1399 1405 1507; x_wconf 87' lang='lat' dir='ltr'><strong>Magalonensem</strong></span> <span class='ocrx_word' id='word_1_18' title='bbox 1424 1413 1464 1474; x_wconf 88' lang='lat' dir='ltr'><strong>et</strong></span> <span class='ocrx_word' id='word_1_19' title='bbox 1477 1394 1650 1475; x_wconf 87' lang='lat' dir='ltr'><strong>consules</strong></span> <span class='ocrx_word' id='word_1_20' title='bbox 1667 1395 1716 1472; x_wconf 89' lang='lat' dir='ltr'><strong>de</strong></span> <span class='ocrx_word' id='word_1_21' title='bbox 1735 1392 1922 1485; x_wconf 81' lang='lat' dir='ltr'><strong>Girriaco‚</strong></span> <span class='ocrx_word' id='word_1_22' title='bbox 1943 1422 1988 1473; x_wconf 82' lang='lat' dir='ltr'><strong>ex</strong></span> <span class='ocrx_word' id='word_1_23' title='bbox 2005 1424 2083 1473; x_wconf 90' lang='lat' dir='ltr'><strong>una</strong></span> <span class='ocrx_word' id='word_1_24' title='bbox 2098 1416 2220 1505; x_wconf 85' lang='lat' dir='ltr'><strong>parte,</strong></span> <span class='ocrx_word' id='word_1_25' title='bbox 2240 1418 2281 1477; x_wconf 86' lang='lat' dir='ltr'><strong>et</strong></span> 
     </span>
    </p>

    <p class='ocr_par' dir='ltr' id='par_1_4' title="bbox 855 1525 2283 1643">
     <span class='ocr_line' id='line_1_4' title="bbox 855 1525 2283 1643; baseline -0.003 -32"><span class='ocrx_word' id='word_1_26' title='bbox 855 1534 1029 1643; x_wconf 82' lang='lat' dir='ltr'><strong>syndicus</strong></span> <span class='ocrx_word' id='word_1_27' title='bbox 1050 1529 1267 1610; x_wconf 90' lang='lat' dir='ltr'><strong>monasterii</strong></span> <span class='ocrx_word' id='word_1_28' title='bbox 1283 1526 1444 1619; x_wconf 84' lang='lat' dir='ltr'><strong>Aniene,</strong></span> <span class='ocrx_word' id='word_1_29' title='bbox 1468 1556 1513 1605; x_wconf 83' lang='lat' dir='ltr'><strong>ex</strong></span> <span class='ocrx_word' id='word_1_30' title='bbox 1530 1526 1661 1616; x_wconf 88' lang='lat' dir='ltr'><strong>altera,</strong></span> <span class='ocrx_word' id='word_1_31' title='bbox 1678 1553 1793 1632; x_wconf 84' lang='lat' dir='ltr'><strong>super</strong></span> <span class='ocrx_word' id='word_1_32' title='bbox 1805 1525 2036 1632; x_wconf 91' lang='lat' dir='ltr'><strong>quibusdam</strong></span> <span class='ocrx_word' id='word_1_33' title='bbox 2054 1528 2283 1607; x_wconf 80' lang='lat' dir='ltr'><strong>molendinis</strong></span> 
     </span>
    </p>

    <p class='ocr_par' dir='ltr' id='par_1_5' title="bbox 857 1655 2283 1767">
     <span class='ocr_line' id='line_1_5' title="bbox 857 1655 2283 1767; baseline -0.004 -24"><span class='ocrx_word' id='word_1_34' title='bbox 857 1666 937 1743; x_wconf 89' lang='lat' dir='ltr'><strong>sitis</strong></span> <span class='ocrx_word' id='word_1_35' title='bbox 956 1666 995 1742; x_wconf 92' lang='lat' dir='ltr'><strong>in</strong></span> <span class='ocrx_word' id='word_1_36' title='bbox 1016 1662 1174 1741; x_wconf 82' lang='lat' dir='ltr'><strong>{lumine</strong></span> <span class='ocrx_word' id='word_1_37' title='bbox 1189 1659 1337 1747; x_wconf 85' lang='lat' dir='ltr'><strong>Emuri,</strong></span> <span class='ocrx_word' id='word_1_38' title='bbox 1358 1658 1399 1735; x_wconf 93' lang='lat' dir='ltr'><strong>in</strong></span> <span class='ocrx_word' id='word_1_39' title='bbox 1414 1658 1498 1736; x_wconf 90' lang='lat' dir='ltr'><strong>loco</strong></span> <span class='ocrx_word' id='word_1_40' title='bbox 1515 1672 1645 1734; x_wconf 81' lang='lat' dir='ltr'><strong>vocato</strong></span> <span class='ocrx_word' id='word_1_41' title='bbox 1661 1656 1710 1733; x_wconf 91' lang='lat' dir='ltr'><strong>de</strong></span> <span class='ocrx_word' id='word_1_42' title='bbox 1724 1656 1855 1747; x_wconf 76' lang='lat' dir='ltr'><strong>lecta,</strong></span> <span class='ocrx_word' id='word_1_43' title='bbox 1871 1655 1970 1735; x_wconf 86' lang='lat' dir='ltr'><strong>dicta</strong></span> <span class='ocrx_word' id='word_1_44' title='bbox 1982 1658 2203 1737; x_wconf 88' lang='lat' dir='ltr'><strong>molendina</strong></span> <span class='ocrx_word' id='word_1_45' title='bbox 2214 1689 2283 1767; x_wconf 88' lang='lat' dir='ltr'><strong>per</strong></span> 
     </span>
    </p>

    <p class='ocr_par' dir='ltr' id='par_1_6' title="bbox 857 1776 2283 1903">
     <span class='ocr_line' id='line_1_6' title="bbox 857 1776 2283 1903; baseline -0.005 -29"><span class='ocrx_word' id='word_1_46' title='bbox 857 1812 988 1903; x_wconf 80' lang='lat' dir='ltr'><strong>gentes</strong></span> <span class='ocrx_word' id='word_1_47' title='bbox 1007 1809 1150 1872; x_wconf 88' lang='lat' dir='ltr'><strong>nostras</strong></span> <span class='ocrx_word' id='word_1_48' title='bbox 1170 1790 1327 1869; x_wconf 85' lang='lat' dir='ltr'><strong>briasent</strong></span> <span class='ocrx_word' id='word_1_49' title='bbox 1344 1788 1393 1864; x_wconf 91' lang='lat' dir='ltr'><strong>ad</strong></span> <span class='ocrx_word' id='word_1_50' title='bbox 1412 1815 1569 1864; x_wconf 89' lang='lat' dir='ltr'><strong>manum</strong></span> <span class='ocrx_word' id='word_1_51' title='bbox 1588 1803 1754 1865; x_wconf 84' lang='lat' dir='ltr'><strong>nostmm</strong></span> <span class='ocrx_word' id='word_1_52' title='bbox 1774 1776 1912 1893; x_wconf 87' lang='lat' dir='ltr'><strong>posita,</strong></span> <span class='ocrx_word' id='word_1_53' title='bbox 1935 1785 2204 1898; x_wconf 85' lang='lat' dir='ltr'><strong>pendenteque</strong></span> <span class='ocrx_word' id='word_1_54' title='bbox 2228 1791 2283 1868; x_wconf 92' lang='lat' dir='ltr'><strong>di-</strong></span> 
     </span>
    </p>

    <p class='ocr_par' dir='ltr' id='par_1_7' title="bbox 749 1916 2404 2157">
     <span class='ocr_line' id='line_1_7' title="bbox 749 1916 2284 2029; baseline -0.001 -26"><span class='ocrx_word' id='word_1_55' title='bbox 749 1934 751 1939; x_wconf 77' lang='grc'><strong>“</strong></span> <span class='ocrx_word' id='word_1_56' title='bbox 857 1925 1001 2005; x_wconf 85' lang='lat' dir='ltr'><strong>lacione</strong></span> <span class='ocrx_word' id='word_1_57' title='bbox 1020 1927 1120 2003; x_wconf 89' lang='lat' dir='ltr'><strong>inter</strong></span> <span class='ocrx_word' id='word_1_58' title='bbox 1140 1948 1224 2012; x_wconf 90' lang='lat' dir='ltr'><strong>eos,</strong></span> <span class='ocrx_word' id='word_1_59' title='bbox 1248 1920 1404 2029; x_wconf 85' lang='lat' dir='ltr'><strong>quidam</strong></span> <span class='ocrx_word' id='word_1_60' title='bbox 1424 1916 1699 2009; x_wconf 75' lang='lat' dir='ltr'><strong>malefactores,</strong></span> <span class='ocrx_word' id='word_1_61' title='bbox 1725 1918 1775 1995; x_wconf 87' lang='lat' dir='ltr'><strong>de</strong></span> <span class='ocrx_word' id='word_1_62' title='bbox 1799 1919 1978 1998; x_wconf 83' lang='lat' dir='ltr'><strong>mandato</strong></span> <span class='ocrx_word' id='word_1_63' title='bbox 2000 1920 2138 2026; x_wconf 83' lang='lat' dir='ltr'><strong>prioris</strong></span> <span class='ocrx_word' id='word_1_64' title='bbox 2164 1921 2284 2001; x_wconf 84' lang='lat' dir='ltr'><strong>claus-</strong></span> 
     </span>
     <span class='ocr_line' id='line_1_8' title="bbox 858 2048 2404 2157; baseline -0.003 -24"><span class='ocrx_word' id='word_1_65' title='bbox 858 2057 962 2135; x_wconf 87' lang='lat' dir='ltr'><strong>tralis</strong></span> <span class='ocrx_word' id='word_1_66' title='bbox 981 2054 1177 2135; x_wconf 90' lang='lat' dir='ltr'><strong>Guillelmi</strong></span> <span class='ocrx_word' id='word_1_67' title='bbox 1192 2055 1240 2130; x_wconf 91' lang='lat' dir='ltr'><strong>de</strong></span> <span class='ocrx_word' id='word_1_68' title='bbox 1251 2048 1664 2157; x_wconf 85' lang='lat' dir='ltr'><strong>Duabus-Virginibus,</strong></span> <span class='ocrx_word' id='word_1_69' title='bbox 1681 2048 1872 2127; x_wconf 88' lang='lat' dir='ltr'><strong>Remuudi</strong></span> <span class='ocrx_word' id='word_1_70' title='bbox 1885 2048 1936 2127; x_wconf 91' lang='lat' dir='ltr'><strong>de</strong></span> <span class='ocrx_word' id='word_1_71' title='bbox 1948 2052 2110 2139; x_wconf 78' lang='lat' dir='ltr'><strong>Stenae,</strong></span> <span class='ocrx_word' id='word_1_72' title='bbox 2125 2050 2230 2131; x_wconf 77' lang='lat' dir='ltr'><strong>Geso</strong></span> <span class='ocrx_word' id='word_1_73' title='bbox 2246 2068 2284 2129; x_wconf 87' lang='lat' dir='ltr'><strong>et</strong></span> <span class='ocrx_word' id='word_1_74' title='bbox 2395 2064 2404 2079; x_wconf 80' lang='lat'><em>⁰</em></span> 
     </span>
    </p>

    <p class='ocr_par' dir='ltr' id='par_1_8' title="bbox 844 2179 2282 2294">
     <span class='ocr_line' id='line_1_9' title="bbox 844 2179 2282 2294; baseline -0.002 -30"><span class='ocrx_word' id='word_1_75' title='bbox 844 2185 973 2294; x_wconf 77' lang='lat' dir='ltr'><strong>&#39;Gigo,</strong></span> <span class='ocrx_word' id='word_1_76' title='bbox 994 2185 1155 2265; x_wconf 89' lang='lat' dir='ltr'><strong>Deodati</strong></span> <span class='ocrx_word' id='word_1_77' title='bbox 1177 2186 1224 2262; x_wconf 89' lang='lat' dir='ltr'><strong>de</strong></span> <span class='ocrx_word' id='word_1_78' title='bbox 1244 2180 1551 2287; x_wconf 89' lang='lat' dir='ltr'><strong>Probenqueriis,</strong></span> <span class='ocrx_word' id='word_1_79' title='bbox 1573 2179 1722 2257; x_wconf 79' lang='lat' dir='ltr'><strong>Assaliti</strong></span> <span class='ocrx_word' id='word_1_80' title='bbox 1733 2180 1861 2257; x_wconf 75' lang='lat' dir='ltr'><strong>Pacari</strong></span> <span class='ocrx_word' id='word_1_81' title='bbox 1880 2197 1920 2259; x_wconf 89' lang='lat' dir='ltr'><strong>et</strong></span> <span class='ocrx_word' id='word_1_82' title='bbox 1935 2180 2196 2259; x_wconf 83' lang='lat' dir='ltr'><strong>Elemesinarii</strong></span> <span class='ocrx_word' id='word_1_83' title='bbox 2211 2184 2282 2261; x_wconf 66' lang='lat' dir='ltr'><strong>Be</strong></span> 
     </span>
    </p>

    <p class='ocr_par' dir='ltr' id='par_1_9' title="bbox 862 2308 2284 2425">
     <span class='ocr_line' id='line_1_10' title="bbox 862 2308 2284 2425; baseline -0.001 -33"><span class='ocrx_word' id='word_1_84' title='bbox 862 2316 1038 2425; x_wconf 87' lang='lat' dir='ltr'><strong>rengarii,</strong></span> <span class='ocrx_word' id='word_1_85' title='bbox 1052 2314 1203 2396; x_wconf 85' lang='lat' dir='ltr'><strong>Moresii</strong></span> <span class='ocrx_word' id='word_1_86' title='bbox 1215 2319 1253 2391; x_wconf 84' lang='lat' dir='ltr'><strong>et</strong></span> <span class='ocrx_word' id='word_1_87' title='bbox 1262 2309 1459 2392; x_wconf 90' lang='lat' dir='ltr'><strong>Guillelmi</strong></span> <span class='ocrx_word' id='word_1_88' title='bbox 1469 2310 1587 2399; x_wconf 87' lang='lat' dir='ltr'><strong>Petri,</strong></span> <span class='ocrx_word' id='word_1_89' title='bbox 1598 2310 1874 2388; x_wconf 85' lang='lat' dir='ltr'><strong>monachorum</strong></span> <span class='ocrx_word' id='word_1_90' title='bbox 1883 2308 2043 2401; x_wconf 80' lang='lat' dir='ltr'><strong>Aniene,</strong></span> <span class='ocrx_word' id='word_1_91' title='bbox 2058 2328 2096 2389; x_wconf 89' lang='lat' dir='ltr'><strong>et</strong></span> <span class='ocrx_word' id='word_1_92' title='bbox 2105 2310 2194 2417; x_wconf 86' lang='lat' dir='ltr'><strong>ipsis</strong></span> <span class='ocrx_word' id='word_1_93' title='bbox 2203 2341 2284 2419; x_wconf 89' lang='lat' dir='ltr'><strong>pre·</strong></span> 
     </span>
    </p>

    <p class='ocr_par' dir='ltr' id='par_1_10' title="bbox 863 2440 2283 2553">
     <span class='ocr_line' id='line_1_11' title="bbox 863 2440 2283 2553; baseline -0.002 -29"><span class='ocrx_word' id='word_1_94' title='bbox 863 2447 1048 2537; x_wconf 87' lang='lat' dir='ltr'><strong>sentibus,</strong></span> <span class='ocrx_word' id='word_1_95' title='bbox 1061 2474 1172 2553; x_wconf 88' lang='lat' dir='ltr'><strong>opem</strong></span> <span class='ocrx_word' id='word_1_96' title='bbox 1183 2462 1221 2522; x_wconf 91' lang='lat' dir='ltr'><strong>et</strong></span> <span class='ocrx_word' id='word_1_97' title='bbox 1231 2442 1431 2521; x_wconf 89' lang='lat' dir='ltr'><strong>consilium</strong></span> <span class='ocrx_word' id='word_1_98' title='bbox 1444 2440 1822 2547; x_wconf 83' lang='lat' dir='ltr'><strong>prestantibus,·cum</strong></span> <span class='ocrx_word' id='word_1_99' title='bbox 1834 2440 2158 2533; x_wconf 82' lang='lat' dir='ltr'><strong>lanceis,balistis,</strong></span> <span class='ocrx_word' id='word_1_100' title='bbox 2169 2445 2283 2549; x_wconf 86' lang='lat' dir='ltr'><strong>spatis</strong></span> 
     </span>
    </p>

    <p class='ocr_par' dir='ltr' id='par_1_11' title="bbox 865 2569 2285 2681">
     <span class='ocr_line' id='line_1_12' title="bbox 865 2569 2285 2681; baseline -0.003 -26"><span class='ocrx_word' id='word_1_101' title='bbox 865 2595 903 2655; x_wconf 87' lang='lat' dir='ltr'><strong>et</strong></span> <span class='ocrx_word' id='word_1_102' title='bbox 912 2578 996 2655; x_wconf 86' lang='lat' dir='ltr'><strong>aliis</strong></span> <span class='ocrx_word' id='word_1_103' title='bbox 1006 2576 1160 2655; x_wconf 87' lang='lat' dir='ltr'><strong>diversis</strong></span> <span class='ocrx_word' id='word_1_104' title='bbox 1172 2578 1363 2653; x_wconf 88' lang='lat' dir='ltr'><strong>armornm</strong></span> <span class='ocrx_word' id='word_1_105' title='bbox 1377 2571 1594 2681; x_wconf 87' lang='lat' dir='ltr'><strong>generibus,</strong></span> <span class='ocrx_word' id='word_1_106' title='bbox 1608 2570 1656 2649; x_wconf 90' lang='lat' dir='ltr'><strong>de</strong></span> <span class='ocrx_word' id='word_1_107' title='bbox 1669 2589 1781 2651; x_wconf 88' lang='lat' dir='ltr'><strong>nocte</strong></span> <span class='ocrx_word' id='word_1_108' title='bbox 1796 2570 2034 2650; x_wconf 68' lang='lat' dir='ltr'><strong>rimandos«</strong></span> <span class='ocrx_word' id='word_1_109' title='bbox 2048 2569 2080 2648; x_wconf 85' lang='grc' dir='ltr'><strong>Α</strong></span> <span class='ocrx_word' id='word_1_110' title='bbox 2092 2570 2129 2649; x_wconf 86' lang='lat' dir='ltr'><strong>la</strong></span> <span class='ocrx_word' id='word_1_111' title='bbox 2140 2581 2285 2663; x_wconf 76' lang='lat' dir='ltr'><strong>mort,t</strong></span> 
     </span>
    </p>

    <p class='ocr_par' dir='ltr' id='par_1_12' title="bbox 865 2688 2288 2813">
     <span class='ocr_line' id='line_1_13' title="bbox 865 2688 2288 2813; baseline -0.002 -27"><span class='ocrx_word' id='word_1_112' title='bbox 865 2710 900 2786; x_wconf 89' lang='lat' dir='ltr'><strong>fa</strong></span> <span class='ocrx_word' id='word_1_113' title='bbox 911 2712 1027 2787; x_wconf 85' lang='lat' dir='ltr'><strong>mortl</strong></span> <span class='ocrx_word' id='word_1_114' title='bbox 1044 2708 1113 2785; x_wconf 76' lang='lat' dir='ltr'><strong>»ad</strong></span> <span class='ocrx_word' id='word_1_115' title='bbox 1128 2708 1226 2785; x_wconf 91' lang='lat' dir='ltr'><strong>dicta</strong></span> <span class='ocrx_word' id='word_1_116' title='bbox 1238 2703 1473 2794; x_wconf 80' lang='lat' dir='ltr'><strong>molendina,</strong></span> <span class='ocrx_word' id='word_1_117' title='bbox 1483 2732 1527 2781; x_wconf 84' lang='lat' dir='ltr'><strong>ex</strong></span> <span class='ocrx_word' id='word_1_118' title='bbox 1542 2721 1645 2782; x_wconf 90' lang='lat' dir='ltr'><strong>certo</strong></span> <span class='ocrx_word' id='word_1_119' title='bbox 1656 2708 2167 2813; x_wconf 79' lang='lat' dir='ltr'><strong>proposito,accesserunt,et</strong></span> <span class='ocrx_word' id='word_1_120' title='bbox 2181 2688 2224 2783; x_wconf 78' lang='lat' dir='ltr'><strong>ee</strong></span> <span class='ocrx_word' id='word_1_121' title='bbox 2234 2724 2288 2783; x_wconf 82' lang='lat' dir='ltr'><strong>to</strong></span> 
     </span>
    </p>

    <p class='ocr_par' dir='ltr' id='par_1_13' title="bbox 864 2835 2288 2943">
     <span class='ocr_line' id='line_1_14' title="bbox 864 2835 2288 2943; baseline -0.002 -25"><span class='ocrx_word' id='word_1_122' title='bbox 864 2840 990 2919; x_wconf 86' lang='lat' dir='ltr'><strong>taliter</strong></span> <span class='ocrx_word' id='word_1_123' title='bbox 1001 2841 1267 2917; x_wconf 79' lang='lat' dir='ltr'><strong>destruxertmt</strong></span> <span class='ocrx_word' id='word_1_124' title='bbox 1278 2864 1355 2913; x_wconf 87' lang='lat' dir='ltr'><strong>una</strong></span> <span class='ocrx_word' id='word_1_125' title='bbox 1368 2866 1457 2914; x_wconf 88' lang='lat' dir='ltr'><strong>cum</strong></span> <span class='ocrx_word' id='word_1_126' title='bbox 1468 2836 1617 2942; x_wconf 84' lang='lat' dir='ltr'><strong>paxeria</strong></span> <span class='ocrx_word' id='word_1_127' title='bbox 1633 2835 1724 2913; x_wconf 91' lang='lat' dir='ltr'><strong>dicti</strong></span> <span class='ocrx_word' id='word_1_128' title='bbox 1739 2836 1966 2925; x_wconf 88' lang='lat' dir='ltr'><strong>molendini,</strong></span> <span class='ocrx_word' id='word_1_129' title='bbox 1985 2835 2111 2943; x_wconf 84' lang='lat' dir='ltr'><strong>ignem</strong></span> <span class='ocrx_word' id='word_1_130' title='bbox 2126 2836 2166 2912; x_wconf 94' lang='lat' dir='ltr'><strong>in</strong></span> <span class='ocrx_word' id='word_1_131' title='bbox 2180 2836 2288 2915; x_wconf 87' lang='lat' dir='ltr'><strong>dictis</strong></span> 
     </span>
    </p>

    <p class='ocr_par' dir='ltr' id='par_1_14' title="bbox 865 2966 2290 3075">
     <span class='ocr_line' id='line_1_15' title="bbox 865 2966 2290 3075; baseline -0.005 -24"><span class='ocrx_word' id='word_1_132' title='bbox 865 2971 1093 3051; x_wconf 86' lang='lat' dir='ltr'><strong>molendinis</strong></span> <span class='ocrx_word' id='word_1_133' title='bbox 1112 2967 1373 3057; x_wconf 81' lang='lat' dir='ltr'><strong>immittendo,</strong></span> <span class='ocrx_word' id='word_1_134' title='bbox 1395 2994 1456 3047; x_wconf 85' lang='lat' dir='ltr'><strong>res</strong></span> <span class='ocrx_word' id='word_1_135' title='bbox 1475 2984 1515 3045; x_wconf 87' lang='lat' dir='ltr'><strong>et</strong></span> <span class='ocrx_word' id='word_1_136' title='bbox 1532 2967 1848 3046; x_wconf 81' lang='lat' dir='ltr'><strong>instrumenta&#39;ad</strong></span> <span class='ocrx_word' id='word_1_137' title='bbox 1867 2968 1947 3073; x_wconf 84' lang='lat' dir='ltr'><strong>ipsa</strong></span> <span class='ocrx_word' id='word_1_138' title='bbox 1968 2966 2188 3045; x_wconf 83' lang='lat' dir='ltr'><strong>molendina</strong></span> <span class='ocrx_word' id='word_1_139' title='bbox 2207 2995 2290 3075; x_wconf 81' lang='lat' dir='ltr'><strong>per·</strong></span> 
     </span>
    </p>

    <p class='ocr_par' dir='ltr' id='par_1_15' title="bbox 866 3098 2289 3191">
     <span class='ocr_line' id='line_1_16' title="bbox 866 3098 2289 3191; baseline -0.003 -10"><span class='ocrx_word' id='word_1_140' title='bbox 866 3105 1029 3183; x_wconf 79' lang='lat' dir='ltr'><strong>tinentia</strong></span> <span class='ocrx_word' id='word_1_141' title='bbox 1053 3104 1182 3181; x_wconf 85' lang='lat' dir='ltr'><strong>secum</strong></span> <span class='ocrx_word' id='word_1_142' title='bbox 1203 3098 1426 3191; x_wconf 89' lang='lat' dir='ltr'><strong>deferendo,</strong></span> <span class='ocrx_word' id='word_1_143' title='bbox 1448 3099 1644 3177; x_wconf 90' lang='lat' dir='ltr'><strong>munerios</strong></span> <span class='ocrx_word' id='word_1_144' title='bbox 1667 3099 1843 3179; x_wconf 85' lang='lat' dir='ltr'><strong>atrociter</strong></span> <span class='ocrx_word' id='word_1_145' title='bbox 1867 3098 2121 3191; x_wconf 85' lang='lat' dir='ltr'><strong>verberando,</strong></span> <span class='ocrx_word' id='word_1_146' title='bbox 2142 3117 2197 3189; x_wconf 90' lang='lat' dir='ltr'><strong>et,</strong></span> <span class='ocrx_word' id='word_1_147' title='bbox 2218 3100 2289 3177; x_wconf 87' lang='lat' dir='ltr'><strong>nisi</strong></span> 
     </span>
    </p>

    <p class='ocr_par' dir='ltr' id='par_1_16' title="bbox 867 3228 2290 3345">
     <span class='ocr_line' id='line_1_17' title="bbox 867 3228 2290 3345; baseline -0.006 -31"><span class='ocrx_word' id='word_1_148' title='bbox 867 3235 1099 3345; x_wconf 81' lang='lat' dir='ltr'><strong>aufugissent</strong></span> <span class='ocrx_word' id='word_1_149' title='bbox 1112 3261 1180 3340; x_wconf 90' lang='lat' dir='ltr'><strong>per</strong></span> <span class='ocrx_word' id='word_1_150' title='bbox 1195 3258 1330 3337; x_wconf 87' lang='lat' dir='ltr'><strong>aquam</strong></span> <span class='ocrx_word' id='word_1_151' title='bbox 1346 3228 1527 3319; x_wconf 89' lang='lat' dir='ltr'><strong>natando,</strong></span> <span class='ocrx_word' id='word_1_152' title='bbox 1545 3236 1610 3307; x_wconf 78' lang='lat' dir='ltr'><strong>eo&#39;s</strong></span> <span class='ocrx_word' id='word_1_153' title='bbox 1624 3229 1911 3320; x_wconf 79' lang='lat' dir='ltr'><strong>interfecissent,</strong></span> <span class='ocrx_word' id='word_1_154' title='bbox 1928 3247 1967 3307; x_wconf 87' lang='lat' dir='ltr'><strong>et</strong></span> <span class='ocrx_word' id='word_1_155' title='bbox 1979 3228 2088 3339; x_wconf 85' lang='lat' dir='ltr'><strong>plura</strong></span> <span class='ocrx_word' id='word_1_156' title='bbox 2098 3228 2167 3308; x_wconf 88' lang='lat' dir='ltr'><strong>alia</strong></span> <span class='ocrx_word' id='word_1_157' title='bbox 2180 3257 2290 3307; x_wconf 91' lang='lat' dir='ltr'><strong>enor-</strong></span> 
     </span>
    </p>

    <p class='ocr_par' dir='ltr' id='par_1_17' title="bbox 868 3360 2288 3468">
     <span class='ocr_line' id='line_1_18' title="bbox 868 3360 2288 3468; baseline -0.004 -25"><span class='ocrx_word' id='word_1_158' title='bbox 868 3368 943 3443; x_wconf 88' lang='lat' dir='ltr'><strong>mia</strong></span> <span class='ocrx_word' id='word_1_159' title='bbox 963 3393 1005 3443; x_wconf 91' lang='lat' dir='ltr'><strong>ac</strong></span> <span class='ocrx_word' id='word_1_160' title='bbox 1024 3360 1274 3441; x_wconf 85' lang='lat' dir='ltr'><strong>intolerabilia</strong></span> <span class='ocrx_word' id='word_1_161' title='bbox 1289 3360 1432 3438; x_wconf 88' lang='lat' dir='ltr'><strong>ibidem</strong></span> <span class='ocrx_word' id='word_1_162' title='bbox 1449 3362 1741 3452; x_wconf 83' lang='lat' dir='ltr'><strong>committendo;</strong></span> <span class='ocrx_word' id='word_1_163' title='bbox 1756 3378 1912 3468; x_wconf 89' lang='lat' dir='ltr'><strong>propter</strong></span> <span class='ocrx_word' id='word_1_164' title='bbox 1923 3360 2048 3467; x_wconf 86' lang='lat' dir='ltr'><strong>quod,</strong></span> <span class='ocrx_word' id='word_1_165' title='bbox 2064 3388 2132 3467; x_wconf 88' lang='lat' dir='ltr'><strong>per</strong></span> <span class='ocrx_word' id='word_1_166' title='bbox 2146 3360 2288 3439; x_wconf 87' lang='lat' dir='ltr'><strong>curiam</strong></span> 
     </span>
    </p>

    <p class='ocr_par' dir='ltr' id='par_1_18' title="bbox 870 3489 2288 3598">
     <span class='ocr_line' id='line_1_19' title="bbox 870 3489 2288 3598; baseline -0.003 -25"><span class='ocrx_word' id='word_1_167' title='bbox 870 3514 1034 3573; x_wconf 90' lang='lat' dir='ltr'><strong>nostram</strong></span> <span class='ocrx_word' id='word_1_168' title='bbox 1055 3495 1322 3581; x_wconf 77' lang='lat' dir='ltr'><strong>biterrensem,</strong></span> <span class='ocrx_word' id='word_1_169' title='bbox 1340 3490 1518 3598; x_wconf 83' lang='lat' dir='ltr'><strong>inquisita</strong></span> <span class='ocrx_word' id='word_1_170' title='bbox 1536 3492 1691 3569; x_wconf 87' lang='lat' dir='ltr'><strong>veritate</strong></span> <span class='ocrx_word' id='word_1_171' title='bbox 1711 3491 1760 3568; x_wconf 90' lang='lat' dir='ltr'><strong>de</strong></span> <span class='ocrx_word' id='word_1_172' title='bbox 1775 3490 1981 3597; x_wconf 84' lang='lat' dir='ltr'><strong>premissis,</strong></span> <span class='ocrx_word' id='word_1_173' title='bbox 1998 3489 2113 3568; x_wconf 83' lang='lat' dir='ltr'><strong>abbas</strong></span> <span class='ocrx_word' id='word_1_174' title='bbox 2127 3490 2288 3581; x_wconf 77' lang='lat' dir='ltr'><strong>Aniene,</strong></span> 
     </span>
    </p>

    <p class='ocr_par' dir='ltr' id='par_1_19' title="bbox 767 3620 2289 3735">
     <span class='ocr_line' id='line_1_20' title="bbox 767 3620 2289 3735; baseline -0.003 -31"><span class='ocrx_word' id='word_1_175' title='bbox 767 3726 771 3735; x_wconf 28' lang='grc' dir='ltr'>Ι</span> <span class='ocrx_word' id='word_1_176' title='bbox 870 3626 1027 3704; x_wconf 88' lang='lat' dir='ltr'><strong>indicta</strong></span> <span class='ocrx_word' id='word_1_177' title='bbox 1049 3626 1152 3703; x_wconf 85' lang='lat' dir='ltr'><strong>curia</strong></span> <span class='ocrx_word' id='word_1_178' title='bbox 1175 3650 1409 3730; x_wconf 85' lang='lat' dir='ltr'><strong>comparens,</strong></span> <span class='ocrx_word' id='word_1_179' title='bbox 1431 3623 1603 3729; x_wconf 89' lang='lat' dir='ltr'><strong>promisit</strong></span> <span class='ocrx_word' id='word_1_180' title='bbox 1621 3620 1824 3700; x_wconf 73' lang='lat' dir='ltr'><strong>senescallo</strong></span> <span class='ocrx_word' id='word_1_181' title='bbox 1843 3622 2068 3727; x_wconf 82' lang='lat' dir='ltr'><strong>Carcassone</strong></span> <span class='ocrx_word' id='word_1_182' title='bbox 2089 3620 2289 3699; x_wconf 86' lang='lat' dir='ltr'><strong>emendare</strong></span> 
     </span>
    </p>

    <p class='ocr_par' dir='ltr' id='par_1_20' title="bbox 870 3751 2293 3860">
     <span class='ocr_line' id='line_1_21' title="bbox 870 3751 2293 3860; baseline -0.004 -24"><span class='ocrx_word' id='word_1_183' title='bbox 870 3758 995 3846; x_wconf 86' lang='lat' dir='ltr'><strong>nobis,</strong></span> <span class='ocrx_word' id='word_1_184' title='bbox 1018 3775 1057 3835; x_wconf 93' lang='lat' dir='ltr'><strong>et</strong></span> <span class='ocrx_word' id='word_1_185' title='bbox 1073 3756 1272 3835; x_wconf 87' lang='lat' dir='ltr'><strong>emendam</strong></span> <span class='ocrx_word' id='word_1_186' title='bbox 1293 3754 1414 3831; x_wconf 90' lang='lat' dir='ltr'><strong>facere</strong></span> <span class='ocrx_word' id='word_1_187' title='bbox 1432 3754 1482 3831; x_wconf 90' lang='lat' dir='ltr'><strong>de</strong></span> <span class='ocrx_word' id='word_1_188' title='bbox 1501 3753 1574 3832; x_wconf 88' lang='lat' dir='ltr'><strong>hiis</strong></span> <span class='ocrx_word' id='word_1_189' title='bbox 1593 3753 1791 3860; x_wconf 73' lang='lat' dir='ltr'><strong>inquibus</strong></span> <span class='ocrx_word' id='word_1_190' title='bbox 1808 3752 2069 3830; x_wconf 83' lang='lat' dir='ltr'><strong>invenirentur</strong></span> <span class='ocrx_word' id='word_1_191' title='bbox 2086 3751 2293 3860; x_wconf 72' lang='lat' dir='ltr'><strong>culpabiles</strong></span> 
     </span>
    </p>

    <p class='ocr_par' dir='ltr' id='par_1_21' title="bbox 819 3884 2293 3992">
     <span class='ocr_line' id='line_1_22' title="bbox 819 3884 2293 3992; baseline -0.001 -27"><span class='ocrx_word' id='word_1_192' title='bbox 819 3957 825 3965; x_wconf 91' lang='lat'><em>.</em></span> <span class='ocrx_word' id='word_1_193' title='bbox 870 3889 1043 3967; x_wconf 84' lang='lat' dir='ltr'><strong>monachi</strong></span> <span class='ocrx_word' id='word_1_194' title='bbox 1059 3888 1117 3966; x_wconf 90' lang='lat' dir='ltr'><strong>sui</strong></span> <span class='ocrx_word' id='word_1_195' title='bbox 1133 3886 1350 3965; x_wconf 85' lang='lat' dir='ltr'><strong>monasterii</strong></span> <span class='ocrx_word' id='word_1_196' title='bbox 1373 3888 1421 3964; x_wconf 90' lang='lat' dir='ltr'><strong>de</strong></span> <span class='ocrx_word' id='word_1_197' title='bbox 1440 3885 1651 3965; x_wconf 80' lang='lat' dir='ltr'><strong>excessibus</strong></span> <span class='ocrx_word' id='word_1_198' title='bbox 1669 3884 1905 3992; x_wconf 84' lang='lat' dir='ltr'><strong>supradictis.</strong></span> <span class='ocrx_word' id='word_1_199' title='bbox 1924 3884 2057 3961; x_wconf 86' lang='lat' dir='ltr'><strong>Postea</strong></span> <span class='ocrx_word' id='word_1_200' title='bbox 2072 3910 2176 3975; x_wconf 80' lang='lat' dir='ltr'><strong>vero,</strong></span> <span class='ocrx_word' id='word_1_201' title='bbox 2194 3884 2293 3963; x_wconf 83' lang='lat' dir='ltr'><strong>dicta</strong></span> 
     </span>
    </p>

    <p class='ocr_par' dir='ltr' id='par_1_22' title="bbox 871 4012 2295 4127">
     <span class='ocr_line' id='line_1_23' title="bbox 871 4012 2295 4127; baseline -0.001 -32"><span class='ocrx_word' id='word_1_202' title='bbox 871 4021 1043 4127; x_wconf 87' lang='lat' dir='ltr'><strong>inquesta</strong></span> <span class='ocrx_word' id='word_1_203' title='bbox 1055 4035 1249 4125; x_wconf 87' lang='lat' dir='ltr'><strong>resumpta</strong></span> <span class='ocrx_word' id='word_1_204' title='bbox 1260 4045 1329 4125; x_wconf 91' lang='lat' dir='ltr'><strong>per</strong></span> <span class='ocrx_word' id='word_1_205' title='bbox 1340 4016 1574 4124; x_wconf 87' lang='lat' dir='ltr'><strong>prepositum</strong></span> <span class='ocrx_word' id='word_1_206' title='bbox 1589 4032 1683 4093; x_wconf 90' lang='lat' dir='ltr'><strong>tunc</strong></span> <span class='ocrx_word' id='word_1_207' title='bbox 1696 4016 1744 4093; x_wconf 91' lang='lat' dir='ltr'><strong>de</strong></span> <span class='ocrx_word' id='word_1_208' title='bbox 1756 4015 1921 4094; x_wconf 75' lang='lat' dir='ltr'><strong>Anserso</strong></span> <span class='ocrx_word' id='word_1_209' title='bbox 1931 4030 2171 4093; x_wconf 82' lang='lat' dir='ltr'><strong>etcantorem</strong></span> <span class='ocrx_word' id='word_1_210' title='bbox 2183 4012 2295 4093; x_wconf 73' lang='lat' dir='ltr'><strong>Aure</strong></span> 
     </span>
    </p>

    <p class='ocr_par' dir='ltr' id='par_1_23' title="bbox 872 4145 2294 4257">
     <span class='ocr_line' id='line_1_24' title="bbox 872 4145 2294 4257; baseline -0.003 -30"><span class='ocrx_word' id='word_1_211' title='bbox 872 4150 1095 4241; x_wconf 89' lang='lat' dir='ltr'><strong>lianensem,</strong></span> <span class='ocrx_word' id='word_1_212' title='bbox 1108 4150 1158 4227; x_wconf 90' lang='lat' dir='ltr'><strong>ad</strong></span> <span class='ocrx_word' id='word_1_213' title='bbox 1173 4166 1297 4257; x_wconf 83' lang='lat' dir='ltr'><strong>partes</strong></span> <span class='ocrx_word' id='word_1_214' title='bbox 1311 4146 1394 4225; x_wconf 86' lang='lat' dir='ltr'><strong>illas</strong></span> <span class='ocrx_word' id='word_1_215' title='bbox 1406 4176 1428 4224; x_wconf 91' lang='lat' dir='ltr'><strong>a</strong></span> <span class='ocrx_word' id='word_1_216' title='bbox 1440 4148 1553 4226; x_wconf 85' lang='lat' dir='ltr'><strong>nobis</strong></span> <span class='ocrx_word' id='word_1_217' title='bbox 1569 4146 1794 4235; x_wconf 85' lang='lat' dir='ltr'><strong>destinatos,</strong></span> <span class='ocrx_word' id='word_1_218' title='bbox 1806 4145 1878 4252; x_wconf 86' lang='lat' dir='ltr'><strong>ipsi</strong></span> <span class='ocrx_word' id='word_1_219' title='bbox 1891 4145 2164 4224; x_wconf 85' lang='lat' dir='ltr'><strong>commiserunt</strong></span> <span class='ocrx_word' id='word_1_220' title='bbox 2173 4146 2294 4253; x_wconf 84' lang='lat' dir='ltr'><strong>judici</strong></span> 
     </span>
    </p>

    <p class='ocr_par' dir='ltr' id='par_1_24' title="bbox 872 4277 2296 4387">
     <span class='ocr_line' id='line_1_25' title="bbox 872 4277 2296 4387; baseline -0.001 -31"><span class='ocrx_word' id='word_1_221' title='bbox 872 4279 1071 4359; x_wconf 87' lang='lat' dir='ltr'><strong>Biterrensi</strong></span> <span class='ocrx_word' id='word_1_222' title='bbox 1085 4282 1185 4359; x_wconf 77' lang='lat' dir='ltr'><strong>vices</strong></span> <span class='ocrx_word' id='word_1_223' title='bbox 1199 4308 1283 4361; x_wconf 87' lang='lat' dir='ltr'><strong>suas</strong></span> <span class='ocrx_word' id='word_1_224' title='bbox 1297 4281 1337 4356; x_wconf 90' lang='lat' dir='ltr'><strong>in</strong></span> <span class='ocrx_word' id='word_1_225' title='bbox 1353 4279 1565 4387; x_wconf 63' lang='lat' dir='ltr'><strong>premississs</strong></span> <span class='ocrx_word' id='word_1_226' title='bbox 1582 4278 1648 4385; x_wconf 91' lang='lat' dir='ltr'><strong>qui</strong></span> <span class='ocrx_word' id='word_1_227' title='bbox 1659 4279 1793 4386; x_wconf 81' lang='lat' dir='ltr'><strong>judex,</strong></span> <span class='ocrx_word' id='word_1_228' title='bbox 1809 4277 1949 4356; x_wconf 84' lang='lat' dir='ltr'><strong>auditis</strong></span> <span class='ocrx_word' id='word_1_229' title='bbox 1959 4278 2144 4356; x_wconf 82' lang='lat' dir='ltr'><strong>‘omnibus</strong></span> <span class='ocrx_word' id='word_1_230' title='bbox 2160 4303 2237 4384; x_wconf 88' lang='lat' dir='ltr'><strong>qne</strong></span> <span class='ocrx_word' id='word_1_231' title='bbox 2252 4306 2296 4355; x_wconf 81' lang='lat' dir='ltr'><strong>ex</strong></span> 
     </span>
    </p>

    <p class='ocr_par' dir='ltr' id='par_1_25' title="bbox 872 4407 2296 4516">
     <span class='ocr_line' id='line_1_26' title="bbox 872 4407 2296 4516; baseline -0.001 -28"><span class='ocrx_word' id='word_1_232' title='bbox 872 4428 976 4516; x_wconf 84' lang='lat' dir='ltr'><strong>parte</strong></span> <span class='ocrx_word' id='word_1_233' title='bbox 995 4410 1249 4489; x_wconf 85' lang='lat' dir='ltr'><strong>dictiabbatis</strong></span> <span class='ocrx_word' id='word_1_234' title='bbox 1264 4409 1419 4488; x_wconf 88' lang='lat' dir='ltr'><strong>fuerunt</strong></span> <span class='ocrx_word' id='word_1_235' title='bbox 1435 4407 1643 4515; x_wconf 82' lang='lat' dir='ltr'><strong>proposita,</strong></span> <span class='ocrx_word' id='word_1_236' title='bbox 1667 4423 1706 4485; x_wconf 87' lang='lat' dir='ltr'><strong>et</strong></span> <span class='ocrx_word' id='word_1_237' title='bbox 1723 4407 1800 4485; x_wconf 83' lang='lat' dir='ltr'><strong>visa</strong></span> <span class='ocrx_word' id='word_1_238' title='bbox 1818 4407 1992 4514; x_wconf 76' lang='lat' dir='ltr'><strong>inque&#39;eta</strong></span> <span class='ocrx_word' id='word_1_239' title='bbox 2005 4408 2189 4514; x_wconf 85' lang='lat' dir='ltr'><strong>predicta,</strong></span> <span class='ocrx_word' id='word_1_240' title='bbox 2207 4436 2296 4487; x_wconf 87' lang='lat' dir='ltr'><strong>con-</strong></span> 
     </span>
    </p>

    <p class='ocr_par' dir='ltr' id='par_1_26' title="bbox 874 4535 2297 4648">
     <span class='ocr_line' id='line_1_27' title="bbox 874 4535 2297 4648; baseline -0.001 -31"><span class='ocrx_word' id='word_1_241' title='bbox 874 4540 1090 4648; x_wconf 84' lang='lat' dir='ltr'><strong>dempnavit</strong></span> <span class='ocrx_word' id='word_1_242' title='bbox 1100 4542 1243 4620; x_wconf 89' lang='lat' dir='ltr'><strong>dictum</strong></span> <span class='ocrx_word' id='word_1_243' title='bbox 1256 4540 1430 4619; x_wconf 88' lang='lat' dir='ltr'><strong>abbatem</strong></span> <span class='ocrx_word' id='word_1_244' title='bbox 1443 4540 1492 4617; x_wconf 82' lang='lat' dir='ltr'><strong>ed</strong></span> <span class='ocrx_word' id='word_1_245' title='bbox 1503 4535 1728 4618; x_wconf 75' lang='lat' dir='ltr'><strong>solvendum</strong></span> <span class='ocrx_word' id='word_1_246' title='bbox 1740 4536 1852 4617; x_wconf 91' lang='lat' dir='ltr'><strong>nobis</strong></span> <span class='ocrx_word' id='word_1_247' title='bbox 1862 4538 2063 4616; x_wconf 83' lang='lat' dir='ltr'><strong>emendam</strong></span> <span class='ocrx_word' id='word_1_248' title='bbox 2077 4538 2297 4648; x_wconf 81' lang='lat' dir='ltr'><strong>quingenta·</strong></span> 
     </span>
    </p>

    <p class='ocr_par' dir='ltr' id='par_1_27' title="bbox 874 4667 2294 4777">
     <span class='ocr_line' id='line_1_28' title="bbox 874 4667 2294 4777; baseline -0.001 -31"><span class='ocrx_word' id='word_1_249' title='bbox 874 4699 958 4749; x_wconf 90' lang='lat' dir='ltr'><strong>rum</strong></span> <span class='ocrx_word' id='word_1_250' title='bbox 981 4670 1162 4749; x_wconf 88' lang='lat' dir='ltr'><strong>librarum</strong></span> <span class='ocrx_word' id='word_1_251' title='bbox 1177 4671 1458 4750; x_wconf 89' lang='lat' dir='ltr'><strong>Turonensium</strong></span> <span class='ocrx_word' id='word_1_252' title='bbox 1472 4698 1546 4777; x_wconf 88' lang='lat' dir='ltr'><strong>pro</strong></span> <span class='ocrx_word' id='word_1_253' title='bbox 1556 4667 1768 4775; x_wconf 76' lang='lat' dir='ltr'><strong>premissis3</strong></span> <span class='ocrx_word' id='word_1_254' title='bbox 1786 4696 1903 4775; x_wconf 82' lang='lat' dir='ltr'><strong>aque·</strong></span> <span class='ocrx_word' id='word_1_255' title='bbox 1912 4668 2116 4758; x_wconf 89' lang='lat' dir='ltr'><strong>sentencia,</strong></span> <span class='ocrx_word' id='word_1_256' title='bbox 2135 4696 2179 4745; x_wconf 78' lang='lat' dir='ltr'><strong>ea</strong></span> <span class='ocrx_word' id='word_1_257' title='bbox 2192 4684 2294 4773; x_wconf 82' lang='lat' dir='ltr'><strong>parte</strong></span> 
     </span>
    </p>

    <p class='ocr_par' dir='ltr' id='par_1_28' title="bbox 876 4796 2295 4910">
     <span class='ocr_line' id='line_1_29' title="bbox 876 4796 2295 4910; baseline -0.006 -29"><span class='ocrx_word' id='word_1_258' title='bbox 876 4802 1064 4881; x_wconf 88' lang='lat' dir='ltr'><strong>dictorum</strong></span> <span class='ocrx_word' id='word_1_259' title='bbox 1075 4801 1353 4910; x_wconf 86' lang='lat' dir='ltr'><strong>religiosorum,</strong></span> <span class='ocrx_word' id='word_1_260' title='bbox 1366 4802 1414 4879; x_wconf 91' lang='lat' dir='ltr'><strong>ad</strong></span> <span class='ocrx_word' id='word_1_261' title='bbox 1424 4816 1592 4879; x_wconf 73' lang='lat' dir='ltr'><strong>nestram</strong></span> <span class='ocrx_word' id='word_1_262' title='bbox 1605 4798 1748 4876; x_wconf 82' lang='lat' dir='ltr'><strong>cutiam</strong></span> <span class='ocrx_word' id='word_1_263' title='bbox 1760 4796 2142 4903; x_wconf 69' lang='lat' dir='ltr'><strong>extititappellatumr</strong></span> <span class='ocrx_word' id='word_1_264' title='bbox 2156 4796 2295 4874; x_wconf 82' lang='lat' dir='ltr'><strong>deinde</strong></span> 
     </span>
    </p>

    <p class='ocr_par' dir='ltr' id='par_1_29' title="bbox 876 4927 2294 5040">
     <span class='ocr_line' id='line_1_30' title="bbox 876 4927 2294 5040; baseline -0.004 -31"><span class='ocrx_word' id='word_1_265' title='bbox 876 4934 915 5009; x_wconf 93' lang='lat' dir='ltr'><strong>in</strong></span> <span class='ocrx_word' id='word_1_266' title='bbox 939 4960 1048 5011; x_wconf 86' lang='lat' dir='ltr'><strong>causa</strong></span> <span class='ocrx_word' id='word_1_267' title='bbox 1072 4933 1354 5039; x_wconf 75' lang='lat' dir='ltr'><strong>appellationis,</strong></span> <span class='ocrx_word' id='word_1_268' title='bbox 1378 4932 1548 5040; x_wconf 88' lang='lat' dir='ltr'><strong>partibus</strong></span> <span class='ocrx_word' id='word_1_269' title='bbox 1572 4930 1616 5007; x_wconf 82' lang='lat' dir='ltr'><strong>in&#39;</strong></span> <span class='ocrx_word' id='word_1_270' title='bbox 1636 4929 1869 5037; x_wconf 77' lang='lat' dir='ltr'><strong>pedamento</strong></span> <span class='ocrx_word' id='word_1_271' title='bbox 1888 4927 2294 5033; x_wconf 69' lang='lat' dir='ltr'><strong>noetrepresentibus,</strong></span> 
     </span>
    </p>

    <p class='ocr_par' dir='ltr' id='par_1_30' title="bbox 877 5056 2297 5170">
     <span class='ocr_line' id='line_1_31' title="bbox 877 5056 2297 5170; baseline -0.004 -31"><span class='ocrx_word' id='word_1_272' title='bbox 877 5080 914 5139; x_wconf 87' lang='lat' dir='ltr'><strong>et</strong></span> <span class='ocrx_word' id='word_1_273' title='bbox 932 5062 1178 5170; x_wconf 75' lang='lat' dir='ltr'><strong>pronunciata</strong></span> <span class='ocrx_word' id='word_1_274' title='bbox 1199 5091 1267 5170; x_wconf 91' lang='lat' dir='ltr'><strong>per</strong></span> <span class='ocrx_word' id='word_1_275' title='bbox 1283 5080 1467 5142; x_wconf 87' lang='lat' dir='ltr'><strong>arrestum</strong></span> <span class='ocrx_word' id='word_1_276' title='bbox 1482 5063 1587 5154; x_wconf 84' lang='lat' dir='ltr'><strong>curie</strong></span> <span class='ocrx_word' id='word_1_277' title='bbox 1601 5061 1706 5169; x_wconf 86' lang='lat' dir='ltr'><strong>quod</strong></span> <span class='ocrx_word' id='word_1_278' title='bbox 1722 5061 1822 5137; x_wconf 85' lang='lat' dir='ltr'><strong>dicta</strong></span> <span class='ocrx_word' id='word_1_279' title='bbox 1836 5059 2110 5166; x_wconf 84' lang='lat' dir='ltr'><strong>inqueetacum</strong></span> <span class='ocrx_word' id='word_1_280' title='bbox 2125 5056 2297 5164; x_wconf 89' lang='lat' dir='ltr'><strong>predicto</strong></span> 
     </span>
    </p>

    <p class='ocr_par' dir='ltr' id='par_1_31' title="bbox 875 5173 2299 5303">
     <span class='ocr_line' id='line_1_32' title="bbox 875 5173 2299 5303; baseline -0.004 -33"><span class='ocrx_word' id='word_1_281' title='bbox 875 5219 1053 5298; x_wconf 90' lang='lat' dir='ltr'><strong>processu</strong></span> <span class='ocrx_word' id='word_1_282' title='bbox 1074 5193 1266 5271; x_wconf 86' lang='lat' dir='ltr'><strong>videretur</strong></span> <span class='ocrx_word' id='word_1_283' title='bbox 1290 5210 1328 5271; x_wconf 89' lang='lat' dir='ltr'><strong>et</strong></span> <span class='ocrx_word' id='word_1_284' title='bbox 1343 5178 1817 5303; x_wconf 58' lang='lat' dir='ltr'><strong>judicareturaTandem,</strong></span> <span class='ocrx_word' id='word_1_285' title='bbox 1843 5173 2051 5266; x_wconf 74' lang='lat' dir='ltr'><strong>visadicta</strong></span> <span class='ocrx_word' id='word_1_286' title='bbox 2065 5188 2237 5294; x_wconf 88' lang='lat' dir='ltr'><strong>inquesta</strong></span> <span class='ocrx_word' id='word_1_287' title='bbox 2260 5204 2299 5265; x_wconf 90' lang='lat' dir='ltr'><strong>et</strong></span> 
     </span>
    </p>

    <p class='ocr_par' dir='ltr' id='par_1_32' title="bbox 876 5317 2299 5433">
     <span class='ocr_line' id='line_1_33' title="bbox 876 5317 2299 5433; baseline -0.004 -33"><span class='ocrx_word' id='word_1_288' title='bbox 876 5324 1077 5433; x_wconf 85' lang='lat' dir='ltr'><strong>diligenter</strong></span> <span class='ocrx_word' id='word_1_289' title='bbox 1092 5324 1311 5414; x_wconf 79' lang='lat' dir='ltr'><strong>examinata,</strong></span> <span class='ocrx_word' id='word_1_290' title='bbox 1328 5353 1397 5430; x_wconf 89' lang='lat' dir='ltr'><strong>per</strong></span> <span class='ocrx_word' id='word_1_291' title='bbox 1411 5326 1514 5403; x_wconf 91' lang='lat' dir='ltr'><strong>curie</strong></span> <span class='ocrx_word' id='word_1_292' title='bbox 1529 5341 1657 5403; x_wconf 83' lang='lat' dir='ltr'><strong>nostre</strong></span> <span class='ocrx_word' id='word_1_293' title='bbox 1669 5322 1880 5431; x_wconf 88' lang='lat' dir='ltr'><strong>judicium,</strong></span> <span class='ocrx_word' id='word_1_294' title='bbox 1897 5318 2048 5397; x_wconf 85' lang='lat' dir='ltr'><strong>dictum</strong></span> <span class='ocrx_word' id='word_1_295' title='bbox 2057 5317 2132 5395; x_wconf 91' lang='lat' dir='ltr'><strong>fuit</strong></span> <span class='ocrx_word' id='word_1_296' title='bbox 2150 5318 2299 5424; x_wconf 80' lang='lat' dir='ltr'><strong>predic-</strong></span> 
     </span>
    </p>

    <p class='ocr_par' dir='ltr' id='par_1_33' title="bbox 875 5448 2298 5564">
     <span class='ocr_line' id='line_1_34' title="bbox 875 5448 2298 5564; baseline -0.005 -33"><span class='ocrx_word' id='word_1_297' title='bbox 875 5474 957 5534; x_wconf 90' lang='lat' dir='ltr'><strong>tum</strong></span> <span class='ocrx_word' id='word_1_298' title='bbox 969 5454 1139 5564; x_wconf 89' lang='lat' dir='ltr'><strong>judicem</strong></span> <span class='ocrx_word' id='word_1_299' title='bbox 1153 5455 1251 5534; x_wconf 88' lang='lat' dir='ltr'><strong>bene</strong></span> <span class='ocrx_word' id='word_1_300' title='bbox 1267 5456 1534 5561; x_wconf 88' lang='lat' dir='ltr'><strong>pronunciasse</strong></span> <span class='ocrx_word' id='word_1_301' title='bbox 1546 5472 1585 5533; x_wconf 89' lang='lat' dir='ltr'><strong>et</strong></span> <span class='ocrx_word' id='word_1_302' title='bbox 1595 5454 1715 5533; x_wconf 88' lang='lat' dir='ltr'><strong>dictos</strong></span> <span class='ocrx_word' id='word_1_303' title='bbox 1728 5451 1959 5560; x_wconf 86' lang='lat' dir='ltr'><strong>appellantes</strong></span> <span class='ocrx_word' id='word_1_304' title='bbox 1973 5449 2070 5527; x_wconf 90' lang='lat' dir='ltr'><strong>male</strong></span> <span class='ocrx_word' id='word_1_305' title='bbox 2081 5448 2298 5564; x_wconf 85' lang='lat' dir='ltr'><strong>appellasse.</strong></span> 
     </span>
    </p>
   </div>
   <div class='ocr_carea' id='block_1_3' title="bbox 0 0 2950 7284">
    <p class='ocr_par' dir='ltr' id='par_1_34' title="bbox 0 0 2950 7284">
     <span class='ocr_line' id='line_1_35' title="bbox 0 0 2950 7284; baseline 0 0"><span class='ocrx_word' id='word_1_306' title='bbox 0 0 2950 7284; x_wconf 95' lang='lat' dir='ltr'><strong> </strong></span> 
     </span>
    </p>
   </div>
  </div>
 </body>
</html>
