5817 7292
1041 1141 1306 1248 stunrns
1331 1159 1397 1231 nr
1424 1142 1631 1232 raeces.
1998 1164 2045 1234 75

679 1303 739 1380 lll.
771 1302 869 1381 Cum
885 1301 1017 1378 Petrus
1039 1299 1389 1392 de.Bmcia,miles,
1404 1298 1601 1387 dominus,
1617 1316 1661 1376 ut
1680 1299 1829 1391 dicitur,
1847 1301 1896 1380 de
1910 1303 2044 1395 Bocae,
2083 1312 2270 1376 rumnrv,

623 1431 734 1510 nobis
749 1430 991 1540 significasset
1005 1431 1110 1539 quod
1126 1430 1338 1509 castellanis
1355 1431 1402 1508 de
1417 1432 1536 1509 Bocae
1548 1446 1609 1508 est
1621 1445 1660 1507 ct
1674 1428 1748 1507 fuit
1757 1428 1809 1507 ab
1824 1431 1980 1538 antiquo
1997 1436 2044 1512 de
2145 1405 2208 1448 Μ’

621 1561 773 1640 ballivia
787 1562 1012 1641 Bituriceusi
1027 1579 1066 1640 et
1081 1563 1128 1640 de
1144 1579 1306 1642 ressorto
1326 1561 1600 1651 Exolduuensi,
1621 1577 1737 1667 prout
1753 1589 1823 1668 per
1834 1561 2045 1668 judicatum

622 1695 725 1772 curie
740 1710 867 1772 nostre
883 1721 1059 1800 apparere
1079 1711 1243 1802 poterat,
1262 1709 1304 1772 ut
1324 1693 1494 1784 dicebat,
1515 1710 1554 1770 et
1567 1691 1673 1800 quod
1687 1690 1915 1770 senescallus
1927 1693 2047 1770 Picta-

621 1824 764 1913 vsusis,
785 1822 944 1900 ballivus
963 1823 1161 1915 Arvernie,
1184 1840 1313 1902 contra
1334 1823 1427 1900 dicti
1440 1821 1600 1930 judicati
1614 1838 1789 1900 tenorem
1811 1839 1850 1900 et
1867 1823 1907 1899 in
1929 1823 2047 1930 ipsius

620 1953 755 2032 militis
769 1953 1040 2060 prejudicium,
1063 1972 1108 2032 ut
1130 1953 1296 2044 dicebat,
1320 1953 1492 2061 quotidie
1509 1952 1666 2032 bsllisre
1680 1969 1719 2029 et
1735 1952 1929 2058 justitiare
1949 1954 2046 2031 uite-

620 2083 758 2161 bantur
778 2084 817 2161 in
839 2085 937 2162 dicta
959 2083 1192 2177 castellania,
1218 2101 1257 2162 et
1275 2083 1488 2190 specialiter
1504 2084 1546 2160 iu
1564 2082 1665 2161 villis
1684 2083 1733 2160 da
1748 2085 1882 2160 Persae
1902 2101 1940 2160 et
1958 2084 2046 2163 Cle·

619 2214 762 2319 riguae,
785 2213 824 2288 in
846 2213 944 2291 dicta
963 2213 1175 2292 castellania
1194 2213 1290 2305 sitis,
1308 2231 1345 2292 et
1366 2215 1408 2290 in
1425 2213 1624 2292 territoriis
1639 2213 1878 2303 eerruudenrr
1899 2239 2045 2320 nosque

618 2371 731 2449 super
757 2343 951 2449 predictis,
981 2345 1119 2424 vocatis
1149 2345 1365 2436 evomudis,
1393 2360 1434 2424 et
1459 2344 1672 2451 specialiter
1696 2344 1905 2422 senescallo
1929 2345 2048 2422 Pista-

618 2475 721 2552 vensi
736 2491 775 2552 et
787 2473 935 2556 ballivis
948 2476 1172 2555 Bituricensi
1193 2494 1231 2555 et
1247 2476 1441 2568 Arvernis,
1460 2474 1764 2554 mandaverimus
1781 2475 1942 2583 inquiri:
1959 2476 2046 2555 viss

618 2605 808 2711 inquesta,
836 2635 949 2713 super
972 2608 1046 2686 hoc
1073 2609 1121 2686 de
1145 2608 1322 2686 mandato
1348 2624 1477 2684 nostro
1501 2606 1614 2698 sacta,
1635 2635 1678 2682 ac
1702 2607 1820 2683 eciam
1843 2606 2045 2715 diligenter

620 2736 841 2826 ssaunnata,
857 2761 1004 2816 necnon
1013 2738 1092 2816 viso
1103 2737 1274 2844 judicato
1288 2736 1476 2843 predicto,
1491 2764 1561 2843 per
1574 2737 1677 2812 cute
1691 2753 1818 2813 nosue
1830 2735 2040 2843 judicium,

618 2866 908 2971 pronunciatum
939 2867 1012 2944 fuit
1045 2897 1088 2944 ae
1117 2869 1235 2944 eciem
1269 2866 1503 2944 declaratum·
1531 2865 1672 2942 dietam
1706 2864 1957 2942 castessauiam
1993 2868 2062 2944 de·

618 2995 754 3089 Boreo,
770 3015 810 3075 ct
824 2995 1035 3104 specialiter
1049 2998 1261 3105 predictam
1274 2996 1402 3074 vilhns
1423 2996 1472 3074 de
1490 2997 1624 3074 Parcae
1638 2996 1774 3103 etejns
1786 2996 2040 3090 territorium,

619 3126 667 3203 de
681 3125 832 3204 ballivis
845 3128 1098 3221 Eitturicensi,
1110 3127 1534 3234 siurtpremissumest,
1551 3125 1681 3215 muse,
1695 3153 1779 3204 esse
1791 3155 1835 3204 ac
1847 3155 2042 3206 mutauere

617 3254 769 3335 debere.

674 3389 802 3468 Messe
818 3390 1006 3467 ianuario.

673 3519 724 3596 M.
743 3520 782 3596 P.
808 3519 976 3598 Toffardi
998 3522 1211 3628 reportavit.

671 3782 731 3859 lv.
762 3782 860 3861 Cum
886 3811 1001 3890 super
1028 3782 1257 3890 quibusdam
1282 3783 1575 3875 inobedienciis,
1602 3782 1750 3891 injuriis
1773 3801 1812 3861 st
1831 3783 2043 3862 excessibus

616 3937 690 4016 que
710 3939 779 4014 per
797 3912 996 4018 majorem,
1022 3913 1193 3992 scabinos
1214 3931 1252 3990 et
1274 3914 1531 3992 communiam
1551 3913 1602 3990 de
1618 3913 1798 4003 Divione,
1819 3914 2043 3993 dicebantur

615 4038 710 4116 lacte
734 4039 847 4118 fuisse
872 4041 1080 4122 Guillelmo
1105 4044 1153 4123 de
1179 4046 1437 4153 Requemont,
1466 4046 1642 4123 servienti
1674 4062 1803 4123 nostro
1827 4045 1867 4121 in
1891 4044 2040 4123 ballivis

616 4171 845 4263 Senonensi,
872 4190 912 4249 et
927 4171 1074 4252 Gilloui
1093 4175 1203 4253 dicto·
1214 4175 1380 4265 Chabot,
1404 4201 1448 4252 er
1467 4173 1594 4252 officis
1611 4191 1742 4252 nostro
1761 4173 1961 4251 fecerimus
1979 4205 2042 4252 ve-

614 4300 767 4379 ritatem
778 4303 918 4412 inquiri
931 4336 940 4380 :
961 4305 1152 4398 Tandem,
1167 4307 1340 4413 inquestu
1354 4329 1468 4413 super
1483 4306 1559 4383 hoc
1571 4304 1683 4397 farm,
1698 4306 1774 4383 vin
1788 4322 1828 4382 et
1839 4303 2042 4414 diligenter

615 4430 837 4526 examinata,
850 4432 938 4540 quia
948 4432 1144 4512 inventum
1158 4452 1229 4526 est,
1242 4463 1310 4541 per
1323 4434 1461 4512 dictam
1475 4435 1705 4542 inquestem,
1722 4427 2039 4544 didossrltajoreus

556 4617 557 4624 .
614 4579 652 4640 et
672 4562 844 4640 scabinos
861 4581 900 4642 et
917 4564 1174 4643 communiam
1193 4594 1279 4676 erga
1297 4565 1440 4644 dictum
1462 4564 1686 4644 servientem
1704 4582 1879 4644 nostrvm
1900 4565 2040 4646 multas

612 4692 894 4772 inobediencias
915 4694 1161 4786 commisisse,
1185 4695 1273 4802 ipsi,
1296 4696 1444 4774 racione
1463 4696 1648 4774 dictarum
1665 4695 2036 4788 inobedienciarum,

612 4825 653 4901 iu
673 4823 783 4904 mille
798 4823 910 4904 libris
924 4825 1214 4904 Turonensibus
1236 4827 1350 4906 uobis
1369 4856 1439 4934 pro
1464 4827 1624 4906 menda
1644 4826 1836 4906 solvendis
1857 4826 2035 4918 luerunt,

611 4983 681 5060 per
702 4973 832 5034 nostre
852 4957 955 5034 curie
974 4955 1182 5065 judium,
1209 4959 1496 5066 condempnati,
1523 4975 1577 5046 st,
1602 4985 1719 5065 super
1739 4957 1888 5065 injuriis
1913 4959 1961 5038 ab
1982 4959 2039 5038 eis

610 5083 730 5179 luctis,
750 5105 794 5164 ut
811 5087 965 5178 dicitur,
981 5089 1082 5167 dicto
1104 5088 1252 5181 Giloui,
1273 5091 1313 5168 in
1333 5108 1519 5198 qrmntum
1541 5119 1611 5169 uos
1632 5090 1770 5198 tangit,
1791 5088 1948 5168 suenum
1968 5117 2037 5198 per

468 5225 472 5230 '
611 5217 717 5295 idem
730 5219 926 5327 pudicinrn
938 5220 1115 5300 absoluti.

667 5349 844 5428 Mercurii
862 5367 948 5458 post
966 5352 1115 5432 octabus
1134 5354 1336 5434 Nativitatis
1354 5353 1523 5432 Domini.

668 5479 842 5560 Bocellus
863 5483 1075 5591 reportavit.
