5817 7292
842 1140 912 1215 172
1405 1138 1496 1214 LES
1522 1133 1663 1213 OLIM.

613 1292 798 1358 nummu.
894 1282 1005 1359 XXX.
1037 1282 1135 1362 Cum
1158 1299 1289 1390 gentes
1316 1280 1543 1360 dilectorum
1561 1281 1680 1358 Bichii
1702 1297 1741 1358 et
1760 1280 1970 1372 Moucheti,
1991 1280 2156 1357 militum
2175 1308 2260 1359 nos-

673 1386 736 1429 1500.

838 1431 1002 1501 trorum,
1021 1413 1068 1490 de
1084 1412 1262 1490 mandato
1279 1441 1409 1491 eorum
1426 1428 1471 1489 ut
1487 1411 1636 1499 dicitur,
1654 1411 1847 1488 occasione
1861 1410 1964 1512 tallie
1980 1409 2137 1519 singulis
2151 1411 2263 1488 Lum·
2314 1469 2319 1478 .

837 1544 964 1622 bardis
985 1542 1178 1651 imposito,
1197 1544 1368 1622 aJacobo
1387 1542 1563 1651 Cypriani
1578 1542 1627 1619 de
1646 1542 1859 1631 Florencia,
1877 1570 2022 1619 moram
2036 1543 2209 1619 trahente
2223 1540 2263 1616 in

837 1674 1046 1767 Britannia,
1068 1675 1109 1751 in
1133 1673 1316 1780 villaque
1337 1674 1476 1751 dicitur
1493 1671 1732 1761 Villa-Hates‚
1753 1673 1957 1781 quamdam
1976 1673 2138 1777 pecunie
2160 1700 2264 1750 sum·

837 1833 938 1881 mam
957 1804 1103 1914 exigere
1118 1804 1341 1892 niterentur,
1363 1805 1497 1881 sicuta
1515 1802 1626 1878 certis
1642 1802 1869 1880 Lumbardis
1886 1801 2208 1880 commorantibus
2224 1802 2264 1877 iu

836 1964 952 2043 regno
973 1952 1119 2023 nostro,
1142 1934 1243 2011 dicto
1262 1933 1401 2013 Jacoho
1422 1931 1719 2024 contradicente,
1742 1949 1781 2010 et
1796 1933 1925 2040 plures
1944 1933 2113 2010 raciones
2131 1960 2265 2039 propo

837 2083 950 2143 nente
975 2093 1091 2172 quare
1120 2063 1258 2141 dictam
1283 2092 1470 2142 summam
1495 2062 1657 2170 pecunie
1674 2062 1842 2143 ⁴minime
1865 2063 2009 2141 solvere
2033 2063 2258 2185 tenebatur:

838 2194 1025 2287 Tandem,
1051 2193 1189 2271 auditis
1213 2193 1399 2299 partibus,
1420 2210 1460 2270 et
1479 2192 1649 2298 inquesta
1670 2192 1718 2269 de
1739 2191 1918 2270 mandato
1937 2204 2065 2269 nostro
2087 2190 2182 2269 lacta
2201 2219 2264 2269 su·

837 2353 905 2432 per
917 2320 1007 2415 hoc,
1025 2325 1102 2401 visa
1115 2340 1154 2401 et
1171 2324 1372 2431 diligenter
1389 2324 1610 2411 examinata,
1623 2350 1693 2432 per
1707 2322 1812 2401 curie
1828 2340 1955 2399 nostre
1965 2320 2172 2430 judicium,
2189 2321 2264 2398 dic·

837 2474 920 2534 tum
944 2455 1016 2533 luit
1034 2454 1247 2563 predictum
1267 2454 1448 2533 Jacobum
1470 2453 1726 2531 intencionem
1751 2481 1858 2530 suam
1877 2452 2107 2530 sufficienter
2126 2451 2262 2558 proba·

836 2588 948 2676 visse,
966 2603 1005 2664 et
1020 2586 1139 2663 dictos
1155 2582 1296 2662 milites
1315 2585 1361 2662 ab
1379 2585 1569 2663 exactione
1584 2584 1752 2691 predicta
1768 2611 1911 2662 cessare
1930 2582 2082 2661 debere.

895 2716 1070 2794 Mercurii
1089 2732 1174 2821 post
1191 2715 1428 2793 Trinitatem.

893 2849 944 2926 M.
964 2848 1089 2926 Droco
1108 2846 1321 2954 reportavit.

892 3111 1018 3191 XXXI.
1050 3112 1148 3192 Cum
1168 3109 1270 3190 inter
1286 3110 1482 3221 religiosos
1496 3112 1594 3190 viros
1606 3111 1781 3190 abbatem
1797 3130 1836 3191 et
1855 3130 2082 3191 conventum
2101 3112 2148 3188 de
2166 3104 2266 3189 Che-

837 3244 988 3331 minon,
1012 3272 1056 3321 ex
1080 3270 1156 3319 una
1175 3259 1296 3349 parte,
1322 3258 1361 3317 et
1381 3242 1556 3319 homines
1575 3241 1663 3318 ville
1689 3242 1737 3319 de
1763 3241 2120 3328 Cheminon·Villa‚
2147 3268 2192 3318 ex
2212 3238 2266 3316 al·

836 3390 933 3461 tera,
960 3372 1210 3449 controversia
1236 3388 1334 3447 esset
1355 3398 1470 3477 super
1493 3371 1667 3477 eoquod
1689 3372 1779 3447 dieti
1804 3370 1970 3478 religiosi
1989 3368 2206 3447 asserebant
2222 3396 2263 3447 se

838 3530 916 3579 esse
938 3517 976 3578 et
995 3501 1043 3577 ab
1062 3501 1219 3608 antiquo
1239 3499 1354 3578 luisse
1374 3501 1414 3577 in
1428 3499 1587 3607 pacifica
1601 3501 1836 3608 possessione
1853 3500 1912 3577 vel
1930 3501 2037 3607 quasi
2057 3497 2203 3578 levandi
2224 3514 2264 3575 et

835 3631 1043 3738 recipiendi
1073 3646 1376 3709 manusmortuas
1405 3630 1451 3709 ab
1475 3630 1695 3711 hominibus
1719 3647 1758 3708 et
1782 3628 2009 3720 mulieribus
2032 3629 2130 3706 dicte
2153 3628 2259 3718 ville,

837 3764 885 3840 de
910 3791 1044 3841 eorum
1073 3762 1350 3842 hereditatibus
1375 3764 1621 3841 existentibus
1648 3764 1687 3839 in
1715 3762 1813 3840 dicta
1836 3762 1943 3855 villa,
1970 3763 2045 3841 sive
2070 3761 2261 3841 territorio

837 3895 1026 4003 ejusdem,
1049 3896 1396 4004 quocienscumque
1417 3890 1505 3974 dicti
1527 3895 1701 3974 homines
1721 3893 1796 3972 sive
1816 3894 1996 3972 mulieres
2016 3896 2098 3971 sine
2119 3893 2261 3972 herede
2349 3944 2355 3955 ·

837 4026 884 4103 de
909 4050 978 4104 suo
998 4027 1153 4133 proprio
1178 4055 1334 4133 corpore
1358 4028 1585 4117 moriuntur,
1610 4026 1719 4105 dictis
1739 4026 1962 4127 hominihus
1980 4041 2020 4103 et
2037 4024 2262 4103 mulieribus

835 4157 874 4233 in
903 4157 1132 4235 contrarium
1161 4158 1414 4237 asserentibus
1440 4186 1480 4237 se
1505 4185 1587 4235 esse
1612 4174 1650 4235 et
1673 4155 1719 4234 ab
1743 4155 2037 4263 antiquoluisse
2056 4154 2097 4232 in
2116 4183 2262 4263 posses-

836 4292 941 4365 sione
967 4288 1026 4367 vel
1053 4273 1177 4396 quasi,
1205 4316 1327 4397 usque
1354 4289 1402 4367 ad
1428 4289 1500 4367 hec
1520 4307 1707 4395 tempora,
1736 4286 1921 4365 libertatis
1950 4304 1988 4365 et
2012 4284 2262 4364 immunitatis

839 4417 978 4494 dictam
998 4439 1343 4498 manummortuam
1358 4448 1436 4499 non
1457 4420 1684 4527 prestando:
1705 4420 1895 4512 Tandem,
1914 4418 2055 4497 auditis
2071 4417 2259 4526 partibus,

837 4563 875 4625 et
899 4547 1071 4653 inquesta
1095 4548 1142 4626 de
1169 4550 1348 4629 mandato
1372 4567 1502 4629 nostro
1527 4549 1622 4628 lacta
1646 4580 1761 4657 super
1787 4552 1880 4639 hoc,
1900 4550 1977 4627 visa
2000 4565 2041 4629 et
2063 4548 2263 4656 diligenter

838 4676 1059 4767 examinata,
1081 4679 1170 4784 quia
1194 4680 1387 4758 inventum
1409 4697 1524 4758 estet
1546 4680 1748 4787 probatum
1769 4680 1890 4758 dictos
1908 4679 2103 4788 religiosos
2123 4706 2202 4755 esse
2222 4696 2261 4755 et

837 4806 884 4884 ab
904 4807 1057 4914 antiquo
1071 4806 1185 4887 fuisse
1205 4810 1244 4886 in
1260 4810 1495 4917 possessione
1508 4810 1569 4889 vel
1584 4812 1690 4918 quasi
1705 4810 1914 4918 recipiendi
1930 4827 1969 4887 et
1982 4807 2145 4895 levandi,
2164 4808 2261 4885 sicut

835 4938 1060 5044 premissum
1083 4956 1157 5033 est,
1176 4958 1480 5019 manusmortuas
1500 4941 1547 5019 de
1562 4942 1742 5049 predictis
1766 4939 2041 5019 hereditatibus
2059 4938 2259 5015 hominum

836 5084 874 5145 et
900 5068 1107 5147 mulierum
1134 5071 1232 5149 dicte
1256 5071 1362 5161 ville,
1389 5072 1543 5178 quando
1562 5073 1634 5179 ipsi
1653 5074 1736 5151 sine
1765 5072 1906 5149 herede
1934 5069 1982 5147 de
2009 5098 2079 5147 suo
2105 5068 2259 5178 proprio

835 5226 990 5305 corpore
1011 5201 1236 5294 moriuntur,
1259 5230 1328 5309 per
1348 5204 1449 5280 curie
1475 5220 1601 5281 nostre
1620 5202 1827 5311 judicium,
1850 5200 1994 5276 dictum
2014 5199 2089 5277 luit
2109 5216 2148 5277 et
2171 5228 2260 5306 pro·

834 5328 1053 5407 nunciatum
1078 5331 1198 5409 dictos
1228 5332 1424 5442 religiosos
1449 5334 1489 5409 in
1514 5335 1684 5442 predicta
1707 5330 1944 5441 possessione
1967 5330 2026 5407 vel
2058 5331 2163 5439 quasi
2190 5332 2260 5409 de·

833 5462 923 5539 bere
938 5489 1151 5553 remanere,
1174 5480 1212 5541 et
1225 5463 1545 5569 impedimentum
1560 5493 1674 5572 super
1690 5464 1764 5541 hoc
1784 5461 1838 5539 eis
1857 5460 2072 5571 appositum
2091 5479 2257 5570 exparte
