<?xml version="1.0" encoding="UTF-8"?>
<!DOCTYPE html PUBLIC "-//W3C//DTD XHTML 1.0 Transitional//EN"
    "http://www.w3.org/TR/xhtml1/DTD/xhtml1-transitional.dtd">
<html xmlns="http://www.w3.org/1999/xhtml" xml:lang="en" lang="en">
 <head>
  <title>
</title>
<meta http-equiv="Content-Type" content="text/html;charset=utf-8" />
  <meta name='ocr-system' content='tesseract 3.04.00' />
  <meta name='ocr-capabilities' content='ocr_page ocr_carea ocr_par ocr_line ocrx_word'/>
</head>
<body>
  <div class='ocr_page' id='page_1' title='image "./lesolimouregist00pargoog_0781.png"; bbox 0 0 5817 7292; ppageno 0'>
   <div class='ocr_carea' id='block_1_1' title="bbox 1021 1042 2022 1151">
    <p class='ocr_par' dir='ltr' id='par_1_1' title="bbox 1021 1042 2022 1151">
     <span class='ocr_line' id='line_1_1' title="bbox 1021 1042 2022 1151; baseline -0.007 -17"><span class='ocrx_word' id='word_1_1' title='bbox 1021 1042 1289 1151; x_wconf 80' lang='lat' dir='ltr'><strong>nuoutrns</strong></span> <span class='ocrx_word' id='word_1_2' title='bbox 1315 1059 1378 1131; x_wconf 86' lang='lat' dir='ltr'><strong>nr</strong></span> <span class='ocrx_word' id='word_1_3' title='bbox 1404 1042 1611 1133; x_wconf 74' lang='lat' dir='ltr'><strong>proces.</strong></span> <span class='ocrx_word' id='word_1_4' title='bbox 1949 1054 2022 1128; x_wconf 83' lang='lat' dir='ltr'><strong>oro</strong></span> 
     </span>
    </p>
   </div>
   <div class='ocr_carea' id='block_1_2' title="bbox 609 1194 2252 2476">
    <p class='ocr_par' dir='ltr' id='par_1_2' title="bbox 609 1194 2252 2476">
     <span class='ocr_line' id='line_1_2' title="bbox 612 1194 2252 1310; baseline -0.011 -28"><span class='ocrx_word' id='word_1_5' title='bbox 612 1202 822 1309; x_wconf 81' lang='lat' dir='ltr'>specialiter</span> <span class='ocrx_word' id='word_1_6' title='bbox 840 1202 1043 1310; x_wconf 86' lang='lat' dir='ltr'><strong>deputatis,</strong></span> <span class='ocrx_word' id='word_1_7' title='bbox 1059 1230 1129 1280; x_wconf 92' lang='lat' dir='ltr'><strong>nos</strong></span> <span class='ocrx_word' id='word_1_8' title='bbox 1145 1228 1259 1307; x_wconf 89' lang='lat' dir='ltr'><strong>super</strong></span> <span class='ocrx_word' id='word_1_9' title='bbox 1279 1201 1438 1291; x_wconf 86' lang='lat' dir='ltr'><strong>eisdem,</strong></span> <span class='ocrx_word' id='word_1_10' title='bbox 1459 1228 1528 1307; x_wconf 91' lang='lat' dir='ltr'><strong>per</strong></span> <span class='ocrx_word' id='word_1_11' title='bbox 1546 1215 1668 1276; x_wconf 88' lang='lat' dir='ltr'><strong>certos</strong></span> <span class='ocrx_word' id='word_1_12' title='bbox 1687 1194 1879 1273; x_wconf 81' lang='lat' dir='ltr'><strong>auditores</strong></span> <span class='ocrx_word' id='word_1_13' title='bbox 1897 1213 2026 1275; x_wconf 87' lang='lat' dir='ltr'><strong>contra</strong></span> <span class='ocrx_word' id='word_1_14' title='bbox 2064 1202 2194 1256; x_wconf 76' lang='lat' dir='ltr'><strong>mmm</strong></span> <span class='ocrx_word' id='word_1_15' title='bbox 2207 1202 2252 1264; x_wconf 85' lang='lat' dir='ltr'><strong>tv,</strong></span> 
     </span>
     <span class='ocr_line' id='line_1_3' title="bbox 611 1294 2189 1440; baseline -0.006 -30"><span class='ocrx_word' id='word_1_16' title='bbox 611 1334 773 1440; x_wconf 91' lang='lat' dir='ltr'><strong>prefatos</strong></span> <span class='ocrx_word' id='word_1_17' title='bbox 785 1332 968 1412; x_wconf 90' lang='lat' dir='ltr'><strong>Guiotum</strong></span> <span class='ocrx_word' id='word_1_18' title='bbox 986 1350 1023 1410; x_wconf 91' lang='lat' dir='ltr'><strong>et</strong></span> <span class='ocrx_word' id='word_1_19' title='bbox 1036 1331 1229 1423; x_wconf 91' lang='lat' dir='ltr'><strong>Gilonam,</strong></span> <span class='ocrx_word' id='word_1_20' title='bbox 1248 1332 1383 1409; x_wconf 87' lang='lat' dir='ltr'><strong>vocatis</strong></span> <span class='ocrx_word' id='word_1_21' title='bbox 1393 1330 1495 1407; x_wconf 89' lang='lat' dir='ltr'><strong>dicto</strong></span> <span class='ocrx_word' id='word_1_22' title='bbox 1507 1328 1644 1407; x_wconf 88' lang='lat' dir='ltr'><strong>ballivo</strong></span> <span class='ocrx_word' id='word_1_23' title='bbox 1658 1340 1788 1401; x_wconf 88' lang='lat' dir='ltr'><strong>nostro</strong></span> <span class='ocrx_word' id='word_1_24' title='bbox 1798 1326 1930 1403; x_wconf 84' lang='lat' dir='ltr'><strong>etaliis</strong></span> <span class='ocrx_word' id='word_1_25' title='bbox 1942 1354 2028 1402; x_wconf 82' lang='lat' dir='ltr'><strong>evo-</strong></span> <span class='ocrx_word' id='word_1_26' title='bbox 2127 1294 2189 1336; x_wconf 56' lang='grc' dir='ltr'><strong>’ω’</strong></span> 
     </span>
     <span class='ocr_line' id='line_1_4' title="bbox 611 1458 2029 1571; baseline -0.006 -31"><span class='ocrx_word' id='word_1_27' title='bbox 611 1462 754 1553; x_wconf 87' lang='lat' dir='ltr'><strong>candis,</strong></span> <span class='ocrx_word' id='word_1_28' title='bbox 773 1464 1029 1541; x_wconf 83' lang='lat' dir='ltr'><strong>mandavimus</strong></span> <span class='ocrx_word' id='word_1_29' title='bbox 1048 1462 1188 1571; x_wconf 88' lang='lat' dir='ltr'>inquiri</span> <span class='ocrx_word' id='word_1_30' title='bbox 1210 1462 1431 1569; x_wconf 81' lang='lat' dir='ltr'>diligencius</span> <span class='ocrx_word' id='word_1_31' title='bbox 1449 1460 1661 1548; x_wconf 82' lang='lat' dir='ltr'><strong>veritatem,</strong></span> <span class='ocrx_word' id='word_1_32' title='bbox 1682 1488 1723 1535; x_wconf 93' lang='lat' dir='ltr'><strong>ac</strong></span> <span class='ocrx_word' id='word_1_33' title='bbox 1742 1458 1952 1561; x_wconf 87' lang='lat' dir='ltr'><strong>inquestam</strong></span> <span class='ocrx_word' id='word_1_34' title='bbox 1967 1486 2029 1533; x_wconf 88' lang='lat' dir='ltr'><strong>su·</strong></span> 
     </span>
     <span class='ocr_line' id='line_1_5' title="bbox 609 1585 2030 1701; baseline -0.007 -31"><span class='ocrx_word' id='word_1_35' title='bbox 609 1622 678 1699; x_wconf 87' lang='lat' dir='ltr'><strong>per</strong></span> <span class='ocrx_word' id='word_1_36' title='bbox 705 1596 778 1672; x_wconf 92' lang='lat' dir='ltr'><strong>hoc</strong></span> <span class='ocrx_word' id='word_1_37' title='bbox 800 1595 932 1673; x_wconf 87' lang='lat' dir='ltr'><strong>factam</strong></span> <span class='ocrx_word' id='word_1_38' title='bbox 949 1594 1193 1701; x_wconf 90' lang='lat' dir='ltr'><strong>judicandam</strong></span> <span class='ocrx_word' id='word_1_39' title='bbox 1214 1592 1322 1670; x_wconf 90' lang='lat' dir='ltr'><strong>dictis</strong></span> <span class='ocrx_word' id='word_1_40' title='bbox 1348 1592 1523 1700; x_wconf 82' lang='lat' dir='ltr'><strong>gentibus</strong></span> <span class='ocrx_word' id='word_1_41' title='bbox 1541 1593 1678 1669; x_wconf 85' lang='lat' dir='ltr'><strong>nostris</strong></span> <span class='ocrx_word' id='word_1_42' title='bbox 1698 1585 1877 1694; x_wconf 85' lang='lat' dir='ltr'><strong>reportari</strong></span> <span class='ocrx_word' id='word_1_43' title='bbox 1896 1587 2030 1661; x_wconf 87' lang='lat' dir='ltr'><strong>:Facta</strong></span> 
     </span>
     <span class='ocr_line' id='line_1_6' title="bbox 611 1715 2032 1831; baseline -0.006 -31"><span class='ocrx_word' id='word_1_44' title='bbox 611 1724 725 1831; x_wconf 83' lang='lat' dir='ltr'><strong>igitur</strong></span> <span class='ocrx_word' id='word_1_45' title='bbox 744 1724 842 1802; x_wconf 91' lang='lat' dir='ltr'><strong>dicta</strong></span> <span class='ocrx_word' id='word_1_46' title='bbox 862 1725 1032 1831; x_wconf 91' lang='lat' dir='ltr'><strong>inquesta</strong></span> <span class='ocrx_word' id='word_1_47' title='bbox 1052 1740 1091 1802; x_wconf 94' lang='lat' dir='ltr'><strong>et</strong></span> <span class='ocrx_word' id='word_1_48' title='bbox 1108 1741 1234 1802; x_wconf 90' lang='lat' dir='ltr'><strong>nostre</strong></span> <span class='ocrx_word' id='word_1_49' title='bbox 1255 1724 1359 1800; x_wconf 91' lang='lat' dir='ltr'><strong>curie</strong></span> <span class='ocrx_word' id='word_1_50' title='bbox 1379 1739 1584 1830; x_wconf 86' lang='lat' dir='ltr'><strong>reportata,</strong></span> <span class='ocrx_word' id='word_1_51' title='bbox 1606 1715 1713 1829; x_wconf 74' lang='lat' dir='ltr'><strong>quia&#39;,</strong></span> <span class='ocrx_word' id='word_1_52' title='bbox 1734 1720 1809 1796; x_wconf 90' lang='lat' dir='ltr'><strong>visa</strong></span> <span class='ocrx_word' id='word_1_53' title='bbox 1828 1717 1907 1824; x_wconf 91' lang='lat' dir='ltr'><strong>ipsa</strong></span> <span class='ocrx_word' id='word_1_54' title='bbox 1926 1733 1965 1792; x_wconf 90' lang='lat' dir='ltr'><strong>et</strong></span> <span class='ocrx_word' id='word_1_55' title='bbox 1980 1716 2032 1792; x_wconf 92' lang='lat' dir='ltr'><strong>di-</strong></span> 
     </span>
     <span class='ocr_line' id='line_1_7' title="bbox 610 1847 2032 1962; baseline -0.006 -31"><span class='ocrx_word' id='word_1_56' title='bbox 610 1854 770 1962; x_wconf 87' lang='lat' dir='ltr'><strong>ligenter</strong></span> <span class='ocrx_word' id='word_1_57' title='bbox 790 1856 1012 1944; x_wconf 84' lang='lat' dir='ltr'><strong>examinata,</strong></span> <span class='ocrx_word' id='word_1_58' title='bbox 1035 1872 1163 1933; x_wconf 92' lang='lat' dir='ltr'><strong>contra</strong></span> <span class='ocrx_word' id='word_1_59' title='bbox 1181 1853 1465 1960; x_wconf 81' lang='lat' dir='ltr'><strong>prenominatos</strong></span> <span class='ocrx_word' id='word_1_60' title='bbox 1478 1852 1595 1930; x_wconf 89' lang='lat' dir='ltr'><strong>nichil</strong></span> <span class='ocrx_word' id='word_1_61' title='bbox 1616 1853 1807 1930; x_wconf 83' lang='lat' dir='ltr'><strong>inventum</strong></span> <span class='ocrx_word' id='word_1_62' title='bbox 1823 1864 1878 1925; x_wconf 91' lang='lat' dir='ltr'><strong>est</strong></span> <span class='ocrx_word' id='word_1_63' title='bbox 1896 1847 2032 1951; x_wconf 85' lang='lat' dir='ltr'><strong>proba-</strong></span> 
     </span>
     <span class='ocr_line' id='line_1_8' title="bbox 610 1975 2031 2087; baseline -0.006 -28"><span class='ocrx_word' id='word_1_64' title='bbox 610 2001 709 2069; x_wconf 92' lang='lat' dir='ltr'><strong>tum,</strong></span> <span class='ocrx_word' id='word_1_65' title='bbox 722 1985 824 2060; x_wconf 90' lang='lat' dir='ltr'><strong>curia</strong></span> <span class='ocrx_word' id='word_1_66' title='bbox 838 2001 965 2061; x_wconf 88' lang='lat' dir='ltr'><strong>nostra</strong></span> <span class='ocrx_word' id='word_1_67' title='bbox 977 1984 1131 2061; x_wconf 91' lang='lat' dir='ltr'><strong>eosdem</strong></span> <span class='ocrx_word' id='word_1_68' title='bbox 1147 2012 1166 2059; x_wconf 87' lang='lat' dir='ltr'><strong>a</strong></span> <span class='ocrx_word' id='word_1_69' title='bbox 1184 1983 1361 2087; x_wconf 84' lang='lat' dir='ltr'><strong>predictis</strong></span> <span class='ocrx_word' id='word_1_70' title='bbox 1381 1981 1451 2059; x_wconf 92' lang='lat' dir='ltr'><strong>sibi</strong></span> <span class='ocrx_word' id='word_1_71' title='bbox 1469 1981 1654 2086; x_wconf 83' lang='lat' dir='ltr'><strong>impositis</strong></span> <span class='ocrx_word' id='word_1_72' title='bbox 1671 1978 1843 2064; x_wconf 88' lang='lat' dir='ltr'><strong>absolvit,</strong></span> <span class='ocrx_word' id='word_1_73' title='bbox 1861 1993 1898 2054; x_wconf 91' lang='lat' dir='ltr'><strong>et</strong></span> <span class='ocrx_word' id='word_1_74' title='bbox 1914 1975 2031 2051; x_wconf 91' lang='lat' dir='ltr'><strong>dictos</strong></span> 
     </span>
     <span class='ocr_line' id='line_1_9' title="bbox 610 2108 1769 2218; baseline 0 -33"><span class='ocrx_word' id='word_1_75' title='bbox 610 2111 784 2188; x_wconf 90' lang='lat' dir='ltr'><strong>detentos</strong></span> <span class='ocrx_word' id='word_1_76' title='bbox 802 2112 969 2218; x_wconf 88' lang='lat' dir='ltr'><strong>precepit</strong></span> <span class='ocrx_word' id='word_1_77' title='bbox 989 2114 1089 2189; x_wconf 90' lang='lat' dir='ltr'><strong>curia</strong></span> <span class='ocrx_word' id='word_1_78' title='bbox 1105 2128 1232 2187; x_wconf 84' lang='lat' dir='ltr'><strong>nostra</strong></span> <span class='ocrx_word' id='word_1_79' title='bbox 1253 2111 1301 2188; x_wconf 88' lang='lat' dir='ltr'><strong>de</strong></span> <span class='ocrx_word' id='word_1_80' title='bbox 1322 2112 1422 2188; x_wconf 90' lang='lat' dir='ltr'><strong>dicto</strong></span> <span class='ocrx_word' id='word_1_81' title='bbox 1442 2139 1587 2187; x_wconf 88' lang='lat' dir='ltr'><strong>carcere</strong></span> <span class='ocrx_word' id='word_1_82' title='bbox 1608 2108 1769 2187; x_wconf 89' lang='lat' dir='ltr'><strong>liberari.</strong></span> 
     </span>
     <span class='ocr_line' id='line_1_10' title="bbox 665 2238 1469 2345; baseline 0.001 -28"><span class='ocrx_word' id='word_1_83' title='bbox 665 2238 819 2317; x_wconf 86' lang='lat' dir='ltr'><strong>Veneris</strong></span> <span class='ocrx_word' id='word_1_84' title='bbox 833 2256 919 2345; x_wconf 90' lang='lat' dir='ltr'><strong>post</strong></span> <span class='ocrx_word' id='word_1_85' title='bbox 934 2240 1172 2345; x_wconf 90' lang='lat' dir='ltr'><strong>quendenam</strong></span> <span class='ocrx_word' id='word_1_86' title='bbox 1191 2239 1469 2318; x_wconf 89' lang='lat' dir='ltr'><strong>Pentbecostes.</strong></span> 
     </span>
     <span class='ocr_line' id='line_1_11' title="bbox 664 2368 1714 2476; baseline -0.001 -31"><span class='ocrx_word' id='word_1_87' title='bbox 664 2371 747 2446; x_wconf 91' lang='lat' dir='ltr'><strong>Non</strong></span> <span class='ocrx_word' id='word_1_88' title='bbox 768 2369 883 2447; x_wconf 86' lang='lat' dir='ltr'><strong>habui</strong></span> <span class='ocrx_word' id='word_1_89' title='bbox 898 2370 1128 2476; x_wconf 87' lang='lat' dir='ltr'><strong>inquestam;</strong></span> <span class='ocrx_word' id='word_1_90' title='bbox 1149 2384 1299 2475; x_wconf 88' lang='lat' dir='ltr'><strong>petatur</strong></span> <span class='ocrx_word' id='word_1_91' title='bbox 1313 2398 1334 2445; x_wconf 91' lang='lat' dir='ltr'><strong>a</strong></span> <span class='ocrx_word' id='word_1_92' title='bbox 1349 2371 1399 2447; x_wconf 90' lang='lat' dir='ltr'><strong>M.</strong></span> <span class='ocrx_word' id='word_1_93' title='bbox 1421 2370 1462 2445; x_wconf 90' lang='lat' dir='ltr'><strong>P.</strong></span> <span class='ocrx_word' id='word_1_94' title='bbox 1480 2370 1529 2446; x_wconf 89' lang='lat' dir='ltr'><strong>de</strong></span> <span class='ocrx_word' id='word_1_95' title='bbox 1547 2368 1714 2446; x_wconf 89' lang='lat' dir='ltr'><strong>Perellis.</strong></span> 
     </span>
    </p>
   </div>
   <div class='ocr_carea' id='block_1_3' title="bbox 611 2625 2032 2993">
    <p class='ocr_par' dir='ltr' id='par_1_3' title="bbox 611 2625 2032 2993">
     <span class='ocr_line' id='line_1_12' title="bbox 662 2625 2032 2735; baseline -0.003 -28"><span class='ocrx_word' id='word_1_96' title='bbox 662 2627 786 2707; x_wconf 83' lang='lat' dir='ltr'>XLIV.</span> <span class='ocrx_word' id='word_1_97' title='bbox 814 2628 952 2705; x_wconf 81' lang='lat' dir='ltr'><strong>Littera</strong></span> <span class='ocrx_word' id='word_1_98' title='bbox 968 2646 1007 2706; x_wconf 89' lang='lat' dir='ltr'><strong>et</strong></span> <span class='ocrx_word' id='word_1_99' title='bbox 1022 2627 1185 2734; x_wconf 86' lang='lat' dir='ltr'><strong>quedam</strong></span> <span class='ocrx_word' id='word_1_100' title='bbox 1201 2628 1334 2735; x_wconf 85' lang='lat' dir='ltr'><strong>scripta</strong></span> <span class='ocrx_word' id='word_1_101' title='bbox 1352 2629 1449 2703; x_wconf 89' lang='lat' dir='ltr'><strong>inter</strong></span> <span class='ocrx_word' id='word_1_102' title='bbox 1464 2626 1660 2704; x_wconf 93' lang='lat' dir='ltr'><strong>dominum</strong></span> <span class='ocrx_word' id='word_1_103' title='bbox 1677 2628 1697 2702; x_wconf 87' lang='lat' dir='ltr'>J</span> <span class='ocrx_word' id='word_1_104' title='bbox 1702 2687 1710 2702; x_wconf 93' lang='lat'><strong>.</strong></span> <span class='ocrx_word' id='word_1_105' title='bbox 1726 2625 1888 2733; x_wconf 90' lang='lat' dir='ltr'><strong>Appollo</strong></span> <span class='ocrx_word' id='word_1_106' title='bbox 1907 2644 1944 2703; x_wconf 93' lang='lat' dir='ltr'><strong>et</strong></span> <span class='ocrx_word' id='word_1_107' title='bbox 1955 2654 2032 2703; x_wconf 92' lang='lat' dir='ltr'><strong>mo·</strong></span> 
     </span>
     <span class='ocr_line' id='line_1_13' title="bbox 612 2756 2030 2866; baseline 0 -35"><span class='ocrx_word' id='word_1_108' title='bbox 612 2758 750 2835; x_wconf 90' lang='lat' dir='ltr'><strong>nacbos</strong></span> <span class='ocrx_word' id='word_1_109' title='bbox 770 2758 818 2834; x_wconf 87' lang='lat' dir='ltr'><strong>de</strong></span> <span class='ocrx_word' id='word_1_110' title='bbox 842 2758 1106 2866; x_wconf 83' lang='lat' dir='ltr'><strong>Pontigniaco;</strong></span> <span class='ocrx_word' id='word_1_111' title='bbox 1127 2758 1232 2864; x_wconf 93' lang='lat' dir='ltr'><strong>quod</strong></span> <span class='ocrx_word' id='word_1_112' title='bbox 1250 2758 1449 2864; x_wconf 83' lang='lat' dir='ltr'><strong>negocium</strong></span> <span class='ocrx_word' id='word_1_113' title='bbox 1470 2756 1543 2834; x_wconf 88' lang='lat' dir='ltr'><strong>fuit</strong></span> <span class='ocrx_word' id='word_1_114' title='bbox 1562 2756 1795 2864; x_wconf 85' lang='lat' dir='ltr'><strong>expeditum,</strong></span> <span class='ocrx_word' id='word_1_115' title='bbox 1816 2774 1930 2862; x_wconf 90' lang='lat' dir='ltr'><strong>prout</strong></span> <span class='ocrx_word' id='word_1_116' title='bbox 1944 2784 2030 2833; x_wconf 91' lang='lat' dir='ltr'><strong>con-</strong></span> 
     </span>
     <span class='ocr_line' id='line_1_14' title="bbox 611 2885 1337 2993; baseline 0 -30"><span class='ocrx_word' id='word_1_117' title='bbox 611 2885 753 2965; x_wconf 90' lang='lat' dir='ltr'><strong>tinetur</strong></span> <span class='ocrx_word' id='word_1_118' title='bbox 772 2889 810 2963; x_wconf 94' lang='lat' dir='ltr'><strong>in</strong></span> <span class='ocrx_word' id='word_1_119' title='bbox 832 2887 957 2965; x_wconf 91' lang='lat' dir='ltr'><strong>rotulo</strong></span> <span class='ocrx_word' id='word_1_120' title='bbox 978 2888 1092 2993; x_wconf 90' lang='lat' dir='ltr'><strong>hujus</strong></span> <span class='ocrx_word' id='word_1_121' title='bbox 1107 2886 1337 2993; x_wconf 86' lang='lat' dir='ltr'><strong>parlamenti.</strong></span> 
     </span>
    </p>
   </div>
   <div class='ocr_carea' id='block_1_4' title="bbox 611 3146 2032 3645">
    <p class='ocr_par' dir='ltr' id='par_1_4' title="bbox 611 3146 2032 3645">
     <span class='ocr_line' id='line_1_15' title="bbox 668 3146 2027 3256; baseline -0.001 -31"><span class='ocrx_word' id='word_1_122' title='bbox 668 3150 776 3228; x_wconf 89' lang='lat' dir='ltr'>XLV.</span> <span class='ocrx_word' id='word_1_123' title='bbox 798 3149 893 3227; x_wconf 92' lang='lat' dir='ltr'><strong>Cum</strong></span> <span class='ocrx_word' id='word_1_124' title='bbox 913 3149 1143 3229; x_wconf 91' lang='lat' dir='ltr'><strong>Guillelmus</strong></span> <span class='ocrx_word' id='word_1_125' title='bbox 1161 3148 1209 3225; x_wconf 91' lang='lat' dir='ltr'><strong>de</strong></span> <span class='ocrx_word' id='word_1_126' title='bbox 1227 3150 1344 3226; x_wconf 91' lang='lat' dir='ltr'><strong>Bosco</strong></span> <span class='ocrx_word' id='word_1_127' title='bbox 1363 3146 1530 3225; x_wconf 91' lang='lat' dir='ltr'><strong>Bouselli</strong></span> <span class='ocrx_word' id='word_1_128' title='bbox 1551 3164 1591 3225; x_wconf 90' lang='lat' dir='ltr'><strong>et</strong></span> <span class='ocrx_word' id='word_1_129' title='bbox 1600 3148 1787 3225; x_wconf 83' lang='lat' dir='ltr'><strong>lohannes</strong></span> <span class='ocrx_word' id='word_1_130' title='bbox 1807 3147 1955 3256; x_wconf 87' lang='lat' dir='ltr'><strong>logueti</strong></span> <span class='ocrx_word' id='word_1_131' title='bbox 1980 3148 2027 3223; x_wconf 89' lang='lat' dir='ltr'><strong>de</strong></span> 
     </span>
     <span class='ocr_line' id='line_1_16' title="bbox 611 3276 2028 3383; baseline 0 -30"><span class='ocrx_word' id='word_1_132' title='bbox 611 3278 826 3367; x_wconf 88' lang='lat' dir='ltr'><strong>Pleudrain,</strong></span> <span class='ocrx_word' id='word_1_133' title='bbox 849 3278 1029 3368; x_wconf 85' lang='lat' dir='ltr'><strong>scutiferi,</strong></span> <span class='ocrx_word' id='word_1_134' title='bbox 1047 3279 1148 3355; x_wconf 90' lang='lat' dir='ltr'><strong>curie</strong></span> <span class='ocrx_word' id='word_1_135' title='bbox 1164 3294 1306 3365; x_wconf 90' lang='lat' dir='ltr'><strong>nostre,</strong></span> <span class='ocrx_word' id='word_1_136' title='bbox 1326 3277 1608 3381; x_wconf 88' lang='lat' dir='ltr'><strong>conquerendo,</strong></span> <span class='ocrx_word' id='word_1_137' title='bbox 1625 3276 1894 3383; x_wconf 85' lang='lat' dir='ltr'><strong>significassent</strong></span> <span class='ocrx_word' id='word_1_138' title='bbox 1907 3276 2028 3381; x_wconf 90' lang='lat' dir='ltr'><strong>quod,</strong></span> 
     </span>
     <span class='ocr_line' id='line_1_17' title="bbox 611 3405 2028 3514; baseline -0.002 -29"><span class='ocrx_word' id='word_1_139' title='bbox 611 3426 712 3486; x_wconf 91' lang='lat' dir='ltr'><strong>mota</strong></span> <span class='ocrx_word' id='word_1_140' title='bbox 733 3408 936 3499; x_wconf 89' lang='lat' dir='ltr'><strong>discordia,</strong></span> <span class='ocrx_word' id='word_1_141' title='bbox 965 3408 1061 3486; x_wconf 86' lang='lat' dir='ltr'><strong>inter</strong></span> <span class='ocrx_word' id='word_1_142' title='bbox 1087 3408 1206 3514; x_wconf 90' lang='lat' dir='ltr'><strong>ipsos,</strong></span> <span class='ocrx_word' id='word_1_143' title='bbox 1231 3407 1269 3483; x_wconf 94' lang='lat' dir='ltr'><strong>in</strong></span> <span class='ocrx_word' id='word_1_144' title='bbox 1296 3406 1399 3484; x_wconf 88' lang='lat' dir='ltr'><strong>curia</strong></span> <span class='ocrx_word' id='word_1_145' title='bbox 1424 3405 1580 3483; x_wconf 88' lang='lat' dir='ltr'><strong>seculari</strong></span> <span class='ocrx_word' id='word_1_146' title='bbox 1608 3406 1773 3511; x_wconf 91' lang='lat' dir='ltr'><strong>episcopi</strong></span> <span class='ocrx_word' id='word_1_147' title='bbox 1797 3406 2028 3493; x_wconf 88' lang='lat' dir='ltr'><strong>Briocensis,</strong></span> 
     </span>
     <span class='ocr_line' id='line_1_18' title="bbox 613 3533 2032 3645; baseline -0.004 -30"><span class='ocrx_word' id='word_1_148' title='bbox 613 3566 725 3644; x_wconf 89' lang='lat' dir='ltr'><strong>super</strong></span> <span class='ocrx_word' id='word_1_149' title='bbox 734 3539 961 3645; x_wconf 91' lang='lat' dir='ltr'><strong>quibusdam</strong></span> <span class='ocrx_word' id='word_1_150' title='bbox 977 3538 1098 3617; x_wconf 86' lang='lat' dir='ltr'><strong>verbis</strong></span> <span class='ocrx_word' id='word_1_151' title='bbox 1118 3537 1308 3645; x_wconf 86' lang='lat' dir='ltr'><strong>injuriosis</strong></span> <span class='ocrx_word' id='word_1_152' title='bbox 1322 3536 1369 3613; x_wconf 91' lang='lat' dir='ltr'><strong>de</strong></span> <span class='ocrx_word' id='word_1_153' title='bbox 1384 3535 1524 3641; x_wconf 90' lang='lat' dir='ltr'><strong>quibus</strong></span> <span class='ocrx_word' id='word_1_154' title='bbox 1544 3534 1638 3611; x_wconf 88' lang='lat' dir='ltr'><strong>alter</strong></span> <span class='ocrx_word' id='word_1_155' title='bbox 1650 3562 1783 3612; x_wconf 90' lang='lat' dir='ltr'><strong>corum</strong></span> <span class='ocrx_word' id='word_1_156' title='bbox 1797 3533 1845 3612; x_wconf 86' lang='lat' dir='ltr'><strong>de</strong></span> <span class='ocrx_word' id='word_1_157' title='bbox 1860 3534 1933 3612; x_wconf 91' lang='lat' dir='ltr'><strong>alio</strong></span> <span class='ocrx_word' id='word_1_158' title='bbox 1949 3562 2032 3611; x_wconf 92' lang='lat' dir='ltr'><strong>con·</strong></span> 
     </span>
    </p>
   </div>
   <div class='ocr_carea' id='block_1_5' title="bbox 611 3663 2032 5458">
    <p class='ocr_par' dir='ltr' id='par_1_5' title="bbox 611 3663 2032 5458">
     <span class='ocr_line' id='line_1_19' title="bbox 612 3663 2030 3772; baseline -0.001 -31"><span class='ocrx_word' id='word_1_159' title='bbox 612 3668 858 3771; x_wconf 86' lang='lat' dir='ltr'><strong>querebatur,</strong></span> <span class='ocrx_word' id='word_1_160' title='bbox 874 3668 992 3772; x_wconf 84' lang='lat' dir='ltr'><strong>judex</strong></span> <span class='ocrx_word' id='word_1_161' title='bbox 1012 3666 1103 3743; x_wconf 89' lang='lat' dir='ltr'><strong>dicti</strong></span> <span class='ocrx_word' id='word_1_162' title='bbox 1124 3666 1303 3771; x_wconf 83' lang='lat' dir='ltr'><strong>episcopi,</strong></span> <span class='ocrx_word' id='word_1_163' title='bbox 1327 3664 1366 3740; x_wconf 91' lang='lat' dir='ltr'><strong>iu</strong></span> <span class='ocrx_word' id='word_1_164' title='bbox 1386 3692 1495 3741; x_wconf 90' lang='lat' dir='ltr'><strong>causa</strong></span> <span class='ocrx_word' id='word_1_165' title='bbox 1521 3663 1707 3767; x_wconf 88' lang='lat' dir='ltr'><strong>predicta,</strong></span> <span class='ocrx_word' id='word_1_166' title='bbox 1734 3664 1885 3767; x_wconf 84' lang='lat' dir='ltr'><strong>gagium</strong></span> <span class='ocrx_word' id='word_1_167' title='bbox 1912 3663 2030 3740; x_wconf 87' lang='lat' dir='ltr'><strong>duelli</strong></span> 
     </span>
     <span class='ocr_line' id='line_1_20' title="bbox 615 3790 2030 3881; baseline 0.001 -14"><span class='ocrx_word' id='word_1_168' title='bbox 615 3794 711 3869; x_wconf 88' lang='lat' dir='ltr'><strong>inter</strong></span> <span class='ocrx_word' id='word_1_169' title='bbox 732 3794 851 3871; x_wconf 88' lang='lat' dir='ltr'><strong>dictos</strong></span> <span class='ocrx_word' id='word_1_170' title='bbox 870 3794 1065 3871; x_wconf 83' lang='lat' dir='ltr'><strong>scutiferos</strong></span> <span class='ocrx_word' id='word_1_171' title='bbox 1083 3794 1308 3871; x_wconf 88' lang='lat' dir='ltr'><strong>indicaverat</strong></span> <span class='ocrx_word' id='word_1_172' title='bbox 1325 3820 1404 3869; x_wconf 87' lang='lat' dir='ltr'><strong>esse</strong></span> <span class='ocrx_word' id='word_1_173' title='bbox 1424 3791 1656 3881; x_wconf 90' lang='lat' dir='ltr'><strong>faciendum,</strong></span> <span class='ocrx_word' id='word_1_174' title='bbox 1677 3790 1826 3868; x_wconf 90' lang='lat' dir='ltr'><strong>notorie</strong></span> <span class='ocrx_word' id='word_1_175' title='bbox 1845 3791 2030 3868; x_wconf 87' lang='lat' dir='ltr'><strong>veniendo</strong></span> 
     </span>
     <span class='ocr_line' id='line_1_21' title="bbox 613 3919 2029 4028; baseline 0 -30"><span class='ocrx_word' id='word_1_176' title='bbox 613 3938 741 4000; x_wconf 90' lang='lat' dir='ltr'><strong>contra</strong></span> <span class='ocrx_word' id='word_1_177' title='bbox 767 3923 1049 4001; x_wconf 89' lang='lat' dir='ltr'><strong>ordinacionem</strong></span> <span class='ocrx_word' id='word_1_178' title='bbox 1077 3939 1241 3999; x_wconf 89' lang='lat' dir='ltr'><strong>nostram</strong></span> <span class='ocrx_word' id='word_1_179' title='bbox 1269 3948 1398 4028; x_wconf 89' lang='lat' dir='ltr'><strong>quarn,</strong></span> <span class='ocrx_word' id='word_1_180' title='bbox 1421 3921 1461 3996; x_wconf 93' lang='lat' dir='ltr'><strong>in</strong></span> <span class='ocrx_word' id='word_1_181' title='bbox 1488 3920 1603 4027; x_wconf 83' lang='lat' dir='ltr'><strong>gagiis</strong></span> <span class='ocrx_word' id='word_1_182' title='bbox 1634 3919 1770 4009; x_wconf 86' lang='lat' dir='ltr'><strong>duelli,</strong></span> <span class='ocrx_word' id='word_1_183' title='bbox 1792 3948 2029 4026; x_wconf 89' lang='lat' dir='ltr'><strong>quacumque</strong></span> 
     </span>
     <span class='ocr_line' id='line_1_22' title="bbox 614 4048 2032 4157; baseline -0.001 -29"><span class='ocrx_word' id='word_1_184' title='bbox 614 4052 885 4129; x_wconf 88' lang='lat' dir='ltr'><strong>consuetudine</strong></span> <span class='ocrx_word' id='word_1_185' title='bbox 917 4080 994 4130; x_wconf 91' lang='lat' dir='ltr'><strong>non</strong></span> <span class='ocrx_word' id='word_1_186' title='bbox 1028 4051 1213 4139; x_wconf 86' lang='lat' dir='ltr'><strong>obstante,</strong></span> <span class='ocrx_word' id='word_1_187' title='bbox 1248 4078 1316 4155; x_wconf 89' lang='lat' dir='ltr'><strong>per</strong></span> <span class='ocrx_word' id='word_1_188' title='bbox 1350 4078 1509 4155; x_wconf 85' lang='lat' dir='ltr'><strong>regnum</strong></span> <span class='ocrx_word' id='word_1_189' title='bbox 1535 4065 1705 4126; x_wconf 87' lang='lat' dir='ltr'><strong>nostrum</strong></span> <span class='ocrx_word' id='word_1_190' title='bbox 1731 4048 1970 4157; x_wconf 88' lang='lat' dir='ltr'><strong>precepimus</strong></span> <span class='ocrx_word' id='word_1_191' title='bbox 1994 4068 2032 4127; x_wconf 91' lang='lat' dir='ltr'><strong>et</strong></span> 
     </span>
     <span class='ocr_line' id='line_1_23' title="bbox 613 4178 2029 4287; baseline -0.002 -29"><span class='ocrx_word' id='word_1_192' title='bbox 613 4182 793 4287; x_wconf 84' lang='lat' dir='ltr'><strong>publicari</strong></span> <span class='ocrx_word' id='word_1_193' title='bbox 823 4180 978 4258; x_wconf 90' lang='lat' dir='ltr'><strong>fecimus</strong></span> <span class='ocrx_word' id='word_1_194' title='bbox 1007 4179 1293 4271; x_wconf 87' lang='lat' dir='ltr'><strong>observandam,</strong></span> <span class='ocrx_word' id='word_1_195' title='bbox 1324 4178 1524 4285; x_wconf 92' lang='lat' dir='ltr'><strong>quodque,</strong></span> <span class='ocrx_word' id='word_1_196' title='bbox 1552 4195 1706 4285; x_wconf 88' lang='lat' dir='ltr'><strong>propter</strong></span> <span class='ocrx_word' id='word_1_197' title='bbox 1739 4179 1880 4256; x_wconf 89' lang='lat' dir='ltr'><strong>dictum</strong></span> <span class='ocrx_word' id='word_1_198' title='bbox 1911 4179 2029 4256; x_wconf 88' lang='lat' dir='ltr'><strong>duelli</strong></span> 
     </span>
     <span class='ocr_line' id='line_1_24' title="bbox 611 4308 2030 4419; baseline -0.001 -32"><span class='ocrx_word' id='word_1_199' title='bbox 611 4312 778 4419; x_wconf 84' lang='lat' dir='ltr'><strong>gagium,</strong></span> <span class='ocrx_word' id='word_1_200' title='bbox 796 4312 917 4389; x_wconf 88' lang='lat' dir='ltr'><strong>dictus</strong></span> <span class='ocrx_word' id='word_1_201' title='bbox 934 4310 1128 4417; x_wconf 91' lang='lat' dir='ltr'><strong>episcopus</strong></span> <span class='ocrx_word' id='word_1_202' title='bbox 1146 4336 1263 4415; x_wconf 88' lang='lat' dir='ltr'><strong>equos</strong></span> <span class='ocrx_word' id='word_1_203' title='bbox 1283 4325 1320 4385; x_wconf 88' lang='lat' dir='ltr'><strong>ct</strong></span> <span class='ocrx_word' id='word_1_204' title='bbox 1335 4334 1437 4385; x_wconf 89' lang='lat' dir='ltr'><strong>arma</strong></span> <span class='ocrx_word' id='word_1_205' title='bbox 1447 4308 1635 4384; x_wconf 88' lang='lat' dir='ltr'><strong>dictorum</strong></span> <span class='ocrx_word' id='word_1_206' title='bbox 1651 4308 1911 4386; x_wconf 83' lang='lat' dir='ltr'><strong>scutiferorum</strong></span> <span class='ocrx_word' id='word_1_207' title='bbox 1924 4336 2030 4417; x_wconf 88' lang='lat' dir='ltr'><strong>cepe-</strong></span> 
     </span>
     <span class='ocr_line' id='line_1_25' title="bbox 613 4437 2031 4549; baseline -0.001 -30"><span class='ocrx_word' id='word_1_208' title='bbox 613 4460 669 4519; x_wconf 90' lang='lat' dir='ltr'><strong>rat</strong></span> <span class='ocrx_word' id='word_1_209' title='bbox 690 4460 726 4521; x_wconf 90' lang='lat' dir='ltr'><strong>et</strong></span> <span class='ocrx_word' id='word_1_210' title='bbox 745 4443 846 4549; x_wconf 91' lang='lat' dir='ltr'><strong>apud</strong></span> <span class='ocrx_word' id='word_1_211' title='bbox 866 4470 905 4519; x_wconf 88' lang='lat' dir='ltr'><strong>se</strong></span> <span class='ocrx_word' id='word_1_212' title='bbox 928 4440 1140 4518; x_wconf 87' lang='lat' dir='ltr'><strong>detinuerat</strong></span> <span class='ocrx_word' id='word_1_213' title='bbox 1157 4466 1372 4546; x_wconf 89' lang='lat' dir='ltr'><strong>quousque,</strong></span> <span class='ocrx_word' id='word_1_214' title='bbox 1394 4466 1464 4544; x_wconf 90' lang='lat' dir='ltr'><strong>per</strong></span> <span class='ocrx_word' id='word_1_215' title='bbox 1482 4439 1685 4545; x_wconf 88' lang='lat' dir='ltr'><strong>quemdam</strong></span> <span class='ocrx_word' id='word_1_216' title='bbox 1705 4437 1926 4517; x_wconf 86' lang='lat' dir='ltr'><strong>servientem</strong></span> <span class='ocrx_word' id='word_1_217' title='bbox 1945 4466 2031 4518; x_wconf 89' lang='lat' dir='ltr'><strong>nos·</strong></span> 
     </span>
     <span class='ocr_line' id='line_1_26' title="bbox 612 4569 2028 4678; baseline -0.001 -29"><span class='ocrx_word' id='word_1_218' title='bbox 612 4590 730 4661; x_wconf 89' lang='lat' dir='ltr'><strong>trum,</strong></span> <span class='ocrx_word' id='word_1_219' title='bbox 746 4572 839 4649; x_wconf 87' lang='lat' dir='ltr'><strong>facta</strong></span> <span class='ocrx_word' id='word_1_220' title='bbox 854 4572 926 4649; x_wconf 94' lang='lat' dir='ltr'><strong>sibi</strong></span> <span class='ocrx_word' id='word_1_221' title='bbox 943 4572 1080 4664; x_wconf 92' lang='lat' dir='ltr'><strong>fuerat,</strong></span> <span class='ocrx_word' id='word_1_222' title='bbox 1100 4570 1171 4649; x_wconf 93' lang='lat' dir='ltr'><strong>sub</strong></span> <span class='ocrx_word' id='word_1_223' title='bbox 1185 4570 1332 4678; x_wconf 82' lang='lat' dir='ltr'><strong>ydonea</strong></span> <span class='ocrx_word' id='word_1_224' title='bbox 1348 4569 1541 4660; x_wconf 88' lang='lat' dir='ltr'><strong>caucione,</strong></span> <span class='ocrx_word' id='word_1_225' title='bbox 1559 4569 1794 4647; x_wconf 85' lang='lat' dir='ltr'><strong>recredencia</strong></span> <span class='ocrx_word' id='word_1_226' title='bbox 1812 4571 1859 4648; x_wconf 93' lang='lat' dir='ltr'><strong>de</strong></span> <span class='ocrx_word' id='word_1_227' title='bbox 1873 4570 2028 4661; x_wconf 87' lang='lat' dir='ltr'><strong>eisdem,</strong></span> 
     </span>
     <span class='ocr_line' id='line_1_27' title="bbox 614 4699 2031 4810; baseline -0.001 -31"><span class='ocrx_word' id='word_1_228' title='bbox 614 4704 850 4810; x_wconf 89' lang='lat' dir='ltr'><strong>requirentes</strong></span> <span class='ocrx_word' id='word_1_229' title='bbox 868 4731 981 4808; x_wconf 90' lang='lat' dir='ltr'><strong>super</strong></span> <span class='ocrx_word' id='word_1_230' title='bbox 1009 4703 1106 4780; x_wconf 89' lang='lat' dir='ltr'><strong>facto</strong></span> <span class='ocrx_word' id='word_1_231' title='bbox 1134 4699 1368 4810; x_wconf 88' lang='lat' dir='ltr'><strong>hujusmodi,</strong></span> <span class='ocrx_word' id='word_1_232' title='bbox 1402 4703 1612 4779; x_wconf 89' lang='lat' dir='ltr'><strong>secundum</strong></span> <span class='ocrx_word' id='word_1_233' title='bbox 1637 4700 1916 4778; x_wconf 91' lang='lat' dir='ltr'><strong>ordinacionem</strong></span> <span class='ocrx_word' id='word_1_234' title='bbox 1945 4730 2031 4807; x_wconf 91' lang='lat' dir='ltr'><strong>pre-</strong></span> 
     </span>
     <span class='ocr_line' id='line_1_28' title="bbox 615 4816 2032 4941; baseline -0.002 -31"><span class='ocrx_word' id='word_1_235' title='bbox 615 4833 751 4911; x_wconf 90' lang='lat' dir='ltr'><strong>dictam</strong></span> <span class='ocrx_word' id='word_1_236' title='bbox 769 4816 914 4910; x_wconf 93' lang='lat' dir='ltr'><strong>domini</strong></span> <span class='ocrx_word' id='word_1_237' title='bbox 934 4833 1049 4939; x_wconf 88' lang='lat' dir='ltr'><strong>regis,</strong></span> <span class='ocrx_word' id='word_1_238' title='bbox 1070 4832 1140 4911; x_wconf 91' lang='lat' dir='ltr'><strong>sibi</strong></span> <span class='ocrx_word' id='word_1_239' title='bbox 1157 4831 1345 4941; x_wconf 89' lang='lat' dir='ltr'><strong>justiciam</strong></span> <span class='ocrx_word' id='word_1_240' title='bbox 1364 4830 1466 4921; x_wconf 89' lang='lat' dir='ltr'><strong>fieri,</strong></span> <span class='ocrx_word' id='word_1_241' title='bbox 1489 4848 1527 4909; x_wconf 88' lang='lat' dir='ltr'><strong>ct</strong></span> <span class='ocrx_word' id='word_1_242' title='bbox 1542 4831 1662 4909; x_wconf 89' lang='lat' dir='ltr'><strong>dictos</strong></span> <span class='ocrx_word' id='word_1_243' title='bbox 1679 4858 1796 4938; x_wconf 92' lang='lat' dir='ltr'><strong>equos</strong></span> <span class='ocrx_word' id='word_1_244' title='bbox 1815 4848 1853 4909; x_wconf 89' lang='lat' dir='ltr'><strong>et</strong></span> <span class='ocrx_word' id='word_1_245' title='bbox 1869 4860 1971 4907; x_wconf 87' lang='lat' dir='ltr'><strong>arma</strong></span> <span class='ocrx_word' id='word_1_246' title='bbox 1987 4858 2032 4908; x_wconf 78' lang='lat' dir='ltr'><strong>ex</strong></span> 
     </span>
     <span class='ocr_line' id='line_1_29' title="bbox 614 4960 2029 5071; baseline 0 -34"><span class='ocrx_word' id='word_1_247' title='bbox 614 4962 757 5071; x_wconf 85' lang='lat' dir='ltr'><strong>integro</strong></span> <span class='ocrx_word' id='word_1_248' title='bbox 777 4963 848 5041; x_wconf 90' lang='lat' dir='ltr'><strong>sibi</strong></span> <span class='ocrx_word' id='word_1_249' title='bbox 869 4962 1086 5055; x_wconf 88' lang='lat' dir='ltr'><strong>deliberari;</strong></span> <span class='ocrx_word' id='word_1_250' title='bbox 1109 4962 1283 5070; x_wconf 83' lang='lat' dir='ltr'><strong>gentibus</strong></span> <span class='ocrx_word' id='word_1_251' title='bbox 1301 4960 1390 5039; x_wconf 91' lang='lat' dir='ltr'><strong>dicti</strong></span> <span class='ocrx_word' id='word_1_252' title='bbox 1411 4961 1592 5070; x_wconf 90' lang='lat' dir='ltr'><strong>episcopi,</strong></span> <span class='ocrx_word' id='word_1_253' title='bbox 1612 4960 1785 5067; x_wconf 91' lang='lat' dir='ltr'><strong>pluribus</strong></span> <span class='ocrx_word' id='word_1_254' title='bbox 1801 4961 2029 5048; x_wconf 88' lang='lat' dir='ltr'><strong>racionibus,</strong></span> 
     </span>
     <span class='ocr_line' id='line_1_30' title="bbox 615 5089 2032 5211; baseline 0 -44"><span class='ocrx_word' id='word_1_255' title='bbox 615 5120 636 5167; x_wconf 91' lang='lat' dir='ltr'><strong>e</strong></span> <span class='ocrx_word' id='word_1_256' title='bbox 656 5093 839 5171; x_wconf 89' lang='lat' dir='ltr'><strong>contrario</strong></span> <span class='ocrx_word' id='word_1_257' title='bbox 859 5092 1159 5200; x_wconf 89' lang='lat' dir='ltr'><strong>proponentibus</strong></span> <span class='ocrx_word' id='word_1_258' title='bbox 1182 5120 1221 5171; x_wconf 89' lang='lat' dir='ltr'><strong>se</strong></span> <span class='ocrx_word' id='word_1_259' title='bbox 1241 5091 1339 5211; x_wconf 77' lang='lat' dir='ltr'><strong>bepe</strong></span> <span class='ocrx_word' id='word_1_260' title='bbox 1359 5108 1397 5169; x_wconf 87' lang='lat' dir='ltr'><strong>et</strong></span> <span class='ocrx_word' id='word_1_261' title='bbox 1412 5092 1514 5198; x_wconf 88' lang='lat' dir='ltr'><strong>juste</strong></span> <span class='ocrx_word' id='word_1_262' title='bbox 1536 5092 1576 5167; x_wconf 93' lang='lat' dir='ltr'><strong>in</strong></span> <span class='ocrx_word' id='word_1_263' title='bbox 1597 5090 1694 5169; x_wconf 88' lang='lat' dir='ltr'><strong>facto</strong></span> <span class='ocrx_word' id='word_1_264' title='bbox 1708 5089 1926 5199; x_wconf 90' lang='lat' dir='ltr'><strong>hujusmodi</strong></span> <span class='ocrx_word' id='word_1_265' title='bbox 1945 5118 2032 5197; x_wconf 93' lang='lat' dir='ltr'><strong>pro·</strong></span> 
     </span>
     <span class='ocr_line' id='line_1_31' title="bbox 616 5221 2032 5329; baseline 0.001 -34"><span class='ocrx_word' id='word_1_266' title='bbox 616 5221 782 5311; x_wconf 87' lang='lat' dir='ltr'><strong>cessisse,</strong></span> <span class='ocrx_word' id='word_1_267' title='bbox 805 5241 843 5299; x_wconf 88' lang='lat' dir='ltr'><strong>et</strong></span> <span class='ocrx_word' id='word_1_268' title='bbox 867 5222 1083 5329; x_wconf 90' lang='lat' dir='ltr'><strong>petentibus</strong></span> <span class='ocrx_word' id='word_1_269' title='bbox 1108 5221 1228 5300; x_wconf 88' lang='lat' dir='ltr'><strong>dictos</strong></span> <span class='ocrx_word' id='word_1_270' title='bbox 1250 5249 1368 5329; x_wconf 89' lang='lat' dir='ltr'><strong>equos</strong></span> <span class='ocrx_word' id='word_1_271' title='bbox 1392 5237 1430 5299; x_wconf 88' lang='lat' dir='ltr'><strong>et</strong></span> <span class='ocrx_word' id='word_1_272' title='bbox 1452 5250 1553 5298; x_wconf 88' lang='lat' dir='ltr'><strong>arma</strong></span> <span class='ocrx_word' id='word_1_273' title='bbox 1577 5221 1702 5299; x_wconf 90' lang='lat' dir='ltr'><strong>eidem</strong></span> <span class='ocrx_word' id='word_1_274' title='bbox 1726 5221 1917 5329; x_wconf 89' lang='lat' dir='ltr'><strong>episcopo,</strong></span> <span class='ocrx_word' id='word_1_275' title='bbox 1936 5236 2032 5297; x_wconf 88' lang='lat' dir='ltr'><strong>tarn-</strong></span> 
     </span>
     <span class='ocr_line' id='line_1_32' title="bbox 616 5349 2030 5458; baseline 0.001 -35"><span class='ocrx_word' id='word_1_276' title='bbox 616 5376 728 5453; x_wconf 90' lang='lat' dir='ltr'><strong>quam</strong></span> <span class='ocrx_word' id='word_1_277' title='bbox 740 5349 810 5427; x_wconf 91' lang='lat' dir='ltr'><strong>sibi</strong></span> <span class='ocrx_word' id='word_1_278' title='bbox 822 5353 1035 5442; x_wconf 91' lang='lat' dir='ltr'><strong>commissa,</strong></span> <span class='ocrx_word' id='word_1_279' title='bbox 1047 5352 1249 5439; x_wconf 87' lang='lat' dir='ltr'><strong>deliberari</strong></span> <span class='ocrx_word' id='word_1_280' title='bbox 1262 5369 1299 5428; x_wconf 91' lang='lat' dir='ltr'><strong>et</strong></span> <span class='ocrx_word' id='word_1_281' title='bbox 1306 5350 1416 5431; x_wconf 89' lang='lat' dir='ltr'><strong>reddi</strong></span> <span class='ocrx_word' id='word_1_282' title='bbox 1429 5384 1438 5429; x_wconf 89' lang='lat'><strong>:</strong></span> <span class='ocrx_word' id='word_1_283' title='bbox 1452 5351 1640 5441; x_wconf 87' lang='lat' dir='ltr'><strong>Tandem,</strong></span> <span class='ocrx_word' id='word_1_284' title='bbox 1653 5351 1823 5458; x_wconf 86' lang='lat' dir='ltr'><strong>inquesta</strong></span> <span class='ocrx_word' id='word_1_285' title='bbox 1834 5378 1947 5455; x_wconf 88' lang='lat' dir='ltr'><strong>super</strong></span> <span class='ocrx_word' id='word_1_286' title='bbox 1957 5349 2030 5427; x_wconf 92' lang='lat' dir='ltr'><strong>boc</strong></span> 
     </span>
    </p>
   </div>
   <div class='ocr_carea' id='block_1_6' title="bbox 0 0 2919 7284">
    <p class='ocr_par' dir='ltr' id='par_1_6' title="bbox 0 0 2919 7284">
     <span class='ocr_line' id='line_1_33' title="bbox 0 0 2919 7284; baseline 0 0"><span class='ocrx_word' id='word_1_287' title='bbox 0 0 2919 7284; x_wconf 95' lang='lat' dir='ltr'><strong> </strong></span> 
     </span>
    </p>
   </div>
  </div>
 </body>
</html>
