5817 7292
1018 1085 1285 1194 unoosrss
1311 1104 1376 1177 nr
1403 1089 1612 1212 nnocss.
1952 1105 2026 1179 tre

663 1251 850 1330 LXXXVl.
881 1248 980 1352 Cmu
999 1245 1268 1324 denuncietum
1288 1244 1425 1322 fuisses
1437 1261 1567 1322 contra
1586 1244 1835 1323 Guillelmum
1860 1249 1908 1323 de
1928 1249 2027 1327 Mes-
2065 1260 2195 1316 suren
2209 1259 2252 1318 tv.

606 1381 714 1472 sallo,
731 1384 779 1460 de
791 1382 935 1472 Vauro,
949 1379 1052 1486 quod
1069 1380 1148 1486 ipse
1160 1379 1330 1457 Brunum
1345 1377 1392 1454 de
1411 1376 1600 1463 Messallo,
1616 1373 1741 1453 filium
1755 1403 1883 1465 suum,
1896 1380 1962 1484 qui
1974 1382 2028 1457 di·
2127 1349 2190 1392 rm.

605 1515 770 1603 cebatur,
792 1541 879 1590 cum
898 1510 1128 1620 quibusdam
1147 1511 1224 1588 suis
1238 1508 1502 1616 complicibus,
1522 1508 1751 1586 interfecisse
1766 1507 1960 1587 Calvetum
1979 1513 2027 1587 de

603 1644 722 1736 Julio,
736 1643 938 1750 receptavit
950 1643 990 1719 in
1010 1669 1075 1719 sua
1095 1643 1226 1730 domo,
1241 1670 1316 1719 una
1330 1669 1416 1718 cum
1430 1640 1675 1746 complicibus
1687 1639 1881 1746 predictis,
1894 1640 1933 1714 in
1946 1657 2029 1718 tan·

603 1792 687 1852 tum
711 1775 817 1883 quod
840 1772 993 1880 bajulus
1012 1790 1141 1850 noster
1160 1790 1198 1849 et
1221 1772 1394 1850 consules
1415 1772 1463 1848 de
1482 1773 1625 1859 Vsum,
1648 1771 1888 1878 insequentes
1907 1771 2028 1850 dictos

604 1905 878 1993 malefactores,
903 1905 1060 1982 domum
1078 1903 1287 2010 predictum
1310 1904 1450 1979 intrare
1475 1929 1554 1980 non
1573 1916 1797 2009 potuerunt,
1820 1903 1957 1978 codem
1980 1903 2024 1981 G.

603 2035 781 2141 predictis
796 2034 926 2142 bajulo
936 2051 977 2111 ct
986 2031 1208 2156 consulilprp
1220 2034 1259 2110 in
1271 2033 1611 2110 bocresistenciam
1625 2031 1801 2123 faciente,
1817 2032 1912 2109 adeo
1925 2035 2029 2139 quod

604 2166 693 2243 dicti
713 2165 986 2255 malefactores,
1008 2165 1255 2272 postmodum
1275 2164 1413 2241 dictam
1435 2165 1593 2243 domum
1615 2181 1810 2255 exeuntes,
1833 2183 2029 2242 evaserumt

602 2295 807 2384 immunem
825 2296 933 2383 item,
951 2311 988 2372 et
1002 2296 1106 2402 quod
1126 2295 1247 2372 dictus
1268 2294 1500 2373 Guillelmus
1517 2294 1618 2370 dicto
1638 2294 1806 2382 Calveto,
1823 2320 1892 2402 per
1903 2296 2028 2373 modi-

603 2453 689 2503 cum
703 2443 856 2532 tempus
868 2443 954 2504 unte
965 2425 1083 2532 ipsius
1096 2443 1277 2518 mortem,
1289 2426 1412 2502 minas
1425 2425 1620 2514 intulerat3
1633 2425 1745 2514 item,
1759 2443 1798 2502 et
1807 2428 1911 2533 quod
1924 2427 2027 2506 idem

602 2558 766 2645 Brunus,
788 2573 873 2634 ante
894 2557 1038 2633 dictum
1059 2583 1268 2642 excessum,
1291 2557 1545 2661 emancipatus
1564 2553 1686 2632 fuerat
1704 2583 1774 2660 per
1797 2556 1939 2633 dictum
1962 2587 2028 2665 pa-

602 2704 699 2763 trem
719 2715 853 2775 suum3
869 2687 987 2777 item,
1010 2701 1049 2762 et
1066 2685 1173 2790 quod
1190 2687 1314 2762 dictus
1334 2687 1499 2775 Brunus,
1527 2701 1727 2791 postquam
1754 2687 1833 2790 ipse
1861 2687 2029 2795 confugit

603 2817 652 2892 ad
672 2816 951 2893 immunitatem
972 2814 1147 2903 ecclesie,
1169 2830 1380 2920 receptatus
1397 2811 1469 2889 fuit
1486 2831 1616 2920 postca
1632 2844 1701 2921 per
1719 2815 1863 2892 dictum
1882 2834 2027 2922 patrem

602 2973 715 3023 suum
736 2945 775 3021 in
797 2946 912 3022 domo
933 2960 1051 3021 suaet
1070 2943 1269 3021 abeodem
1286 2961 1393 3051 patre
1413 2969 1483 3022 suo
1503 2971 1621 3051 equos
1637 2944 1871 3022 habuitcum
1888 2945 2029 3052 quibus

602 3076 681 3182 ipse
693 3076 822 3168 evasit3
839 3076 945 3165 item,
959 3091 997 3152 et
1009 3074 1114 3182 quod
1130 3073 1251 3152 dictus
1264 3073 1309 3152 G.
1324 3075 1449 3152 eidem
1465 3074 1646 3163 filiosuo,
1665 3075 1758 3152 dum
1773 3091 1853 3152 eret
1865 3077 1906 3152 in
1922 3077 2025 3185 fuga,

602 3206 700 3287 duos
720 3233 875 3312 magnos
897 3231 1015 3312 equos
1034 3204 1258 3296 transmisit,
1281 3223 1319 3282 et
1338 3206 1463 3311 quod,
1485 3205 1579 3282 dum
1599 3223 1680 3282 eret
1698 3206 1801 3282 idem
1820 3207 1971 3284 Brunus
1990 3210 2028 3286 in

602 3336 772 3427 ecclesie,
785 3335 954 3444 prefatus
968 3335 1203 3416 Guillermus
1220 3334 1344 3414 eidem
1363 3335 1677 3413 Brunovictuelie
1686 3351 1727 3412 et
1741 3336 1813 3412 alia
1823 3341 2029 3416 necessaria

601 3467 825 3546 ministravit·
838 3500 847 3544 ε
862 3465 987 3575 Super
1002 3467 1200 3574 predictis,
1214 3466 1450 3544 demandam
1465 3483 1614 3559 nostro,
1626 3467 1763 3544 roccus
1777 3469 1975 3546 evocandis
1992 3487 2030 3546 et

602 3599 740 3679 auditis
760 3597 1043 3682 defensionibus
1064 3598 1153 3675 dicti
1175 3595 1389 3688 Guillelmi,
1410 3627 1451 3675 ac
1471 3599 1700 3705 ceterisque
1721 3599 1760 3673 in
1780 3601 1937 3704 negocio
1958 3601 2030 3677 hu·

596 3729 764 3835 jusmodi
784 3729 869 3809 fieri
888 3730 1106 3806 debuerrmt
1118 3728 1379 3836 sollempniter
1395 3729 1613 3816 observatis,
1632 3729 1805 3834 inqueste
1820 3729 1913 3803 facta
1933 3732 2030 3807 etad

603 3859 742 3935 curiam
760 3877 927 3938 nostram
946 3877 1151 3966 reportata,
1164 3861 1240 3935 visa
1262 3876 1300 3936 et
1319 3859 1522 3966 diligenter
1540 3859 1762 3946 examinate,
1776 3887 1863 3937 cum
1881 3859 1930 3934 de
1943 3887 2030 3965 pre—

602 3987 712 4066 dictis
738 3989 839 4069 dicto
867 3989 1074 4070 Guillolmo
1099 3989 1286 4096 impositis
1311 3990 1431 4067 nichil
1454 4005 1647 4096 repertum
1668 3988 1784 4066 luerit
1803 3987 2031 4068 sufficienter

602 4119 818 4225 probatum,
846 4121 948 4198 idem
972 4117 1201 4201 Guillelmus
1226 4151 1246 4197 a
1266 4120 1446 4228 predictis
1470 4138 1607 4199 contra·
1626 4121 1753 4226 ipsum
1778 4120 2028 4210 denuncietis,

601 4276 670 4355 per
689 4252 791 4328 curie
812 4268 939 4330 nostre
952 4251 1143 4360 judicium
1164 4251 1284 4329 extitit
1302 4252 1509 4330 absolutus.

658 4382 816 4460 Veneris
836 4397 921 4460 ante
937 4377 1074 4461 Remos
1092 4383 1318 4461 Palmarum.

658 4516 708 4594 Μ.
730 4516 805 4592 Yvo
825 4515 872 4593 de
894 4516 1119 4593 Lauduneco
1140 4515 1350 4622 reportavit.

656 4769 862 4852 LXXXVII.
893 4771 992 4851 Cum
1007 4771 1121 4850 freter
1136 4774 1382 4881 Berengarius
1399 4775 1571 4882 Seguini,
1589 4777 1799 4854 monachus
1812 4777 2028 4855 monasterii

601 4903 911 4994 Brantolmensis,
932 4904 1046 5011 prior,
1068 4921 1114 4983 ut
1133 4904 1300 4994 dicebat,
1321 4906 1510 5014 prioratus
1529 4907 1579 4984 de
1596 4907 1904 4987 (ilaris-«Valllbue
1921 4926 1961 4984 et
1980 4907 2029 4984 de

600 5035 818 5142 Vercgolio,
842 5036 967 5117 eidem
987 5063 1152 5130 conexo,
1174 5065 1300 5116 coram
1322 5037 1528 5116 senescallo
1551 5040 1785 5117 llutltenensi
1810 5039 2028 5146 proposuis-

600 5180 656 5243 set
674 5165 906 5272 quod=‚.licet
919 5168 1004 5274 ipse
1022 5185 1124 5248 suet
1141 5186 1182 5248 et
1200 5169 1268 5247 din
1285 5167 1471 5259 fuissetis
1490 5170 1624 5248 saisina
1635 5169 1793 5277 pacifica
1814 5169 1904 5247 dicti
1925 5170 2028 5275 prio-

600 5313 702 5374 ratus
722 5297 777 5376 de.
789 5297 1006 5408 Verogolio,
1020 5301 1161 5378 -etsub
1181 5328 1296 5377 manu
1317 5317 1357 5377 et
1373 5301 1659 5409 gardu'nosttis,
1681 5321 1719 5379 et
1738 5326 1808 5408 pro
1827 5301 1927 5379 dicta
1945 5326 2027 5375 cus

600 5425 708 5506 todia
719 5432 1109 5515 certumservientem
1120 5431 1295 5519 nubens
1307 5459 1331 5508 a*
1342 5431 1459 5510 nobis
1477 5457 1545 5511 seu
1561 5431 1795 5511 seneschallo
1809 5447 1962 5515 nostro,
1976 5428 2026 5502 ud
