<?xml version="1.0" encoding="UTF-8"?>
<!DOCTYPE html PUBLIC "-//W3C//DTD XHTML 1.0 Transitional//EN"
    "http://www.w3.org/TR/xhtml1/DTD/xhtml1-transitional.dtd">
<html xmlns="http://www.w3.org/1999/xhtml" xml:lang="en" lang="en">
 <head>
  <title>
</title>
<meta http-equiv="Content-Type" content="text/html;charset=utf-8" />
  <meta name='ocr-system' content='tesseract 3.04.00' />
  <meta name='ocr-capabilities' content='ocr_page ocr_carea ocr_par ocr_line ocrx_word'/>
</head>
<body>
  <div class='ocr_page' id='page_1' title='image "./lesolimouregist00pargoog_0705.png"; bbox 0 0 5817 7292; ppageno 0'>
   <div class='ocr_carea' id='block_1_1' title="bbox 995 1048 1992 1157">
    <p class='ocr_par' dir='ltr' id='par_1_1' title="bbox 995 1048 1992 1157">
     <span class='ocr_line' id='line_1_1' title="bbox 995 1048 1992 1157; baseline 0.006 -17"><span class='ocrx_word' id='word_1_1' title='bbox 995 1048 1254 1157; x_wconf 80' lang='lat' dir='ltr'>nuoutrns</span> <span class='ocrx_word' id='word_1_2' title='bbox 1279 1069 1344 1141; x_wconf 84' lang='lat' dir='ltr'>rr</span> <span class='ocrx_word' id='word_1_3' title='bbox 1370 1049 1577 1145; x_wconf 76' lang='lat' dir='ltr'>procus.</span> <span class='ocrx_word' id='word_1_4' title='bbox 1918 1074 1992 1146; x_wconf 82' lang='lat' dir='ltr'>coa</span> 
     </span>
    </p>
   </div>
   <div class='ocr_carea' id='block_1_2' title="bbox 571 1210 2216 3271">
    <p class='ocr_par' dir='ltr' id='par_1_2' title="bbox 571 1210 2216 3005">
     <span class='ocr_line' id='line_1_2' title="bbox 575 1210 2216 1318; baseline 0.004 -31"><span class='ocrx_word' id='word_1_5' title='bbox 575 1212 803 1291; x_wconf 85' lang='lat' dir='ltr'>contrarium</span> <span class='ocrx_word' id='word_1_6' title='bbox 814 1210 960 1289; x_wconf 86' lang='lat' dir='ltr'>dicente</span> <span class='ocrx_word' id='word_1_7' title='bbox 968 1213 1089 1318; x_wconf 89' lang='lat' dir='ltr'>quod,</span> <span class='ocrx_word' id='word_1_8' title='bbox 1102 1211 1318 1316; x_wconf 87' lang='lat' dir='ltr'>inpredicto</span> <span class='ocrx_word' id='word_1_9' title='bbox 1327 1228 1536 1302; x_wconf 83' lang='lat' dir='ltr'>contractu,</span> <span class='ocrx_word' id='word_1_10' title='bbox 1548 1212 1716 1318; x_wconf 87' lang='lat' dir='ltr'>precium</span> <span class='ocrx_word' id='word_1_11' title='bbox 1731 1211 1991 1301; x_wconf 75' lang='lat' dir='ltr'>intervenerat,</span> <span class='ocrx_word' id='word_1_12' title='bbox 2029 1226 2216 1293; x_wconf 74' lang='lat' dir='ltr'>Pmule.</span> 
     </span>
     <span class='ocr_line' id='line_1_3' title="bbox 574 1316 2155 1451; baseline 0.001 -31"><span class='ocrx_word' id='word_1_13' title='bbox 574 1360 612 1420; x_wconf 86' lang='lat' dir='ltr'>et</span> <span class='ocrx_word' id='word_1_14' title='bbox 629 1342 683 1421; x_wconf 89' lang='lat' dir='ltr'>sic</span> <span class='ocrx_word' id='word_1_15' title='bbox 701 1342 749 1419; x_wconf 89' lang='lat' dir='ltr'>de</span> <span class='ocrx_word' id='word_1_16' title='bbox 770 1343 1038 1421; x_wconf 87' lang='lat' dir='ltr'>consuetudine</span> <span class='ocrx_word' id='word_1_17' title='bbox 1057 1345 1173 1451; x_wconf 86' lang='lat' dir='ltr'>patrie</span> <span class='ocrx_word' id='word_1_18' title='bbox 1196 1340 1331 1421; x_wconf 84' lang='lat' dir='ltr'>licebat</span> <span class='ocrx_word' id='word_1_19' title='bbox 1350 1344 1385 1421; x_wconf 91' lang='lat' dir='ltr'>ei</span> <span class='ocrx_word' id='word_1_20' title='bbox 1408 1343 1568 1421; x_wconf 86' lang='lat' dir='ltr'>retinere</span> <span class='ocrx_word' id='word_1_21' title='bbox 1592 1342 1748 1421; x_wconf 90' lang='lat' dir='ltr'>domum</span> <span class='ocrx_word' id='word_1_22' title='bbox 1767 1341 1990 1447; x_wconf 72' lang='lat' dir='ltr'>predictam,</span> <span class='ocrx_word' id='word_1_23' title='bbox 2091 1316 2155 1359; x_wconf 75' lang='lat'>¹¹¹¹¹</span> 
     </span>
     <span class='ocr_line' id='line_1_4' title="bbox 574 1472 1994 1584; baseline 0.002 -35"><span class='ocrx_word' id='word_1_24' title='bbox 574 1472 753 1551; x_wconf 85' lang='lat' dir='ltr'>solvendo</span> <span class='ocrx_word' id='word_1_25' title='bbox 763 1472 931 1581; x_wconf 83' lang='lat' dir='ltr'><strong>precium</strong></span> <span class='ocrx_word' id='word_1_26' title='bbox 945 1474 1170 1553; x_wconf 85' lang='lat' dir='ltr'>venditionis</span> <span class='ocrx_word' id='word_1_27' title='bbox 1180 1473 1361 1584; x_wconf 87' lang='lat' dir='ltr'>ejusdem,</span> <span class='ocrx_word' id='word_1_28' title='bbox 1371 1502 1488 1581; x_wconf 81' lang='lat' dir='ltr'>quam</span> <span class='ocrx_word' id='word_1_29' title='bbox 1503 1474 1676 1561; x_wconf 88' lang='lat' dir='ltr'>domurn,</span> <span class='ocrx_word' id='word_1_30' title='bbox 1691 1472 1826 1552; x_wconf 75' lang='lat' dir='ltr'>virtute</span> <span class='ocrx_word' id='word_1_31' title='bbox 1838 1500 1994 1551; x_wconf 79' lang='lat' dir='ltr'>concuc-</span> 
     </span>
     <span class='ocr_line' id='line_1_5' title="bbox 574 1602 1996 1713; baseline 0.001 -34"><span class='ocrx_word' id='word_1_32' title='bbox 574 1603 717 1681; x_wconf 87' lang='lat' dir='ltr'>tudinis</span> <span class='ocrx_word' id='word_1_33' title='bbox 735 1603 919 1709; x_wconf 78' lang='lat' dir='ltr'>predicte,</span> <span class='ocrx_word' id='word_1_34' title='bbox 936 1604 1142 1683; x_wconf 81' lang='lat' dir='ltr'>retinebat:</span> <span class='ocrx_word' id='word_1_35' title='bbox 1164 1607 1339 1712; x_wconf 87' lang='lat' dir='ltr'>luquesta</span> <span class='ocrx_word' id='word_1_36' title='bbox 1359 1604 1474 1713; x_wconf 83' lang='lat' dir='ltr'>igitur</span> <span class='ocrx_word' id='word_1_37' title='bbox 1492 1630 1606 1708; x_wconf 88' lang='lat' dir='ltr'>snper</span> <span class='ocrx_word' id='word_1_38' title='bbox 1623 1602 1713 1691; x_wconf 91' lang='lat' dir='ltr'>hoc,</span> <span class='ocrx_word' id='word_1_39' title='bbox 1736 1603 1873 1683; x_wconf 83' lang='lat' dir='ltr'>vocatis</span> <span class='ocrx_word' id='word_1_40' title='bbox 1886 1605 1996 1709; x_wconf 86' lang='lat' dir='ltr'>parti·</span> 
     </span>
     <span class='ocr_line' id='line_1_6' title="bbox 572 1732 1992 1841; baseline 0.006 -32"><span class='ocrx_word' id='word_1_41' title='bbox 572 1732 658 1823; x_wconf 89' lang='lat' dir='ltr'>bus,</span> <span class='ocrx_word' id='word_1_42' title='bbox 683 1733 930 1811; x_wconf 86' lang='lat' dir='ltr'>demandato</span> <span class='ocrx_word' id='word_1_43' title='bbox 954 1735 1055 1812; x_wconf 88' lang='lat' dir='ltr'>curie</span> <span class='ocrx_word' id='word_1_44' title='bbox 1084 1754 1227 1826; x_wconf 87' lang='lat' dir='ltr'>nostre,</span> <span class='ocrx_word' id='word_1_45' title='bbox 1249 1734 1357 1824; x_wconf 84' lang='lat' dir='ltr'>sacta,</span> <span class='ocrx_word' id='word_1_46' title='bbox 1383 1734 1459 1813; x_wconf 86' lang='lat' dir='ltr'>visa</span> <span class='ocrx_word' id='word_1_47' title='bbox 1480 1751 1526 1811; x_wconf 83' lang='lat' dir='ltr'>et</span> <span class='ocrx_word' id='word_1_48' title='bbox 1550 1733 1749 1841; x_wconf 83' lang='lat' dir='ltr'>diligenter</span> <span class='ocrx_word' id='word_1_49' title='bbox 1772 1734 1992 1818; x_wconf 82' lang='lat' dir='ltr'>examinata.</span> 
     </span>
     <span class='ocr_line' id='line_1_7' title="bbox 574 1862 1994 1973; baseline 0.001 -33"><span class='ocrx_word' id='word_1_50' title='bbox 574 1865 662 1970; x_wconf 89' lang='lat' dir='ltr'>quia</span> <span class='ocrx_word' id='word_1_51' title='bbox 682 1864 805 1943; x_wconf 87' lang='lat' dir='ltr'>dietus</span> <span class='ocrx_word' id='word_1_52' title='bbox 823 1866 1036 1943; x_wconf 88' lang='lat' dir='ltr'>Bernardus</span> <span class='ocrx_word' id='word_1_53' title='bbox 1055 1894 1132 1945; x_wconf 91' lang='lat' dir='ltr'>uon</span> <span class='ocrx_word' id='word_1_54' title='bbox 1156 1866 1328 1973; x_wconf 88' lang='lat' dir='ltr'>probavit</span> <span class='ocrx_word' id='word_1_55' title='bbox 1347 1868 1387 1943; x_wconf 91' lang='lat' dir='ltr'>in</span> <span class='ocrx_word' id='word_1_56' title='bbox 1406 1881 1598 1943; x_wconf 86' lang='lat' dir='ltr'>contractu</span> <span class='ocrx_word' id='word_1_57' title='bbox 1616 1862 1785 1969; x_wconf 81' lang='lat' dir='ltr'>predicte</span> <span class='ocrx_word' id='word_1_58' title='bbox 1805 1882 1994 1969; x_wconf 82' lang='lat' dir='ltr'>permuta·</span> 
     </span>
     <span class='ocr_line' id='line_1_8' title="bbox 572 1992 1993 2101; baseline 0.004 -34"><span class='ocrx_word' id='word_1_59' title='bbox 572 1992 687 2071; x_wconf 87' lang='lat' dir='ltr'>tionis</span> <span class='ocrx_word' id='word_1_60' title='bbox 707 1994 947 2073; x_wconf 88' lang='lat' dir='ltr'>intervenisse</span> <span class='ocrx_word' id='word_1_61' title='bbox 967 1998 1157 2101; x_wconf 85' lang='lat' dir='ltr'>precium,</span> <span class='ocrx_word' id='word_1_62' title='bbox 1181 2013 1219 2073; x_wconf 87' lang='lat' dir='ltr'>et</span> <span class='ocrx_word' id='word_1_63' title='bbox 1238 1996 1360 2074; x_wconf 83' lang='lat' dir='ltr'>dictus</span> <span class='ocrx_word' id='word_1_64' title='bbox 1380 1998 1514 2075; x_wconf 86' lang='lat' dir='ltr'>Petrus</span> <span class='ocrx_word' id='word_1_65' title='bbox 1541 1994 1710 2100; x_wconf 86' lang='lat' dir='ltr'>probavit</span> <span class='ocrx_word' id='word_1_66' title='bbox 1735 1993 1878 2071; x_wconf 87' lang='lat' dir='ltr'>dictum</span> <span class='ocrx_word' id='word_1_67' title='bbox 1904 2022 1993 2075; x_wconf 86' lang='lat' dir='ltr'>con-</span> 
     </span>
     <span class='ocr_line' id='line_1_9' title="bbox 572 2124 1994 2233; baseline 0.006 -35"><span class='ocrx_word' id='word_1_68' title='bbox 572 2137 733 2199; x_wconf 90' lang='lat' dir='ltr'>tractum</span> <span class='ocrx_word' id='word_1_69' title='bbox 753 2152 892 2229; x_wconf 91' lang='lat' dir='ltr'>purum</span> <span class='ocrx_word' id='word_1_70' title='bbox 910 2125 1022 2203; x_wconf 72' lang='lat' dir='ltr'>fluisse</span> <span class='ocrx_word' id='word_1_71' title='bbox 1038 2125 1279 2215; x_wconf 79' lang='lat' dir='ltr'>escambium,</span> <span class='ocrx_word' id='word_1_72' title='bbox 1299 2154 1369 2231; x_wconf 88' lang='lat' dir='ltr'>per</span> <span class='ocrx_word' id='word_1_73' title='bbox 1384 2126 1487 2205; x_wconf 89' lang='lat' dir='ltr'>curie</span> <span class='ocrx_word' id='word_1_74' title='bbox 1506 2142 1633 2205; x_wconf 88' lang='lat' dir='ltr'>nostre</span> <span class='ocrx_word' id='word_1_75' title='bbox 1645 2124 1848 2233; x_wconf 89' lang='lat' dir='ltr'>judicium,</span> <span class='ocrx_word' id='word_1_76' title='bbox 1871 2125 1994 2206; x_wconf 83' lang='lat' dir='ltr'>dictus</span> 
     </span>
     <span class='ocr_line' id='line_1_10' title="bbox 574 2253 1993 2362; baseline 0.005 -34"><span class='ocrx_word' id='word_1_77' title='bbox 574 2253 784 2330; x_wconf 87' lang='lat' dir='ltr'>Bernardus</span> <span class='ocrx_word' id='word_1_78' title='bbox 818 2255 1115 2361; x_wconf 71' lang='lat' dir='ltr'>condempnatus</span> <span class='ocrx_word' id='word_1_79' title='bbox 1144 2254 1218 2333; x_wconf 31' lang='lat' dir='ltr'>*fuit</span> <span class='ocrx_word' id='word_1_80' title='bbox 1244 2256 1291 2333; x_wconf 91' lang='lat' dir='ltr'>ad</span> <span class='ocrx_word' id='word_1_81' title='bbox 1322 2254 1578 2362; x_wconf 85' lang='lat' dir='ltr'>recipiendum</span> <span class='ocrx_word' id='word_1_82' title='bbox 1605 2255 1749 2335; x_wconf 90' lang='lat' dir='ltr'>dictum</span> <span class='ocrx_word' id='word_1_83' title='bbox 1772 2258 1925 2335; x_wconf 87' lang='lat' dir='ltr'>Petrum</span> <span class='ocrx_word' id='word_1_84' title='bbox 1953 2259 1993 2335; x_wconf 94' lang='lat' dir='ltr'>in</span> 
     </span>
     <span class='ocr_line' id='line_1_11' title="bbox 572 2380 1995 2493; baseline 0.006 -36"><span class='ocrx_word' id='word_1_85' title='bbox 572 2380 649 2460; x_wconf 88' lang='lat' dir='ltr'>fide</span> <span class='ocrx_word' id='word_1_86' title='bbox 665 2398 704 2460; x_wconf 88' lang='lat' dir='ltr'>et</span> <span class='ocrx_word' id='word_1_87' title='bbox 719 2383 895 2492; x_wconf 83' lang='lat' dir='ltr'>homagio</span> <span class='ocrx_word' id='word_1_88' title='bbox 914 2412 985 2463; x_wconf 90' lang='lat' dir='ltr'>suo</span> <span class='ocrx_word' id='word_1_89' title='bbox 1000 2386 1048 2462; x_wconf 91' lang='lat' dir='ltr'>de</span> <span class='ocrx_word' id='word_1_90' title='bbox 1069 2383 1185 2464; x_wconf 92' lang='lat' dir='ltr'>domo</span> <span class='ocrx_word' id='word_1_91' title='bbox 1204 2386 1371 2489; x_wconf 81' lang='lat' dir='ltr'>predicte</span> <span class='ocrx_word' id='word_1_92' title='bbox 1386 2403 1424 2465; x_wconf 87' lang='lat' dir='ltr'>et</span> <span class='ocrx_word' id='word_1_93' title='bbox 1436 2388 1519 2493; x_wconf 83' lang='lat' dir='ltr'>ejus</span> <span class='ocrx_word' id='word_1_94' title='bbox 1538 2385 1793 2491; x_wconf 81' lang='lat' dir='ltr'>pertinenciis,</span> <span class='ocrx_word' id='word_1_95' title='bbox 1810 2403 1847 2462; x_wconf 90' lang='lat' dir='ltr'>et</span> <span class='ocrx_word' id='word_1_96' title='bbox 1864 2387 1914 2465; x_wconf 89' lang='lat' dir='ltr'>ad</span> <span class='ocrx_word' id='word_1_97' title='bbox 1929 2386 1995 2465; x_wconf 88' lang='lat' dir='ltr'>de·</span> 
     </span>
     <span class='ocr_line' id='line_1_12' title="bbox 573 2512 1994 2622; baseline 0.006 -35"><span class='ocrx_word' id='word_1_98' title='bbox 573 2512 810 2591; x_wconf 88' lang='lat' dir='ltr'>liberandum</span> <span class='ocrx_word' id='word_1_99' title='bbox 835 2514 958 2592; x_wconf 89' lang='lat' dir='ltr'>eidem</span> <span class='ocrx_word' id='word_1_100' title='bbox 985 2514 1120 2591; x_wconf 88' lang='lat' dir='ltr'>dictam</span> <span class='ocrx_word' id='word_1_101' title='bbox 1141 2514 1298 2593; x_wconf 88' lang='lat' dir='ltr'>domum</span> <span class='ocrx_word' id='word_1_102' title='bbox 1318 2544 1405 2593; x_wconf 92' lang='lat' dir='ltr'>curn</span> <span class='ocrx_word' id='word_1_103' title='bbox 1426 2515 1666 2622; x_wconf 77' lang='lat' dir='ltr'>pertinenciis</span> <span class='ocrx_word' id='word_1_104' title='bbox 1684 2518 1763 2595; x_wconf 86' lang='lat' dir='ltr'>auis</span> <span class='ocrx_word' id='word_1_105' title='bbox 1789 2534 1828 2595; x_wconf 87' lang='lat' dir='ltr'>et</span> <span class='ocrx_word' id='word_1_106' title='bbox 1851 2518 1898 2593; x_wconf 91' lang='lat' dir='ltr'>ad</span> <span class='ocrx_word' id='word_1_107' title='bbox 1917 2546 1994 2595; x_wconf 83' lang='lat' dir='ltr'>res·</span> 
     </span>
     <span class='ocr_line' id='line_1_13' title="bbox 571 2642 1992 2753; baseline 0.004 -34"><span class='ocrx_word' id='word_1_108' title='bbox 571 2642 786 2720; x_wconf 89' lang='lat' dir='ltr'>tituendum</span> <span class='ocrx_word' id='word_1_109' title='bbox 808 2644 932 2721; x_wconf 87' lang='lat' dir='ltr'>eidem</span> <span class='ocrx_word' id='word_1_110' title='bbox 956 2646 1066 2721; x_wconf 91' lang='lat' dir='ltr'>Petro</span> <span class='ocrx_word' id='word_1_111' title='bbox 1088 2643 1247 2733; x_wconf 84' lang='lat' dir='ltr'>fructus,</span> <span class='ocrx_word' id='word_1_112' title='bbox 1271 2646 1390 2724; x_wconf 84' lang='lat' dir='ltr'>exitus</span> <span class='ocrx_word' id='word_1_113' title='bbox 1409 2664 1447 2723; x_wconf 86' lang='lat' dir='ltr'>et</span> <span class='ocrx_word' id='word_1_114' title='bbox 1465 2662 1669 2751; x_wconf 89' lang='lat' dir='ltr'>proventus</span> <span class='ocrx_word' id='word_1_115' title='bbox 1689 2646 1830 2724; x_wconf 86' lang='lat' dir='ltr'>levatos</span> <span class='ocrx_word' id='word_1_116' title='bbox 1851 2663 1889 2723; x_wconf 84' lang='lat' dir='ltr'>et</span> <span class='ocrx_word' id='word_1_117' title='bbox 1907 2676 1992 2753; x_wconf 89' lang='lat' dir='ltr'>per-</span> 
     </span>
     <span class='ocr_line' id='line_1_14' title="bbox 573 2772 1994 2882; baseline 0.005 -35"><span class='ocrx_word' id='word_1_118' title='bbox 573 2787 702 2877; x_wconf 88' lang='lat' dir='ltr'>ceptos</span> <span class='ocrx_word' id='word_1_119' title='bbox 713 2772 760 2850; x_wconf 90' lang='lat' dir='ltr'>de</span> <span class='ocrx_word' id='word_1_120' title='bbox 776 2772 873 2851; x_wconf 87' lang='lat' dir='ltr'>dicta</span> <span class='ocrx_word' id='word_1_121' title='bbox 888 2774 1003 2852; x_wconf 87' lang='lat' dir='ltr'>domo</span> <span class='ocrx_word' id='word_1_122' title='bbox 1020 2791 1058 2852; x_wconf 89' lang='lat' dir='ltr'>et</span> <span class='ocrx_word' id='word_1_123' title='bbox 1069 2774 1309 2881; x_wconf 86' lang='lat' dir='ltr'>pertinenciis</span> <span class='ocrx_word' id='word_1_124' title='bbox 1325 2774 1496 2882; x_wconf 87' lang='lat' dir='ltr'>ejusdem</span> <span class='ocrx_word' id='word_1_125' title='bbox 1512 2802 1533 2849; x_wconf 90' lang='lat' dir='ltr'>a</span> <span class='ocrx_word' id='word_1_126' title='bbox 1546 2790 1719 2880; x_wconf 85' lang='lat' dir='ltr'>tempore</span> <span class='ocrx_word' id='word_1_127' title='bbox 1732 2773 1994 2882; x_wconf 82' lang='lat' dir='ltr'>denegacionis</span> 
     </span>
     <span class='ocr_line' id='line_1_15' title="bbox 571 2901 750 3005; baseline 0.017 -28"><span class='ocrx_word' id='word_1_128' title='bbox 571 2901 750 3005; x_wconf 89' lang='lat' dir='ltr'>predicte.</span> 
     </span>
    </p>

    <p class='ocr_par' dir='ltr' id='par_1_3' title="bbox 632 3032 1196 3141">
     <span class='ocr_line' id='line_1_16' title="bbox 632 3032 1196 3141; baseline 0.004 -31"><span class='ocrx_word' id='word_1_129' title='bbox 632 3032 794 3113; x_wconf 89' lang='lat' dir='ltr'>Sabbato</span> <span class='ocrx_word' id='word_1_130' title='bbox 812 3053 898 3141; x_wconf 91' lang='lat' dir='ltr'>post</span> <span class='ocrx_word' id='word_1_131' title='bbox 912 3037 1196 3115; x_wconf 86' lang='lat' dir='ltr'>Penthecosten.</span> 
     </span>
    </p>

    <p class='ocr_par' dir='ltr' id='par_1_4' title="bbox 628 3163 964 3271">
     <span class='ocr_line' id='line_1_17' title="bbox 628 3163 964 3271; baseline 0.003 -30"><span class='ocrx_word' id='word_1_132' title='bbox 628 3163 734 3241; x_wconf 89' lang='lat' dir='ltr'>Creci</span> <span class='ocrx_word' id='word_1_133' title='bbox 754 3166 964 3271; x_wconf 81' lang='lat' dir='ltr'>reportavit.</span> 
     </span>
    </p>
   </div>
   <div class='ocr_carea' id='block_1_3' title="bbox 572 3382 1994 3667">
    <p class='ocr_par' dir='ltr' id='par_1_5' title="bbox 572 3382 1994 3667">
     <span class='ocr_line' id='line_1_18' title="bbox 627 3382 1992 3538; baseline 0.004 -33"><span class='ocrx_word' id='word_1_134' title='bbox 627 3428 734 3507; x_wconf 90' lang='lat' dir='ltr'>XCV.</span> <span class='ocrx_word' id='word_1_135' title='bbox 766 3428 862 3508; x_wconf 90' lang='lat' dir='ltr'>Cum</span> <span class='ocrx_word' id='word_1_136' title='bbox 884 3430 1005 3538; x_wconf 88' lang='lat' dir='ltr'>major</span> <span class='ocrx_word' id='word_1_137' title='bbox 1028 3382 1066 3506; x_wconf 83' lang='lat' dir='ltr'>ct</span> <span class='ocrx_word' id='word_1_138' title='bbox 1080 3429 1194 3537; x_wconf 86' lang='lat' dir='ltr'>jurati</span> <span class='ocrx_word' id='word_1_139' title='bbox 1215 3428 1525 3516; x_wconf 78' lang='lat' dir='ltr'>silvanectenses,</span> <span class='ocrx_word' id='word_1_140' title='bbox 1547 3456 1731 3509; x_wconf 84' lang='lat' dir='ltr'>unacum</span> <span class='ocrx_word' id='word_1_141' title='bbox 1752 3450 1992 3537; x_wconf 74' lang='lat' dir='ltr'>procuratore</span> 
     </span>
     <span class='ocr_line' id='line_1_19' title="bbox 572 3558 1994 3667; baseline 0.004 -32"><span class='ocrx_word' id='word_1_142' title='bbox 572 3576 715 3649; x_wconf 84' lang='lat' dir='ltr'>nostro,</span> <span class='ocrx_word' id='word_1_143' title='bbox 733 3560 904 3637; x_wconf 88' lang='lat' dir='ltr'>dicerent</span> <span class='ocrx_word' id='word_1_144' title='bbox 922 3586 962 3637; x_wconf 87' lang='lat' dir='ltr'>se</span> <span class='ocrx_word' id='word_1_145' title='bbox 982 3559 1029 3637; x_wconf 88' lang='lat' dir='ltr'>ab</span> <span class='ocrx_word' id='word_1_146' title='bbox 1049 3559 1203 3666; x_wconf 88' lang='lat' dir='ltr'>antiquo</span> <span class='ocrx_word' id='word_1_147' title='bbox 1222 3558 1336 3637; x_wconf 80' lang='lat' dir='ltr'>firisse</span> <span class='ocrx_word' id='word_1_148' title='bbox 1349 3576 1390 3636; x_wconf 88' lang='lat' dir='ltr'>et</span> <span class='ocrx_word' id='word_1_149' title='bbox 1404 3587 1484 3637; x_wconf 84' lang='lat' dir='ltr'>esse</span> <span class='ocrx_word' id='word_1_150' title='bbox 1500 3559 1540 3639; x_wconf 89' lang='lat' dir='ltr'>in</span> <span class='ocrx_word' id='word_1_151' title='bbox 1553 3559 1688 3639; x_wconf 79' lang='lat' dir='ltr'>saisina</span> <span class='ocrx_word' id='word_1_152' title='bbox 1707 3560 1936 3667; x_wconf 85' lang='lat' dir='ltr'>percipiendi</span> <span class='ocrx_word' id='word_1_153' title='bbox 1957 3581 1994 3641; x_wconf 85' lang='lat' dir='ltr'>et</span> 
     </span>
    </p>
   </div>
   <div class='ocr_carea' id='block_1_4' title="bbox 573 3688 2088 5620">
    <p class='ocr_par' dir='ltr' id='par_1_6' title="bbox 573 3688 2088 5620">
     <span class='ocr_line' id='line_1_20' title="bbox 573 3688 1994 3796; baseline 0.003 -30"><span class='ocrx_word' id='word_1_154' title='bbox 573 3688 738 3767; x_wconf 88' lang='lat' dir='ltr'>habendi</span> <span class='ocrx_word' id='word_1_155' title='bbox 756 3689 962 3795; x_wconf 81' lang='lat' dir='ltr'>minagium</span> <span class='ocrx_word' id='word_1_156' title='bbox 978 3717 999 3766; x_wconf 92' lang='lat' dir='ltr'>a</span> <span class='ocrx_word' id='word_1_157' title='bbox 1013 3689 1317 3796; x_wconf 84' lang='lat' dir='ltr'>quibuscumque</span> <span class='ocrx_word' id='word_1_158' title='bbox 1335 3690 1505 3794; x_wconf 85' lang='lat' dir='ltr'>personis</span> <span class='ocrx_word' id='word_1_159' title='bbox 1520 3689 1776 3767; x_wconf 83' lang='lat' dir='ltr'>ecclesiasticis</span> <span class='ocrx_word' id='word_1_160' title='bbox 1795 3706 1834 3767; x_wconf 89' lang='lat' dir='ltr'>et</span> <span class='ocrx_word' id='word_1_161' title='bbox 1852 3693 1994 3771; x_wconf 78' lang='lat' dir='ltr'>ceorda-</span> 
     </span>
     <span class='ocr_line' id='line_1_21' title="bbox 575 3816 1994 3925; baseline 0.004 -32"><span class='ocrx_word' id='word_1_162' title='bbox 575 3816 680 3893; x_wconf 87' lang='lat' dir='ltr'>n&#39;bus</span> <span class='ocrx_word' id='word_1_163' title='bbox 691 3844 848 3924; x_wconf 81' lang='lat' dir='ltr'>granum</span> <span class='ocrx_word' id='word_1_164' title='bbox 859 3816 1108 3895; x_wconf 87' lang='lat' dir='ltr'>vendentibus</span> <span class='ocrx_word' id='word_1_165' title='bbox 1117 3816 1253 3895; x_wconf 85' lang='lat' dir='ltr'>invilla</span> <span class='ocrx_word' id='word_1_166' title='bbox 1262 3816 1428 3925; x_wconf 86' lang='lat' dir='ltr'>predicta</span> <span class='ocrx_word' id='word_1_167' title='bbox 1439 3816 1669 3897; x_wconf 83' lang='lat' dir='ltr'>ethanleuca</span> <span class='ocrx_word' id='word_1_168' title='bbox 1678 3817 1861 3923; x_wconf 82' lang='lat' dir='ltr'>ejusdem,</span> <span class='ocrx_word' id='word_1_169' title='bbox 1873 3823 1994 3925; x_wconf 87' lang='lat' dir='ltr'>quod·</span> 
     </span>
     <span class='ocr_line' id='line_1_22' title="bbox 575 3927 1992 4056; baseline 0.006 -33"><span class='ocrx_word' id='word_1_170' title='bbox 575 3972 649 4051; x_wconf 89' lang='lat' dir='ltr'>que</span> <span class='ocrx_word' id='word_1_171' title='bbox 670 3948 709 4022; x_wconf 93' lang='lat' dir='ltr'>in</span> <span class='ocrx_word' id='word_1_172' title='bbox 731 3945 826 4025; x_wconf 83' lang='lat' dir='ltr'>dicta</span> <span class='ocrx_word' id='word_1_173' title='bbox 846 3946 932 4024; x_wconf 86' lang='lat' dir='ltr'>villa</span> <span class='ocrx_word' id='word_1_174' title='bbox 947 3927 1105 4056; x_wconf 79' lang='lat' dir='ltr'>granum</span> <span class='ocrx_word' id='word_1_175' title='bbox 1125 3947 1319 4026; x_wconf 86' lang='lat' dir='ltr'>venditum</span> <span class='ocrx_word' id='word_1_176' title='bbox 1334 3975 1410 4027; x_wconf 91' lang='lat' dir='ltr'>non</span> <span class='ocrx_word' id='word_1_177' title='bbox 1424 3964 1549 4056; x_wconf 87' lang='lat' dir='ltr'>potest</span> <span class='ocrx_word' id='word_1_178' title='bbox 1561 3976 1632 4026; x_wconf 87' lang='lat' dir='ltr'>nec</span> <span class='ocrx_word' id='word_1_179' title='bbox 1653 3948 1767 4029; x_wconf 83' lang='lat' dir='ltr'>debet</span> <span class='ocrx_word' id='word_1_180' title='bbox 1784 3953 1992 4031; x_wconf 65' lang='lat' dir='ltr'>mensurni</span> 
     </span>
     <span class='ocr_line' id='line_1_23' title="bbox 575 4076 1991 4173; baseline 0.006 -21"><span class='ocrx_word' id='word_1_181' title='bbox 575 4076 645 4155; x_wconf 87' lang='lat' dir='ltr'>nisi</span> <span class='ocrx_word' id='word_1_182' title='bbox 666 4077 712 4155; x_wconf 91' lang='lat' dir='ltr'>ad</span> <span class='ocrx_word' id='word_1_183' title='bbox 733 4104 947 4155; x_wconf 86' lang='lat' dir='ltr'>mensuram</span> <span class='ocrx_word' id='word_1_184' title='bbox 968 4078 1066 4156; x_wconf 85' lang='lat' dir='ltr'>diota</span> <span class='ocrx_word' id='word_1_185' title='bbox 1086 4078 1171 4156; x_wconf 87' lang='lat' dir='ltr'>ville</span> <span class='ocrx_word' id='word_1_186' title='bbox 1190 4079 1383 4173; x_wconf 79' lang='lat' dir='ltr'>duntaxat,</span> <span class='ocrx_word' id='word_1_187' title='bbox 1406 4096 1460 4169; x_wconf 90' lang='lat' dir='ltr'>et,</span> <span class='ocrx_word' id='word_1_188' title='bbox 1482 4080 1513 4158; x_wconf 85' lang='lat' dir='ltr'>si</span> <span class='ocrx_word' id='word_1_189' title='bbox 1532 4079 1582 4157; x_wconf 83' lang='lat' dir='ltr'>ad</span> <span class='ocrx_word' id='word_1_190' title='bbox 1601 4106 1816 4159; x_wconf 82' lang='lat' dir='ltr'>mensuram</span> <span class='ocrx_word' id='word_1_191' title='bbox 1832 4081 1991 4161; x_wconf 73' lang='lat' dir='ltr'>alienam</span> 
     </span>
     <span class='ocr_line' id='line_1_24' title="bbox 575 4206 1994 4318; baseline 0.006 -35"><span class='ocrx_word' id='word_1_192' title='bbox 575 4224 825 4296; x_wconf 83' lang='lat' dir='ltr'>mensuretur,</span> <span class='ocrx_word' id='word_1_193' title='bbox 849 4206 990 4287; x_wconf 89' lang='lat' dir='ltr'>dictum</span> <span class='ocrx_word' id='word_1_194' title='bbox 1015 4237 1171 4318; x_wconf 80' lang='lat' dir='ltr'>granam</span> <span class='ocrx_word' id='word_1_195' title='bbox 1191 4228 1230 4287; x_wconf 86' lang='lat' dir='ltr'>ot</span> <span class='ocrx_word' id='word_1_196' title='bbox 1246 4238 1422 4289; x_wconf 86' lang='lat' dir='ltr'>mensura</span> <span class='ocrx_word' id='word_1_197' title='bbox 1439 4211 1658 4318; x_wconf 85' lang='lat' dir='ltr'>hujusmodi</span> <span class='ocrx_word' id='word_1_198' title='bbox 1678 4226 1869 4317; x_wconf 72' lang='lat' dir='ltr'>tamquam</span> <span class='ocrx_word' id='word_1_199' title='bbox 1886 4211 1994 4291; x_wconf 80' lang='lat' dir='ltr'>foris·</span> 
     </span>
     <span class='ocr_line' id='line_1_25' title="bbox 577 4337 1989 4447; baseline 0.006 -33"><span class='ocrx_word' id='word_1_200' title='bbox 577 4338 670 4415; x_wconf 78' lang='lat' dir='ltr'>tacu</span> <span class='ocrx_word' id='word_1_201' title='bbox 683 4337 793 4417; x_wconf 88' lang='lat' dir='ltr'>nobis</span> <span class='ocrx_word' id='word_1_202' title='bbox 807 4355 846 4415; x_wconf 88' lang='lat' dir='ltr'>et</span> <span class='ocrx_word' id='word_1_203' title='bbox 858 4338 955 4416; x_wconf 88' lang='lat' dir='ltr'>dicte</span> <span class='ocrx_word' id='word_1_204' title='bbox 972 4339 1075 4431; x_wconf 78' lang='lat' dir='ltr'>ville,</span> <span class='ocrx_word' id='word_1_205' title='bbox 1089 4341 1325 4447; x_wconf 78' lang='lat' dir='ltr'>inquantum</span> <span class='ocrx_word' id='word_1_206' title='bbox 1341 4340 1388 4417; x_wconf 90' lang='lat' dir='ltr'>ad</span> <span class='ocrx_word' id='word_1_207' title='bbox 1402 4358 1574 4419; x_wconf 74' lang='lat' dir='ltr'>roncum</span> <span class='ocrx_word' id='word_1_208' title='bbox 1590 4340 1799 4446; x_wconf 86' lang='lat' dir='ltr'>quemlihet</span> <span class='ocrx_word' id='word_1_209' title='bbox 1813 4343 1989 4447; x_wconf 81' lang='lat' dir='ltr'>pertinet,</span> 
     </span>
     <span class='ocr_line' id='line_1_26' title="bbox 576 4467 1993 4580; baseline 0.004 -35"><span class='ocrx_word' id='word_1_210' title='bbox 576 4467 716 4547; x_wconf 89' lang='lat' dir='ltr'>debent</span> <span class='ocrx_word' id='word_1_211' title='bbox 730 4470 932 4576; x_wconf 66' lang='lat' dir='ltr'>ppplicari3</span> <span class='ocrx_word' id='word_1_212' title='bbox 954 4471 1057 4551; x_wconf 90' lang='lat' dir='ltr'>unde</span> <span class='ocrx_word' id='word_1_213' title='bbox 1076 4500 1163 4549; x_wconf 88' lang='lat' dir='ltr'>cum</span> <span class='ocrx_word' id='word_1_214' title='bbox 1182 4471 1367 4550; x_wconf 84' lang='lat' dir='ltr'>Robertus</span> <span class='ocrx_word' id='word_1_215' title='bbox 1398 4472 1446 4550; x_wconf 88' lang='lat' dir='ltr'>de</span> <span class='ocrx_word' id='word_1_216' title='bbox 1466 4472 1679 4551; x_wconf 65' lang='lat' dir='ltr'>Villa-Nova</span> <span class='ocrx_word' id='word_1_217' title='bbox 1699 4490 1739 4550; x_wconf 85' lang='lat' dir='ltr'>et</span> <span class='ocrx_word' id='word_1_218' title='bbox 1766 4472 1993 4580; x_wconf 75' lang='lat' dir='ltr'>Reginaldus</span> 
     </span>
     <span class='ocr_line' id='line_1_27' title="bbox 577 4600 1993 4712; baseline 0.003 -34"><span class='ocrx_word' id='word_1_219' title='bbox 577 4600 749 4692; x_wconf 71' lang='lat' dir='ltr'>rectave,</span> <span class='ocrx_word' id='word_1_220' title='bbox 770 4601 950 4708; x_wconf 84' lang='lat' dir='ltr'>capellani</span> <span class='ocrx_word' id='word_1_221' title='bbox 966 4602 1494 4683; x_wconf 75' lang='lat' dir='ltr'>ecclesiesaucti-Frambaidi</span> <span class='ocrx_word' id='word_1_222' title='bbox 1515 4602 1819 4691; x_wconf 76' lang='lat' dir='ltr'>silvanectensis,</span> <span class='ocrx_word' id='word_1_223' title='bbox 1832 4632 1993 4712; x_wconf 75' lang='lat' dir='ltr'>granum</span> 
     </span>
     <span class='ocr_line' id='line_1_28' title="bbox 577 4731 1994 4841; baseline 0.005 -33"><span class='ocrx_word' id='word_1_224' title='bbox 577 4732 616 4809; x_wconf 94' lang='lat' dir='ltr'>in</span> <span class='ocrx_word' id='word_1_225' title='bbox 627 4731 853 4841; x_wconf 81' lang='lat' dir='ltr'>quibusdam</span> <span class='ocrx_word' id='word_1_226' title='bbox 869 4734 979 4811; x_wconf 88' lang='lat' dir='ltr'>certis</span> <span class='ocrx_word' id='word_1_227' title='bbox 992 4734 1167 4813; x_wconf 88' lang='lat' dir='ltr'>domibus</span> <span class='ocrx_word' id='word_1_228' title='bbox 1178 4735 1276 4813; x_wconf 88' lang='lat' dir='ltr'>dicte</span> <span class='ocrx_word' id='word_1_229' title='bbox 1286 4735 1370 4813; x_wconf 89' lang='lat' dir='ltr'>ville</span> <span class='ocrx_word' id='word_1_230' title='bbox 1383 4734 1632 4825; x_wconf 86' lang='lat' dir='ltr'>vendiderint,</span> <span class='ocrx_word' id='word_1_231' title='bbox 1645 4763 1715 4813; x_wconf 87' lang='lat' dir='ltr'>nec</span> <span class='ocrx_word' id='word_1_232' title='bbox 1725 4733 1994 4815; x_wconf 77' lang='lat' dir='ltr'>{iteritmenau-</span> 
     </span>
     <span class='ocr_line' id='line_1_29' title="bbox 576 4863 1993 4955; baseline 0.006 -16"><span class='ocrx_word' id='word_1_233' title='bbox 576 4878 699 4940; x_wconf 85' lang='lat' dir='ltr'>ratum</span> <span class='ocrx_word' id='word_1_234' title='bbox 716 4863 765 4941; x_wconf 92' lang='lat' dir='ltr'>ad</span> <span class='ocrx_word' id='word_1_235' title='bbox 780 4868 994 4943; x_wconf 86' lang='lat' dir='ltr'>mensuram</span> <span class='ocrx_word' id='word_1_236' title='bbox 1013 4864 1229 4954; x_wconf 73' lang='lat' dir='ltr'>dinteville,</span> <span class='ocrx_word' id='word_1_237' title='bbox 1251 4866 1318 4943; x_wconf 84' lang='lat' dir='ltr'>aed</span> <span class='ocrx_word' id='word_1_238' title='bbox 1335 4865 1384 4943; x_wconf 87' lang='lat' dir='ltr'>ad</span> <span class='ocrx_word' id='word_1_239' title='bbox 1400 4892 1616 4948; x_wconf 84' lang='lat' dir='ltr'>mensuram</span> <span class='ocrx_word' id='word_1_240' title='bbox 1634 4865 1812 4955; x_wconf 84' lang='lat' dir='ltr'>alienam,</span> <span class='ocrx_word' id='word_1_241' title='bbox 1838 4865 1993 4948; x_wconf 61' lang='lat' dir='ltr'>menda</span> 
     </span>
     <span class='ocr_line' id='line_1_30' title="bbox 577 4992 1995 5105; baseline 0.004 -36"><span class='ocrx_word' id='word_1_242' title='bbox 577 4992 786 5101; x_wconf 81' lang='lat' dir='ltr'>minagiarii</span> <span class='ocrx_word' id='word_1_243' title='bbox 804 4994 903 5072; x_wconf 80' lang='lat' dir='ltr'>dicte</span> <span class='ocrx_word' id='word_1_244' title='bbox 919 4994 1005 5072; x_wconf 90' lang='lat' dir='ltr'>ville</span> <span class='ocrx_word' id='word_1_245' title='bbox 1021 5024 1097 5074; x_wconf 87' lang='lat' dir='ltr'>non</span> <span class='ocrx_word' id='word_1_246' title='bbox 1111 4998 1227 5104; x_wconf 85' lang='lat' dir='ltr'>petita</span> <span class='ocrx_word' id='word_1_247' title='bbox 1245 5024 1314 5075; x_wconf 88' lang='lat' dir='ltr'>nec</span> <span class='ocrx_word' id='word_1_248' title='bbox 1331 4996 1502 5087; x_wconf 75' lang='lat' dir='ltr'>obrecu,</span> <span class='ocrx_word' id='word_1_249' title='bbox 1524 4996 1703 5105; x_wconf 88' lang='lat' dir='ltr'>petebant</span> <span class='ocrx_word' id='word_1_250' title='bbox 1720 5014 1940 5103; x_wconf 82' lang='lat' dir='ltr'>procurator</span> <span class='ocrx_word' id='word_1_251' title='bbox 1956 5016 1995 5076; x_wconf 89' lang='lat' dir='ltr'>et</span> 
     </span>
     <span class='ocr_line' id='line_1_31' title="bbox 576 5123 1994 5235; baseline 0.004 -36"><span class='ocrx_word' id='word_1_252' title='bbox 576 5123 696 5231; x_wconf 84' lang='lat' dir='ltr'>major</span> <span class='ocrx_word' id='word_1_253' title='bbox 715 5125 872 5231; x_wconf 88' lang='lat' dir='ltr'>predicti</span> <span class='ocrx_word' id='word_1_254' title='bbox 894 5124 1037 5204; x_wconf 86' lang='lat' dir='ltr'>dietum</span> <span class='ocrx_word' id='word_1_255' title='bbox 1058 5154 1213 5234; x_wconf 83' lang='lat' dir='ltr'>granum</span> <span class='ocrx_word' id='word_1_256' title='bbox 1233 5144 1271 5206; x_wconf 92' lang='lat' dir='ltr'>et</span> <span class='ocrx_word' id='word_1_257' title='bbox 1284 5154 1498 5206; x_wconf 79' lang='lat' dir='ltr'>mensuram</span> <span class='ocrx_word' id='word_1_258' title='bbox 1512 5129 1717 5235; x_wconf 77' lang='lat' dir='ltr'>predictam</span> <span class='ocrx_word' id='word_1_259' title='bbox 1734 5127 1845 5209; x_wconf 87' lang='lat' dir='ltr'>uobis</span> <span class='ocrx_word' id='word_1_260' title='bbox 1857 5145 1896 5207; x_wconf 88' lang='lat' dir='ltr'>et</span> <span class='ocrx_word' id='word_1_261' title='bbox 1905 5127 1994 5232; x_wconf 85' lang='lat' dir='ltr'>ipsis</span> 
     </span>
     <span class='ocr_line' id='line_1_32' title="bbox 577 5254 2088 5367; baseline 0.006 -38"><span class='ocrx_word' id='word_1_262' title='bbox 577 5270 768 5361; x_wconf 88' lang='lat' dir='ltr'>tamquam</span> <span class='ocrx_word' id='word_1_263' title='bbox 782 5254 1023 5348; x_wconf 81' lang='lat' dir='ltr'>forisfactura,</span> <span class='ocrx_word' id='word_1_264' title='bbox 1035 5274 1147 5366; x_wconf 88' lang='lat' dir='ltr'>prout</span> <span class='ocrx_word' id='word_1_265' title='bbox 1154 5259 1207 5336; x_wconf 87' lang='lat' dir='ltr'>ad</span> <span class='ocrx_word' id='word_1_266' title='bbox 1221 5258 1432 5366; x_wconf 85' lang='lat' dir='ltr'>quemlibet</span> <span class='ocrx_word' id='word_1_267' title='bbox 1443 5276 1615 5339; x_wconf 79' lang='lat' dir='ltr'>noenum</span> <span class='ocrx_word' id='word_1_268' title='bbox 1627 5260 1806 5367; x_wconf 85' lang='lat' dir='ltr'>pertinet,</span> <span class='ocrx_word' id='word_1_269' title='bbox 1819 5257 1994 5365; x_wconf 79' lang='lat' dir='ltr'>applicari</span> <span class='ocrx_word' id='word_1_270' title='bbox 2083 5310 2088 5323; x_wconf 90' lang='lat'><strong>·</strong></span> 
     </span>
     <span class='ocr_line' id='line_1_33' title="bbox 580 5382 1993 5498; baseline 0.005 -40"><span class='ocrx_word' id='word_1_271' title='bbox 580 5398 616 5458; x_wconf 86' lang='lat' dir='ltr'>et</span> <span class='ocrx_word' id='word_1_272' title='bbox 631 5382 846 5477; x_wconf 88' lang='lat' dir='ltr'>deliberari,</span> <span class='ocrx_word' id='word_1_273' title='bbox 866 5390 1041 5497; x_wconf 87' lang='lat' dir='ltr'>ipsosque</span> <span class='ocrx_word' id='word_1_274' title='bbox 1062 5388 1101 5465; x_wconf 91' lang='lat' dir='ltr'>in</span> <span class='ocrx_word' id='word_1_275' title='bbox 1116 5389 1251 5467; x_wconf 84' lang='lat' dir='ltr'>saisina</span> <span class='ocrx_word' id='word_1_276' title='bbox 1268 5391 1500 5498; x_wconf 88' lang='lat' dir='ltr'>percipiendi</span> <span class='ocrx_word' id='word_1_277' title='bbox 1515 5408 1554 5471; x_wconf 91' lang='lat' dir='ltr'>et</span> <span class='ocrx_word' id='word_1_278' title='bbox 1566 5391 1712 5469; x_wconf 90' lang='lat' dir='ltr'>levandi</span> <span class='ocrx_word' id='word_1_279' title='bbox 1735 5388 1939 5493; x_wconf 84' lang='lat' dir='ltr'>minagium</span> <span class='ocrx_word' id='word_1_280' title='bbox 1953 5390 1993 5466; x_wconf 90' lang='lat' dir='ltr'>in</span> 
     </span>
     <span class='ocr_line' id='line_1_34' title="bbox 956 5532 1843 5620; baseline 0.002 -25"><span class='ocrx_word' id='word_1_281' title='bbox 956 5532 964 5549; x_wconf 82' lang='lat'><em>&#39;</em></span> <span class='ocrx_word' id='word_1_282' title='bbox 1796 5541 1843 5620; x_wconf 85' lang='lat'>76.</span> 
     </span>
    </p>
   </div>
   <div class='ocr_carea' id='block_1_5' title="bbox 0 0 2915 7284">
    <p class='ocr_par' dir='ltr' id='par_1_7' title="bbox 0 0 2915 7284">
     <span class='ocr_line' id='line_1_35' title="bbox 0 0 2915 7284; baseline 0 0"><span class='ocrx_word' id='word_1_283' title='bbox 0 0 2915 7284; x_wconf 95' lang='lat' dir='ltr'> </span> 
     </span>
    </p>
   </div>
  </div>
 </body>
</html>
