5817 7292
1029 1048 1300 1159 ssousrss
1327 1071 1389 1142 rr
1417 1055 1622 1143 rnocss.
1964 1069 2036 1144 tos

669 1213 768 1292 Iovis
784 1227 870 1319 post
888 1211 1019 1288 Letare
1035 1212 1253 1290 Jerusalem.

669 1343 873 1422 Mellentus
889 1343 1099 1451 reportavit.

538 1599 543 1606 ⁴
672 1610 831 1688 LXXIII.
863 1607 1001 1686 Audita
1025 1609 1262 1716 querimonia
1282 1609 1436 1718 majoris
1455 1626 1493 1686 et
1512 1611 1728 1717 juratorum
1753 1607 1839 1686 ville
1857 1607 1905 1684 de
1928 1606 2043 1686 Com·

615 1741 773 1846 pendio,
787 1757 823 1816 et
835 1739 989 1846 insuper
999 1740 1273 1818 nonnullorum
1283 1739 1526 1820 subditorum
1536 1740 1776 1848 prepositure
1793 1738 1992 1816 Belvacinii
2007 1758 2044 1817 et

616 1869 666 1946 de
678 1870 932 1976 Compendio‚
954 1873 1274 1978 conquerencium
1295 1873 1343 1949 de
1359 1871 1558 1978 liudulpho
1581 1872 1629 1948 de
1646 1872 1836 1960 Fnrniers,
1852 1871 2044 1977 preposito

616 1999 810 2084 liemarum
826 2001 916 2078 dicti
930 2002 1019 2089 loci,
1035 2019 1073 2078 et
1085 2005 1338 2080 asserenoium
1354 2003 1523 2080 eundem
1535 2005 1591 2092 lt,
1606 2001 1737 2078 multis
1752 2000 1874 2080 modis
1887 2001 2041 2089 illicitis,

614 2130 661 2208 ab
678 2131 820 2208 eisdem
836 2131 966 2236 plures
981 2133 1140 2240 pecunie
1155 2161 1320 2212 summas
1340 2133 1552 2222 extorsisse,
1575 2151 1612 2209 et
1633 2133 1734 2239 ipsos
1755 2131 2045 2241 quamplurimis

616 2261 763 2368 injuriis
779 2279 817 2338 et
831 2261 1140 2369 oppressionibus
1154 2292 1385 2374 aggravasse,
1395 2264 1482 2372 jura
1498 2264 1614 2340 eciam
1631 2264 1778 2359 domini
1790 2263 1900 2370 Regis
1913 2291 1983 2370 per
1994 2263 2047 2370 ip

615 2421 697 2470 sum
718 2395 760 2470 R.
783 2391 1041 2500 multipliciter
1060 2413 1238 2502 usurpata
1255 2394 1389 2484 fuisse,
1406 2425 1522 2501 super
1536 2395 1745 2501 premissis,
1762 2395 2047 2504 magistrohlar.

615 2524 695 2614 tino
715 2523 763 2602 de
779 2525 929 2630 Crepon
942 2543 980 2604 et
992 2527 1154 2604 Henrioo
1172 2525 1394 2616 Troussslli,
1414 2525 1524 2602 militi
1549 2526 1695 2603 domini
1716 2527 1842 2636 Regis,
1857 2524 1930 2602 luit
1943 2554 2046 2604 com-

618 2657 772 2733 missum
789 2657 982 2734 veritatem
1001 2657 1140 2764 inquiri
1157 2675 1194 2735 et
1209 2658 1310 2735 curie
1333 2674 1459 2734 nostre
1476 2655 1640 2745 refferri,
1658 2673 1697 2734 et
1711 2656 1979 2734 nichilominus
1992 2659 2046 2736 eis

618 2785 829 2892 injunctum
845 2788 967 2894 quod,
985 2788 1189 2895 peripsum
1200 2787 1434 2895 prepositum
1449 2785 1654 2865 consessata
1670 2787 1727 2863 vel
1736 2786 1881 2893 liquide
1891 2787 2047 2894 probata

618 2944 742 2994 coram
768 2917 838 3005 eis,
865 2918 1011 2998 restitui
1031 2917 1198 2996 lacerent
1224 2917 1409 2996 indilate:
1429 2917 1613 3006 Domum,
1640 2919 1812 3024 inquesta
1835 2947 1904 3024 per
1927 2918 2047 2999 dirtos

598 3129 602 3138 ,
618 3049 907 3140 commissarios,
927 3051 1061 3130 vocetis
1078 3049 1265 3156 partibus,
1282 3077 1395 3158 super
1410 3049 1485 3126 hiis
1500 3049 1593 3126 Isota
1611 3065 1650 3126 et
1665 3066 1791 3126 nostre
1807 3050 1909 3127 curie
1924 3077 2049 3157 repor-

619 3198 708 3268 tata,
727 3181 802 3258 visa
822 3200 859 3260 et
877 3180 1078 3288 diligenter
1096 3181 1321 3270 examinata,
1341 3209 1408 3286 per
1422 3181 1528 3257 curie
1552 3197 1680 3259 nostre
1694 3180 1883 3288 judicium
1903 3180 2046 3259 dictum

618 3311 689 3390 luit
702 3313 823 3420 quod,
841 3342 911 3420 pro
926 3311 1217 3404 extorsionibus,
1239 3312 1413 3418 dampnis
1432 3329 1472 3389 et
1490 3311 1798 3418 oppressionibus
1817 3337 1886 3419 per
1905 3312 2048 3391 dietum

617 3445 852 3552 prepositum
868 3443 996 3536 illatis,
1013 3445 1260 3522 restituentur
1272 3444 1444 3549 personis
1459 3471 1535 3550 que
1551 3461 1747 3551 sequntur,
1764 3443 1814 3520 de
1830 3443 1942 3522 bonis
1958 3446 2048 3524 dieti

620 3577 815 3684 prepositi,
832 3576 1008 3655 videlicet
1023 3575 1152 3652 relicte
1172 3592 1210 3652 et
1228 3574 1436 3654 heredibus
1451 3573 1496 3655 G.
1517 3575 1565 3652 de
1580 3577 1760 3664 Pruvino,
1777 3605 1894 3684 quem
1910 3578 2049 3686 injuste

620 3705 706 3784 lecit
721 3706 970 3812 questionari,
989 3723 1139 3782 eentum
1154 3703 1250 3781 libre
1265 3705 1490 3783 Parisienses
1499 3705 1601 3783 boue
1617 3723 1792 3795 monete;
1809 3707 1917 3795 item,
1931 3709 2049 3812 priori

620 3836 985 3946 Sancti-Leodegarii
1005 3834 1247 3942 quadraginta
1263 3835 1376 3914 solidi
1391 3836 1616 3914 Parisienses
1630 3836 1731 3914 bone
1747 3853 1899 3912 monete
1913 3867 1922 3924 ;
1940 3838 2048 3928 item,

623 3966 783 4043 Martino
797 3965 947 4056 Gaarel,
968 3996 1084 4046 unum
1101 3966 1275 4044 modium
1290 3993 1421 4056 avene,
1440 3966 1605 4043 Iohanni
1617 3967 1786 4055 Gannes,
1802 3966 1935 4044 decem
1954 3966 2049 4044 libre

623 4096 847 4174 Parisienses
863 4098 963 4176 bone
983 4114 1155 4187 monete,
1176 4097 1207 4174 si
1223 4098 1351 4204 jurare
1371 4078 1592 4174 voluerit'se
1611 4096 1920 4204 dampnificatum
1936 4097 2050 4176 luisse

624 4229 661 4304 in
681 4245 849 4318 tantum
868 4231 975 4318 item,
993 4205 1164 4308 Iluberto
1181 4229 1228 4306 de
1246 4229 1388 4328 Uneul,
1406 4257 1526 4306 unum
1545 4229 1718 4307 modium
1732 4257 1847 4307 avene
1865 4247 1903 4307 et
1919 4231 2051 4309 decem

623 4360 716 4438 libre
737 4360 961 4438 Parisienses
980 4359 1079 4438 bone
1100 4379 1268 4450 monete,
1293 4390 1361 4468 pro
1380 4360 1554 4469 dampnis
1573 4361 1666 4450 suis,
1687 4362 1717 4439 si
1740 4361 1843 4438 idem
1861 4362 2052 4440 Ilubertus

624 4519 663 4570 se
682 4492 720 4568 in
740 4509 887 4570 tantun)
909 4490 1215 4599 dampnificatum
1236 4491 1348 4570 luisse
1363 4492 1491 4599 jmare
1511 4490 1693 4583 voluerit3
1715 4491 1891 4570 Michaeli
1913 4493 2052 4570 Kanes-

623 4623 692 4710 tel‚
713 4642 798 4701 octo
824 4623 919 4701 libre
941 4623 1073 4701 decem
1095 4624 1208 4702 solidi
1226 4625 1451 4702 Parisienses
1471 4623 1571 4703 boue
1592 4641 1764 4715 monete,
1782 4652 1827 4702 ex
1842 4653 1916 4700 una
1930 4643 2049 4731 parte,

626 4772 678 4844 et,
699 4784 742 4832 ex
762 4755 832 4832 alia
852 4772 975 4860 parte,
999 4785 1061 4832 sex
1082 4755 1177 4834 libre
1198 4756 1334 4833 debilis
1353 4775 1526 4846 monete,
1545 4786 1616 4864 pro
1635 4757 1807 4863 expensis
1825 4756 1922 4847 suis3
1941 4758 2049 4860 item,

625 4884 824 4992 leprosarie
838 4887 886 4964 de
903 4888 1049 4975 Manso,
1066 4888 1256 4994 octoginta
1269 4887 1365 4966 libre
1384 4889 1610 4966 Parisienses
1623 4886 1761 4965 debilis
1775 4904 1950 4979 monete3
1965 4890 2054 4967 Fre·

627 5019 767 5096 mondo
789 5017 836 5095 de
853 5019 978 5106 Ulmo,
995 5020 1240 5126 quadraginta
1256 5018 1367 5096 solidi
1381 5020 1610 5098 Parisienses
1627 5018 1729 5097 bone
1748 5037 1924 5111 monete;
1939 5021 2050 5111 item,

628 5149 817 5255 Stephano
839 5150 953 5228 Haale
974 5151 1023 5228 de
1048 5151 1270 5228 Heulioourt
1290 5168 1328 5228 et
1351 5151 1462 5229 sociis
1486 5152 1582 5240 suis,
1604 5167 1691 5229 octo
1715 5150 1810 5229 libre
1829 5151 2054 5229 Parisienses

627 5279 725 5357 bone
749 5300 919 5371 monete,
945 5301 998 5370 et,
1023 5311 1092 5389 pro
1118 5281 1291 5389 dampnis
1313 5281 1407 5371 suis,
1431 5283 1675 5394 quadraginta
1698 5282 1809 5361 solidi
1832 5283 2054 5360 Parisienses
2078 5305 2085 5316 ’

626 5409 726 5488 bone
748 5429 915 5502 monete,
931 5415 963 5490 si
977 5415 1104 5523 jurare
1121 5413 1309 5494 voluerint
1329 5414 1467 5492 dictam
1483 5441 1688 5504 summam3
1709 5414 1818 5503 item,
1835 5411 1987 5488 Matheo
2004 5409 2052 5488 de

736 5587 891 5630 insonus.
916 5591 961 5630 m.
1887 5565 1927 5649 59

2077 1219 2207 1276 Pnurm
2220 1221 2263 1284 tv,

2139 1313 2202 1357 13⁰0.
