5817 7292
1064 1114 1423 1225 evocassem
1449 1118 1654 1209 esoces.
1999 1139 2071 1212 ms

704 1275 862 1355 Veneris
880 1292 966 1353 ante
985 1275 1284 1355 Penthecostem.

705 1388 935 1487 Meullentus
949 1407 1163 1514 reportavit.

704 1671 829 1750 XXIV.
861 1671 960 1750 Cum
981 1670 1079 1749 inter
1095 1670 1304 1749 Johannem
1331 1670 1378 1747 de
1392 1670 1536 1762 Insula,
1553 1670 1732 1761 militem,
1750 1670 1952 1749 dominum
1969 1668 2074 1751 Feri-

648 1802 944 1890 tatis-Nerberti,
962 1831 1007 1879 ex
1026 1830 1100 1879 una
1120 1820 1243 1909 parte,
1259 1819 1297 1879 et
1311 1801 1565 1909 Stephanum,
1587 1802 1787 1881 dominum
1805 1802 1856 1879 de
1876 1802 2069 1893 Graciaco,

649 1950 688 2010 et
702 1931 883 2023 Aelidim,
901 1933 983 2040 ejus
999 1960 1172 2022 uxorem,
1190 1934 1281 2012 dicti
1298 1932 1480 2011 Johannis
1496 1962 1682 2026 sororem,
1699 1934 1739 2010 in
1754 1951 1939 2041 quantum
1955 1937 2073 2043 tangit

648 2063 876 2171 quemlibet,
898 2062 1086 2151 exaltem,
1108 2091 1233 2139 coram
1252 2062 1392 2141 ballivo
1407 2062 1687 2152 Aurelianensi,
1703 2081 1786 2142 orta
1803 2081 1901 2141 esset
1918 2064 2072 2142 materia

649 2192 857 2300 questionis
876 2220 990 2299 super
1010 2220 1055 2270 eo
1075 2192 1180 2299 quod
1200 2193 1321 2270 dictus
1341 2194 1551 2283 lohannes,
1572 2194 1745 2300 pluribus
1763 2194 1995 2283 racionibus,
2019 2195 2074 2273 di-

648 2322 755 2402 cebat
766 2323 871 2431 quod
884 2324 931 2401 ad
944 2325 1164 2431 homagium
1178 2351 1289 2401 suum
1304 2325 1427 2402 dictus
1438 2325 1671 2431 Stephanus,
1687 2326 1835 2403 racione
1849 2326 1976 2405 uxoris
1987 2354 2070 2417 sue,

647 2455 774 2533 venire
796 2454 959 2535 debebat
979 2484 1049 2562 pro
1069 2473 1169 2533 terra
1187 2454 1234 2533 de
1253 2457 1408 2535 Vouson
1428 2474 1467 2534 et
1490 2456 1571 2565 ejus
1589 2456 1851 2563 pertinenciis,
1875 2485 1950 2564 que
1972 2458 2073 2534 bona

648 2586 750 2665 idem
776 2588 1001 2695 Stephanus,
1023 2588 1172 2667 racione
1201 2588 1300 2665 dicte
1326 2588 1452 2665 uxoris
1471 2616 1556 2677 sue,
1576 2588 1749 2680 tenebat,
1771 2588 1921 2665 racione
1940 2586 2074 2665 frares·

649 2717 733 2795 chie
753 2715 801 2795 de
818 2735 917 2796 terra
932 2735 971 2796 et
989 2717 1201 2796 castellania
1217 2717 1597 2805 FeritatisNerberti,
1614 2736 1653 2795 et
1669 2734 1836 2796 econtra
1852 2718 1975 2795 dictus
1989 2718 2074 2796 Ste-

648 2848 811 2956 phanus,
828 2849 1003 2957 pluribus
1017 2849 1247 2939 racionibus,
1264 2848 1503 2955 proponebat
1514 2876 1556 2926 se
1571 2848 1618 2925 de
1633 2866 1733 2926 terra
1748 2848 1916 2955 predicta
1930 2848 2071 2928 debere

649 2978 698 3056 ad
715 2996 903 3069 nostrum,
928 3008 1006 3057 non
1025 2979 1114 3057 dicti
1133 2980 1334 3073 Johannis,
1355 2979 1575 3087 homagium
1590 2980 1734 3069 venire,
1755 2980 1879 3057 dictus
1895 2978 2069 3069 ballivus,

649 3109 689 3185 in
708 3108 930 3217 hujusmodi
948 3140 1057 3187 causa
1076 3112 1302 3218 procedens,
1325 3128 1362 3189 et
1381 3140 1470 3188 cum
1489 3109 1594 3188 istud
1609 3111 1809 3217 negocium
1829 3126 1956 3187 nostra
1975 3109 2073 3187 inte-

648 3266 749 3317 resse
768 3238 928 3329 videret,
950 3268 990 3317 se
1008 3268 1077 3345 pro
1097 3240 1208 3317 nobis
1229 3240 1374 3317 indicti
1395 3240 1540 3347 negocii
1558 3240 1826 3347 prosecucione
1847 3239 2070 3347 adjungens,

647 3369 826 3475 inquisita
850 3397 965 3475 super
984 3371 1186 3476 propositis
1205 3400 1227 3447 a
1246 3370 1356 3449 dictis
1380 3369 1550 3477 partibus
1569 3369 1720 3479 plenius
1738 3370 1908 3459 veritate,
1927 3369 2074 3476 judica-

647 3516 731 3577 tum
750 3529 863 3578 suum
880 3499 970 3578 tulit
988 3518 1118 3579 contra
1137 3502 1348 3579 Johannem
1367 3502 1598 3610 predictum,
1617 3501 1906 3608 pronunciando
1926 3499 2072 3577 dictum

648 3630 901 3737 Stephanum,
927 3660 996 3738 pro
1021 3649 1121 3710 terra
1145 3633 1328 3739 predicta,
1356 3661 1432 3710 non
1459 3660 1538 3711 esse
1562 3631 1871 3739 compellendum
1896 3630 1985 3708 dicti
2008 3632 2073 3709 Jo-

643 3758 784 3838 hannis
797 3762 1015 3870 homagium
1033 3764 1188 3853 intrare,
1207 3764 1274 3841 sed
1290 3764 1455 3841 cundem
1472 3765 1724 3869 Stephanum,
1741 3763 1952 3841 secundum
1968 3763 2073 3867 quod

648 3891 727 3997 ipse
746 3893 997 3999 proponebat,
1017 3893 1065 3971 ad
1083 3894 1302 3999 homagium
1318 3911 1510 3982 nostrum,
1525 3922 1595 4000 pro
1612 3910 1712 3971 terra
1728 3893 1912 4000 predicta,
1931 3891 2072 3969 debere

649 4022 788 4099 venire.
804 4021 836 4100 Α
850 4051 926 4129 quo
939 4024 1125 4130 judicato,
1141 4041 1321 4130 tanquam
1336 4052 1356 4100 a
1372 4023 1470 4103 falso·
1482 4041 1521 4101 et
1536 4052 1664 4129 pravo,
1685 4023 1808 4101 dictus
1820 4022 2011 4099 lohannes
2025 4019 2073 4098 ad

648 4169 813 4232 nostram
838 4153 979 4230 curiam
1005 4155 1230 4261 appellavit:
1251 4154 1475 4233 Constitutis
1497 4154 1612 4260 igitur
1631 4153 1673 4229 in
1696 4153 1799 4230 curia
1817 4170 1945 4230 nostra
1964 4152 2073 4229 dictis

647 4283 819 4364 Johanne
836 4301 873 4361 et
886 4283 1024 4362 ballivo
1040 4286 1080 4361 in
1096 4314 1205 4363 causa
1221 4284 1487 4391 appellacionis
1499 4284 1684 4390 predicte,
1699 4300 1738 4361 et
1751 4284 1890 4361 auditis
1902 4280 2072 4390 parcium

649 4413 862 4491 racionibus
880 4414 969 4491 hinc
990 4430 1027 4491 et
1046 4413 1155 4504 inde,
1176 4443 1218 4491 ac
1233 4416 1320 4493 visis
1339 4413 1513 4520 inquesta
1531 4431 1570 4492 et
1587 4440 1765 4519 processu
1784 4440 1896 4519 super
1915 4411 1989 4489 hoc
2008 4411 2074 4488 ha-

649 4545 738 4623 bitis
756 4573 883 4623 coram
904 4544 1041 4622 ballivo
1062 4544 1248 4651 predicto,
1268 4572 1338 4652 per
1352 4544 1454 4622 curie
1472 4560 1600 4623 nostre
1615 4542 1824 4652 judicium,
1840 4542 1986 4621 dictum
2000 4541 2073 4619 brit

650 4675 793 4753 dictum
818 4675 999 4753 ballivum
1023 4676 1121 4753 bene
1140 4674 1344 4782 judicasse,
1368 4694 1406 4754 et
1423 4676 1638 4784 predictum
1656 4676 1867 4753 Johannem
1887 4674 1985 4753 male
2007 4704 2072 4782 ap·

650 4804 825 4913 pellenae,
846 4823 884 4883 et
901 4806 1008 4914 quod
1023 4807 1102 4913 ipse
1118 4806 1191 4884 hoc
1206 4806 1436 4886 emendabit.

705 4936 864 5016 Veneris
879 4952 965 5013 ante
980 4936 1280 5015 Penthecostem.

705 5066 756 5143 M.
773 5067 814 5143 P.
830 5066 1041 5172 Champion
1059 5068 1271 5175 reportavit.

706 5328 817 5407 XXV.
847 5328 933 5409 Visa
956 5329 1130 5435 inquesta
1154 5359 1267 5438 super
1292 5359 1337 5409 eo
1361 5332 1467 5439 quod
1490 5333 1522 5410 J.
1549 5332 1598 5410 de
1616 5334 1744 5421 Barsa,
1765 5360 1853 5410 cum
1872 5330 2074 5437 inquisitor

651 5456 796 5565 [esset]
816 5458 967 5537 ballivie
992 5460 1251 5551 bituricensis,
1271 5462 1413 5543 furasse
1434 5463 1628 5543 dicebatur
1648 5493 1718 5572 per
1733 5464 1809 5541 vim
1828 5460 2004 5569 prisionis
2023 5460 2073 5535 ad

758 5634 811 5677 tes
830 5636 915 5679 ΟΙιΙΙ.
938 5636 985 5679 tn.
1927 5637 1964 5679 22

2105 1288 2236 1345 Partim
2248 1286 2299 1352 tt,

2143 1397 2148 1405 ’
2168 1381 2231 1424 12⁰0.
