5817 7292
1023 1044 1287 1153 nNQurrss
1313 1064 1377 1135 nr
1402 1047 1604 1138 procus.
1954 1062 2026 1137 ass

608 1203 688 1311 ejm
712 1200 824 1281 liberi
852 1201 1091 1293 vmdiciones
1120 1231 1188 1281 seu
1215 1202 1465 1283 alieuociones
1492 1201 1741 1311 quarumdam
1775 1202 2027 1283 hereditatum
2067 1216 2197 1271 essum
2208 1217 2252 1281 tv.

608 1332 723 1439 ipsas
742 1332 945 1411 unaco
961 1351 1000 1411 st
1013 1334 1102 1412 uec
1122 1333 1333 1425 emersu,
1351 1335 1442 1411 sum
1461 1334 1616 1426 viveret,
1630 1333 1679 1411 ae
1694 1332 1833 1439 pau,
1851 1332 1945 1411 scs
1958 1332 2029 1413 au
2129 1307 2191 1349 Μ·

608 1463 792 1552 ostensio,
809 1481 979 1569 pretextu
1008 1466 1223 1570 debitorum
1246 1466 1412 1573 ipsorum
1431 1465 1650 1573 conjugum
1672 1491 1740 1571 per
1759 1465 1964 1571 Symoncm
1981 1464 2029 1543 de

608 1592 838 1685 Courtbsus‚
859 1611 951 1671 tunc
966 1598 1198 1702 prepositum
1216 1596 1539 1687 laminensem,
1561 1597 1600 1672 in
1618 1595 1739 1673 diotoe
1760 1595 1971 1674 Jobannem
1994 1614 2033 1674 et

609 1712 813 1811 Theman,
828 1752 897 1830 per
915 1725 1046 1803 dolum
1067 1743 1105 1805 et
1121 1726 1292 1805 fraudem
1310 1726 1608 1814 eorumdcm‚ut
1627 1724 1817 1814 dicebant,
1833 1725 1961 1803 minus
1974 1755 2034 1804 rs·
2103 1735 2110 1756 ’

610 1853 842 1932 cinnabiliter
858 1872 899 1933 et
917 1874 1045 1933 contra
1060 1858 1178 1963 patrie
1193 1858 1507 1937 consuetudinem
1522 1856 1635 1933 lactas
1646 1855 1777 1945 fuine,
1794 1854 1967 1961 pluribm
1981 1886 2033 1935 ra·

609 1985 781 2063 cionibus
809 1985 989 2091 petebant
1016 1987 1182 2065 revecari
1217 2005 1255 2065 et
1286 1988 1460 2077 mulleri,
1490 2006 1530 2065 et
1558 1986 1674 2063 dictas
1703 1986 1932 2065 hereditates
1959 1988 2032 2065 sibi

608 2113 809 2191 delibersri
826 2132 864 2191 et
876 2116 1006 2205 reddi,
1026 2116 1135 2194 dictis
1154 2118 1325 2195 lobanne
1347 2136 1385 2195 et
1398 2117 1547 2195 Tboma
1560 2117 1602 2193 in
1621 2116 1850 2195 contrarium
1868 2144 2033 2195 asseren-

609 2242 709 2320 tibus
725 2242 843 2321 dictm
857 2244 1099 2325 vendiciones
1114 2248 1186 2325 rite
1202 2264 1242 2325 et
1252 2248 1354 2355 juste
1369 2276 1411 2324 nc
1426 2274 1515 2325 cum
1527 2246 1668 2353 judicis
1684 2246 1902 2325 anemium
1917 2266 1956 2325 et
1968 2248 2035 2325 dev

608 2392 710 2451 mmo
730 2373 842 2453 iactas
859 2375 992 2467 luisse3
1013 2378 1153 2455 auditis
1172 2378 1287 2487 igitur
1308 2379 1479 2485 portibus
1499 2394 1538 2454 et
1554 2376 1731 2484 inquisita
1752 2376 1904 2455 vet-itote
1923 2406 2035 2484 super

609 2504 818 2613 premissis,
831 2534 900 2611 per
915 2507 1004 2585 dicti
1018 2508 1144 2587 bellivi
1153 2508 1359 2616 judicium,
1374 2507 1666 2615 pronunciatum
1679 2506 1753 2585 fuit
1764 2508 1903 2585 dictam
1917 2510 2036 2587 Bene-

610 2634 747 2712 dictam
771 2653 811 2713 et
825 2636 910 2743 ejus
929 2637 1069 2717 liberos
1084 2640 1341 2719 intencionem
1361 2668 1469 2719 suam
1488 2666 1603 2745 super
1615 2637 1934 2718 bocsufficienter
1947 2666 2034 2744 ptu-

610 2762 772 2857 bsvisse,
790 2781 828 2842 et
840 2767 1026 2873 quioquid
1040 2768 1090 2844 de
1108 2770 1381 2847 hereditatibus
1400 2769 1579 2874 predictis
1590 2784 1698 2847 tenet
1711 2768 1837 2846 dictus
1849 2769 2032 2853 Thomas.

610 2910 686 2969 tam
711 2902 861 2971 raclorm
886 2896 985 2975 dicte
1013 2898 1219 3004 empcionis
1243 2926 1359 3007 quam
1388 2897 1539 2977 racione
1565 2898 1810 2978 successionis
1833 2898 1950 3005 ipsius
1969 2899 2036 2979 de·

608 3022 729 3101 functi
746 3025 945 3116 lobannis,
960 3028 1085 3105 eidem
1105 3029 1308 3109 Benedicte
1329 3047 1367 3107 et
1379 3028 1511 3107 liberis
1529 3030 1608 3107 suis
1623 3030 1763 3111 debere
1779 3028 1982 3109 deliberari
1997 3045 2036 3106 et
2185 3118 2190 3129 ¹

610 3154 732 3244 reddi,
747 3155 891 3235 dictum
904 3158 1092 3259 Thomam
1104 3160 1152 3239 ad
1164 3161 1248 3253 boc,
1262 3188 1331 3266 per
1341 3160 1486 3237 dictum
1490 3158 1692 3267 judicium,
1704 3159 2033 3265 condempnando,

610 3300 724 3390 prout
742 3286 781 3360 in
802 3285 903 3364 dicto
917 3287 1086 3395 judicato
1104 3290 1255 3395 plenius
1274 3289 1503 3377 continetur3
1519 3317 1543 3363 a
1560 3316 1638 3393 quo
1647 3290 1836 3396 judicato,
1856 3305 2036 3394 tanqum

609 3410 702 3492 lelso
721 3432 760 3492 et
776 3444 906 3521 pravo,
922 3416 1046 3495 dictus
1060 3417 1227 3495 Thomas
1245 3416 1295 3495 sd
1312 3434 1479 3493 nostrum
1499 3418 1642 3493 uariam
1656 3416 1873 3523 appellavit:
1889 3416 2037 3497 Auditis

610 3544 725 3652 igitur
739 3544 849 3623 dictis
863 3548 1035 3652 partibus
1048 3548 1088 3624 in
1101 3574 1212 3626 causa
1226 3546 1493 3653 appellscionis
1506 3547 1692 3652 predicte,
1708 3562 1749 3623 et
1761 3547 1841 3624 viso
1860 3574 2037 3653 processu

610 3677 795 3783 predicto,
819 3694 856 3754 a
872 3676 1044 3783 parcium
1064 3678 1282 3757 racionibus·
1293 3676 1443 3784 plenius
1460 3676 1677 3765 intellectis,
1698 3704 1769 3783 per
1786 3677 1890 3753 curie
1908 3695 2037 3756 nostre

607 3784 796 3911 jussum
817 3806 962 3884 sicem
976 3805 1051 3883 ruis
1066 3806 1281 3912 prensum
1300 3806 1483 3884 ballivum
1501 3805 1601 3883 sene
1614 3804 1821 3911 jarim,
1835 3821 1874 3881 a
1892 3805 2035 3883 uisum
2150 3868 2155 3877 .

612 3934 798 4013 Thomam
818 3937 917 4013 male
937 3935 1158 4043 appellasse,
1180 3952 1219 4013 et
1236 3935 1342 4042 quod
1360 3937 1438 4042 ipse
1459 3934 1780 4012 boc'emendabit.

669 4065 866 4143 Dominica
885 4085 970 4173 post
991 4066 1252 4147 Candelosam.

670 4196 771 4301 Roya
789 4197 1003 4301 reportavit.

671 4457 827 4535 xxxvl.
854 4457 957 4534 (lum
979 4455 1027 4533 lis
1051 4474 1151 4537 mota
1176 4476 1275 4537 esset
1299 4459 1397 4537 inter
1420 4458 1604 4567 majorem
1628 4474 1667 4534 et
1682 4458 1829 4566 juratos
1850 4457 2038 4537 Silvanec-

611 4605 758 4679 tenses‚
781 4614 825 4665 ex
850 4604 955 4693 parte
974 4615 1065 4679 uns,
1088 4605 1128 4665 et
1146 4588 1319 4668 abbatem
1346 4606 1384 4667 et
1401 4606 1629 4669 conventum
1652 4590 1701 4667 ds
1720 4587 1898 4679 Victoria,
1919 4617 1964 4667 es
1982 4589 2038 4665 al·

615 4736 710 4809 tera,
728 4744 843 4825 super
853 4746 903 4800 cc
917 4717 1092 4797 videlicet
1106 4720 1213 4826 quod
1224 4719 1316 4797 dicti
1333 4720 1453 4829 major
1466 4736 1508 4797 et
1518 4719 1635 4828 jorsti
1650 4719 1829 4796 dicebant
1846 4746 1886 4797 se
1901 4736 1942 4797 et
1953 4746 2039 4825 poe·

612 4850 831 4929 decessores
863 4878 952 4929 snos
984 4850 1097 4930 fuisse
1130 4868 1168 4931 et
1198 4880 1278 4931 esse
1309 4852 1350 4929 in
1382 4852 1518 4929 saisina
1541 4849 1759 4959 justiciandi
1787 4867 1825 4927 et
1848 4850 2038 4958 justiciam

616 4980 814 5059 amcendi
838 4980 878 5057 in
902 4980 986 5060 ὶοοο
1004 4982 1076 5088 ¹qui
1099 4980 1299 5093 vulgentur
1324 4982 1466 5061 dicitur
1487 4982 1543 5060 les
1568 4984 1743 5076 Brueres,
1767 4980 2040 5061 nichilominus

617 5110 707 5188 dicti
727 5112 892 5221 religiosi
917 5140 988 5191 seu
1014 5111 1095 5203 alii,
1120 5114 1277 5193 nomine
1304 5114 1490 5221 ipsorum,
1512 5112 1682 5192 indebite
1701 5131 1742 5191 ct
1766 5112 1817 5190 de
1835 5140 1934 5191 novo
1954 5138 2040 5219 pare·

617 5240 740 5319 dictos
758 5243 940 5361 majorem
955 5260 994 5323 et
1007 5244 1153 5352 juratos
1170 5244 1210 5321 in
1222 5243 1360 5321 misina
1375 5244 1545 5351 predicta
1562 5243 1803 5328 turbaverant
1818 5259 1860 5321 et
1878 5242 2040 5349 impedi-

620 5387 747 5448 verunt
755 5378 822 5462 ‚ut
838 5374 1031 5465 dioebm,
1047 5375 1244 5483 capucium
1258 5374 1452 5485 mjusdnm
1462 5376 1653 5467 mulieris,
1674 5402 1749 5483 que
1765 5373 1911 5451 ibidem
1924 5372 2042 5449 brue-
