<?xml version="1.0" encoding="UTF-8"?>
<!DOCTYPE html PUBLIC "-//W3C//DTD XHTML 1.0 Transitional//EN"
    "http://www.w3.org/TR/xhtml1/DTD/xhtml1-transitional.dtd">
<html xmlns="http://www.w3.org/1999/xhtml" xml:lang="en" lang="en">
 <head>
  <title>
</title>
<meta http-equiv="Content-Type" content="text/html;charset=utf-8" />
  <meta name='ocr-system' content='tesseract 3.04.00' />
  <meta name='ocr-capabilities' content='ocr_page ocr_carea ocr_par ocr_line ocrx_word'/>
</head>
<body>
  <div class='ocr_page' id='page_1' title='image "./lesolimouregist00pargoog_0537.png"; bbox 0 0 5817 7292; ppageno 0'>
   <div class='ocr_carea' id='block_1_1' title="bbox 1001 1000 2008 1111">
    <p class='ocr_par' dir='ltr' id='par_1_1' title="bbox 1001 1000 2008 1111">
     <span class='ocr_line' id='line_1_1' title="bbox 1001 1000 2008 1111; baseline 0.001 -16"><span class='ocrx_word' id='word_1_1' title='bbox 1001 1003 1271 1111; x_wconf 75' lang='lat' dir='ltr'><strong>succurras</strong></span> <span class='ocrx_word' id='word_1_2' title='bbox 1297 1020 1361 1093; x_wconf 82' lang='lat' dir='ltr'><strong>nr</strong></span> <span class='ocrx_word' id='word_1_3' title='bbox 1388 1000 1594 1093; x_wconf 78' lang='lat' dir='ltr'><strong>raocns.</strong></span> <span class='ocrx_word' id='word_1_4' title='bbox 1935 1022 2008 1097; x_wconf 75' lang='lat' dir='ltr'><strong>aas</strong></span> 
     </span>
    </p>
   </div>
   <div class='ocr_carea' id='block_1_2' title="bbox 584 1160 2235 2704">
    <p class='ocr_par' dir='ltr' id='par_1_2' title="bbox 584 1160 2235 2447">
     <span class='ocr_line' id='line_1_2' title="bbox 588 1160 2235 1271; baseline 0.006 -30"><span class='ocrx_word' id='word_1_5' title='bbox 588 1160 706 1241; x_wconf 76' lang='lat' dir='ltr'><strong>farneti</strong></span> <span class='ocrx_word' id='word_1_6' title='bbox 726 1161 909 1240; x_wconf 83' lang='lat' dir='ltr'><strong>Iohannis</strong></span> <span class='ocrx_word' id='word_1_7' title='bbox 935 1163 1055 1271; x_wconf 85' lang='lat' dir='ltr'>Nigri,</span> <span class='ocrx_word' id='word_1_8' title='bbox 1081 1162 1272 1271; x_wconf 87' lang='lat' dir='ltr'><strong>quondam</strong></span> <span class='ocrx_word' id='word_1_9' title='bbox 1296 1161 1419 1240; x_wconf 81' lang='lat' dir='ltr'><strong>fratris</strong></span> <span class='ocrx_word' id='word_1_10' title='bbox 1446 1161 1536 1239; x_wconf 90' lang='lat' dir='ltr'><strong>dicti</strong></span> <span class='ocrx_word' id='word_1_11' title='bbox 1557 1163 1724 1253; x_wconf 88' lang='lat' dir='ltr'><strong>Tbome,</strong></span> <span class='ocrx_word' id='word_1_12' title='bbox 1746 1163 1865 1240; x_wconf 87' lang='lat' dir='ltr'><strong>voluit</strong></span> <span class='ocrx_word' id='word_1_13' title='bbox 1888 1164 2010 1243; x_wconf 88' lang='lat' dir='ltr'><strong>dictus</strong></span> <span class='ocrx_word' id='word_1_14' title='bbox 2049 1180 2235 1251; x_wconf 65' lang='lat' dir='ltr'><strong>rattruut,</strong></span> 
     </span>
     <span class='ocr_line' id='line_1_3' title="bbox 587 1270 2173 1404; baseline 0.001 -33"><span class='ocrx_word' id='word_1_15' title='bbox 587 1292 754 1371; x_wconf 85' lang='lat' dir='ltr'><strong>Thomas</strong></span> <span class='ocrx_word' id='word_1_16' title='bbox 766 1294 870 1401; x_wconf 92' lang='lat' dir='ltr'><strong>quod</strong></span> <span class='ocrx_word' id='word_1_17' title='bbox 884 1294 1043 1401; x_wconf 75' lang='lat' dir='ltr'><strong>predicti</strong></span> <span class='ocrx_word' id='word_1_18' title='bbox 1057 1295 1236 1404; x_wconf 85' lang='lat' dir='ltr'><strong>conjuges</strong></span> <span class='ocrx_word' id='word_1_19' title='bbox 1247 1293 1411 1373; x_wconf 88' lang='lat' dir='ltr'><strong>babeant</strong></span> <span class='ocrx_word' id='word_1_20' title='bbox 1421 1294 1559 1371; x_wconf 88' lang='lat' dir='ltr'><strong>dictam</strong></span> <span class='ocrx_word' id='word_1_21' title='bbox 1570 1310 1741 1400; x_wconf 83' lang='lat' dir='ltr'><strong>quartam</strong></span> <span class='ocrx_word' id='word_1_22' title='bbox 1755 1312 1900 1400; x_wconf 89' lang='lat' dir='ltr'><strong>partem</strong></span> <span class='ocrx_word' id='word_1_23' title='bbox 1910 1295 2010 1373; x_wconf 90' lang='lat' dir='ltr'><strong>dicte</strong></span> <span class='ocrx_word' id='word_1_24' title='bbox 2111 1270 2173 1315; x_wconf 55' lang='grc' dir='ltr'><strong>Μ’·</strong></span> 
     </span>
     <span class='ocr_line' id='line_1_4' title="bbox 586 1423 2008 1534; baseline 0.004 -35"><span class='ocrx_word' id='word_1_25' title='bbox 586 1439 685 1501; x_wconf 84' lang='lat' dir='ltr'><strong>terre</strong></span> <span class='ocrx_word' id='word_1_26' title='bbox 697 1423 905 1530; x_wconf 75' lang='lat' dir='ltr'><strong>portabilis,</strong></span> <span class='ocrx_word' id='word_1_27' title='bbox 919 1453 993 1532; x_wconf 88' lang='lat' dir='ltr'><strong>qua</strong></span> <span class='ocrx_word' id='word_1_28' title='bbox 1004 1426 1182 1533; x_wconf 80' lang='lat' dir='ltr'>porcione</span> <span class='ocrx_word' id='word_1_29' title='bbox 1198 1425 1413 1517; x_wconf 90' lang='lat' dir='ltr'><strong>dictuszo,</strong></span> <span class='ocrx_word' id='word_1_30' title='bbox 1428 1452 1496 1532; x_wconf 94' lang='lat' dir='ltr'><strong>pro</strong></span> <span class='ocrx_word' id='word_1_31' title='bbox 1508 1454 1549 1504; x_wconf 87' lang='lat' dir='ltr'><strong>se</strong></span> <span class='ocrx_word' id='word_1_32' title='bbox 1562 1442 1600 1502; x_wconf 90' lang='lat' dir='ltr'><strong>et</strong></span> <span class='ocrx_word' id='word_1_33' title='bbox 1609 1424 1691 1534; x_wconf 87' lang='lat' dir='ltr'><strong>ejus</strong></span> <span class='ocrx_word' id='word_1_34' title='bbox 1703 1442 1819 1503; x_wconf 79' lang='lat' dir='ltr'><strong>uxore</strong></span> <span class='ocrx_word' id='word_1_35' title='bbox 1831 1427 2008 1531; x_wconf 86' lang='lat' dir='ltr'><strong>predicta,</strong></span> 
     </span>
     <span class='ocr_line' id='line_1_5' title="bbox 586 1552 2012 1664; baseline 0.006 -38"><span class='ocrx_word' id='word_1_36' title='bbox 586 1552 706 1631; x_wconf 87' lang='lat' dir='ltr'><strong>voluit</strong></span> <span class='ocrx_word' id='word_1_37' title='bbox 732 1582 811 1632; x_wconf 90' lang='lat' dir='ltr'><strong>esse</strong></span> <span class='ocrx_word' id='word_1_38' title='bbox 833 1572 1043 1635; x_wconf 86' lang='lat' dir='ltr'><strong>contentus.</strong></span> <span class='ocrx_word' id='word_1_39' title='bbox 1070 1558 1128 1635; x_wconf 90' lang='lat' dir='ltr'><strong>De</strong></span> <span class='ocrx_word' id='word_1_40' title='bbox 1148 1556 1321 1663; x_wconf 87' lang='lat' dir='ltr'><strong>dampnis</strong></span> <span class='ocrx_word' id='word_1_41' title='bbox 1340 1584 1427 1635; x_wconf 85' lang='lat' dir='ltr'><strong>vero</strong></span> <span class='ocrx_word' id='word_1_42' title='bbox 1447 1575 1486 1633; x_wconf 94' lang='lat' dir='ltr'><strong>et</strong></span> <span class='ocrx_word' id='word_1_43' title='bbox 1502 1556 1673 1664; x_wconf 78' lang='lat' dir='ltr'>expensis</span> <span class='ocrx_word' id='word_1_44' title='bbox 1692 1555 1781 1633; x_wconf 87' lang='lat' dir='ltr'><strong>hinc</strong></span> <span class='ocrx_word' id='word_1_45' title='bbox 1798 1556 1888 1633; x_wconf 92' lang='lat' dir='ltr'><strong>inde</strong></span> <span class='ocrx_word' id='word_1_46' title='bbox 1909 1553 2012 1635; x_wconf 78' lang='lat' dir='ltr'><strong>lactis</strong></span> 
     </span>
     <span class='ocr_line' id='line_1_6' title="bbox 587 1674 2014 1797; baseline 0.002 -35"><span class='ocrx_word' id='word_1_47' title='bbox 587 1684 625 1763; x_wconf 88' lang='lat' dir='ltr'><strong>in</strong></span> <span class='ocrx_word' id='word_1_48' title='bbox 638 1686 906 1792; x_wconf 87' lang='lat' dir='ltr'><strong>prosecucione</strong></span> <span class='ocrx_word' id='word_1_49' title='bbox 921 1674 1031 1766; x_wconf 78' lang='lat' dir='ltr'><strong>cause</strong></span> <span class='ocrx_word' id='word_1_50' title='bbox 1046 1688 1285 1797; x_wconf 88' lang='lat' dir='ltr'><strong>hujusmodi,</strong></span> <span class='ocrx_word' id='word_1_51' title='bbox 1300 1689 1641 1796; x_wconf 88' lang='lat' dir='ltr'><strong>compromiserunt</strong></span> <span class='ocrx_word' id='word_1_52' title='bbox 1653 1687 1814 1794; x_wconf 82' lang='lat' dir='ltr'>predicti</span> <span class='ocrx_word' id='word_1_53' title='bbox 1829 1688 1869 1761; x_wconf 91' lang='lat' dir='ltr'><strong>in</strong></span> <span class='ocrx_word' id='word_1_54' title='bbox 1879 1689 2014 1795; x_wconf 84' lang='lat' dir='ltr'><strong>magis·</strong></span> 
     </span>
     <span class='ocr_line' id='line_1_7' title="bbox 585 1817 2012 1927; baseline 0.001 -34"><span class='ocrx_word' id='word_1_55' title='bbox 585 1830 688 1893; x_wconf 70' lang='lat' dir='ltr'><strong>mum</strong></span> <span class='ocrx_word' id='word_1_56' title='bbox 709 1818 876 1895; x_wconf 90' lang='lat' dir='ltr'><strong>Yvonem</strong></span> <span class='ocrx_word' id='word_1_57' title='bbox 900 1818 948 1896; x_wconf 91' lang='lat' dir='ltr'><strong>de</strong></span> <span class='ocrx_word' id='word_1_58' title='bbox 974 1819 1218 1908; x_wconf 89' lang='lat' dir='ltr'><strong>Laudunaco‚</strong></span> <span class='ocrx_word' id='word_1_59' title='bbox 1241 1818 1556 1925; x_wconf 91' lang='lat' dir='ltr'><strong>compromissum</strong></span> <span class='ocrx_word' id='word_1_60' title='bbox 1576 1818 1811 1927; x_wconf 88' lang='lat' dir='ltr'><strong>hujusmodi,</strong></span> <span class='ocrx_word' id='word_1_61' title='bbox 1832 1844 1903 1922; x_wconf 89' lang='lat' dir='ltr'><strong>per</strong></span> <span class='ocrx_word' id='word_1_62' title='bbox 1922 1817 2012 1895; x_wconf 80' lang='lat' dir='ltr'><strong>fidei</strong></span> 
     </span>
     <span class='ocr_line' id='line_1_8' title="bbox 586 1946 2012 2056; baseline 0.002 -33"><span class='ocrx_word' id='word_1_63' title='bbox 586 1946 781 2025; x_wconf 89' lang='lat' dir='ltr'><strong>dacionem</strong></span> <span class='ocrx_word' id='word_1_64' title='bbox 797 1965 834 2025; x_wconf 89' lang='lat' dir='ltr'><strong>ct</strong></span> <span class='ocrx_word' id='word_1_65' title='bbox 844 1975 979 2056; x_wconf 89' lang='lat' dir='ltr'><strong>penam</strong></span> <span class='ocrx_word' id='word_1_66' title='bbox 991 1965 1144 2027; x_wconf 88' lang='lat' dir='ltr'><strong>centum</strong></span> <span class='ocrx_word' id='word_1_67' title='bbox 1159 1948 1340 2026; x_wconf 91' lang='lat' dir='ltr'><strong>librarum</strong></span> <span class='ocrx_word' id='word_1_68' title='bbox 1352 1950 1650 2038; x_wconf 89' lang='lat' dir='ltr'><strong>Turonensium,</strong></span> <span class='ocrx_word' id='word_1_69' title='bbox 1662 1948 1888 2026; x_wconf 86' lang='lat' dir='ltr'><strong>vallantesin</strong></span> <span class='ocrx_word' id='word_1_70' title='bbox 1897 1976 2012 2027; x_wconf 90' lang='lat' dir='ltr'><strong>manu</strong></span> 
     </span>
     <span class='ocr_line' id='line_1_9' title="bbox 584 2064 2010 2167; baseline 0.004 -16"><span class='ocrx_word' id='word_1_71' title='bbox 584 2075 836 2155; x_wconf 80' lang='lat' dir='ltr'><strong>archidiaconi</strong></span> <span class='ocrx_word' id='word_1_72' title='bbox 853 2076 1123 2165; x_wconf 89' lang='lat' dir='ltr'><strong>Borbonensis,</strong></span> <span class='ocrx_word' id='word_1_73' title='bbox 1143 2078 1181 2154; x_wconf 93' lang='lat' dir='ltr'><strong>in</strong></span> <span class='ocrx_word' id='word_1_74' title='bbox 1202 2077 1357 2155; x_wconf 90' lang='lat' dir='ltr'><strong>ecclesia</strong></span> <span class='ocrx_word' id='word_1_75' title='bbox 1376 2064 1615 2167; x_wconf 83' lang='lat' dir='ltr'><strong>Bituriccnsi,</strong></span> <span class='ocrx_word' id='word_1_76' title='bbox 1635 2078 1714 2156; x_wconf 89' lang='lat' dir='ltr'><strong>vice</strong></span> <span class='ocrx_word' id='word_1_77' title='bbox 1728 2066 1774 2155; x_wconf 45' lang='lat' dir='ltr'><strong>‘et</strong></span> <span class='ocrx_word' id='word_1_78' title='bbox 1793 2079 2010 2157; x_wconf 90' lang='lat' dir='ltr'><strong>auctoritate</strong></span> 
     </span>
     <span class='ocr_line' id='line_1_10' title="bbox 585 2205 2012 2316; baseline 0.001 -33"><span class='ocrx_word' id='word_1_79' title='bbox 585 2205 687 2283; x_wconf 86' lang='lat' dir='ltr'><strong>curie</strong></span> <span class='ocrx_word' id='word_1_80' title='bbox 699 2224 825 2285; x_wconf 89' lang='lat' dir='ltr'><strong>nostre</strong></span> <span class='ocrx_word' id='word_1_81' title='bbox 839 2207 1072 2316; x_wconf 81' lang='lat' dir='ltr'><strong>recipientis;</strong></span> <span class='ocrx_word' id='word_1_82' title='bbox 1087 2225 1126 2287; x_wconf 89' lang='lat' dir='ltr'><strong>at</strong></span> <span class='ocrx_word' id='word_1_83' title='bbox 1140 2208 1242 2285; x_wconf 91' lang='lat' dir='ltr'><strong>curia</strong></span> <span class='ocrx_word' id='word_1_84' title='bbox 1258 2226 1383 2287; x_wconf 89' lang='lat' dir='ltr'><strong>nostra</strong></span> <span class='ocrx_word' id='word_1_85' title='bbox 1398 2208 1501 2286; x_wconf 89' lang='lat' dir='ltr'><strong>dicto</strong></span> <span class='ocrx_word' id='word_1_86' title='bbox 1511 2208 1661 2293; x_wconf 85' lang='lat' dir='ltr'><strong>Thome</strong></span> <span class='ocrx_word' id='word_1_87' title='bbox 1674 2208 1890 2296; x_wconf 79' lang='lat' dir='ltr'><strong>emendam,</strong></span> <span class='ocrx_word' id='word_1_88' title='bbox 1906 2237 2012 2315; x_wconf 90' lang='lat' dir='ltr'><strong>prop</strong></span> 
     </span>
     <span class='ocr_line' id='line_1_11' title="bbox 584 2328 1592 2447; baseline 0.001 -33"><span class='ocrx_word' id='word_1_89' title='bbox 584 2352 642 2415; x_wconf 89' lang='lat' dir='ltr'><strong>tcr</strong></span> <span class='ocrx_word' id='word_1_90' title='bbox 656 2337 729 2416; x_wconf 91' lang='lat' dir='ltr'><strong>boc</strong></span> <span class='ocrx_word' id='word_1_91' title='bbox 750 2338 933 2428; x_wconf 86' lang='lat' dir='ltr'><strong>debitam,</strong></span> <span class='ocrx_word' id='word_1_92' title='bbox 953 2339 1001 2417; x_wconf 90' lang='lat' dir='ltr'><strong>de</strong></span> <span class='ocrx_word' id='word_1_93' title='bbox 1021 2338 1145 2447; x_wconf 76' lang='lat' dir='ltr'><strong>gracia</strong></span> <span class='ocrx_word' id='word_1_94' title='bbox 1159 2336 1326 2445; x_wconf 87' lang='lat' dir='ltr'><strong>speciali,</strong></span> <span class='ocrx_word' id='word_1_95' title='bbox 1343 2339 1499 2415; x_wconf 83' lang='lat' dir='ltr'><strong>remisit.</strong></span> <span class='ocrx_word' id='word_1_96' title='bbox 1589 2328 1592 2337; x_wconf 43' lang='lat'>¹</span> 
     </span>
    </p>

    <p class='ocr_par' dir='ltr' id='par_1_3' title="bbox 641 2468 1407 2578">
     <span class='ocr_line' id='line_1_12' title="bbox 641 2468 1407 2578; baseline -0.004 -31"><span class='ocrx_word' id='word_1_97' title='bbox 641 2468 840 2547; x_wconf 89' lang='lat' dir='ltr'><strong>Dominica</strong></span> <span class='ocrx_word' id='word_1_98' title='bbox 860 2498 933 2578; x_wconf 88' lang='lat' dir='ltr'><strong>qua</strong></span> <span class='ocrx_word' id='word_1_99' title='bbox 953 2486 1123 2547; x_wconf 88' lang='lat' dir='ltr'><strong>cantatur</strong></span> <span class='ocrx_word' id='word_1_100' title='bbox 1142 2470 1407 2547; x_wconf 86' lang='lat' dir='ltr'><strong>Ileminiscere.</strong></span> 
     </span>
    </p>

    <p class='ocr_par' dir='ltr' id='par_1_4' title="bbox 642 2597 1437 2704">
     <span class='ocr_line' id='line_1_13' title="bbox 642 2597 1437 2704; baseline -0.005 -27"><span class='ocrx_word' id='word_1_101' title='bbox 642 2599 937 2677; x_wconf 83' lang='lat' dir='ltr'><strong>Archidiaconus</strong></span> <span class='ocrx_word' id='word_1_102' title='bbox 955 2598 1208 2683; x_wconf 90' lang='lat' dir='ltr'><strong>Borbonensis</strong></span> <span class='ocrx_word' id='word_1_103' title='bbox 1227 2597 1437 2704; x_wconf 78' lang='lat' dir='ltr'><strong>reportavit.</strong></span> 
     </span>
    </p>
   </div>
   <div class='ocr_carea' id='block_1_3' title="bbox 488 2862 2010 3627">
    <p class='ocr_par' dir='ltr' id='par_1_5' title="bbox 642 2862 2010 2971">
     <span class='ocr_line' id='line_1_14' title="bbox 642 2862 2010 2971; baseline 0.001 -31"><span class='ocrx_word' id='word_1_104' title='bbox 642 2863 766 2941; x_wconf 84' lang='lat' dir='ltr'>XLIII.</span> <span class='ocrx_word' id='word_1_105' title='bbox 797 2863 841 2939; x_wconf 89' lang='lat' dir='ltr'><strong>In</strong></span> <span class='ocrx_word' id='word_1_106' title='bbox 860 2892 969 2941; x_wconf 88' lang='lat' dir='ltr'><strong>causa</strong></span> <span class='ocrx_word' id='word_1_107' title='bbox 988 2862 1255 2971; x_wconf 88' lang='lat' dir='ltr'><strong>appellacionis</strong></span> <span class='ocrx_word' id='word_1_108' title='bbox 1273 2878 1375 2940; x_wconf 91' lang='lat' dir='ltr'><strong>mota</strong></span> <span class='ocrx_word' id='word_1_109' title='bbox 1395 2862 1434 2937; x_wconf 90' lang='lat' dir='ltr'><strong>in</strong></span> <span class='ocrx_word' id='word_1_110' title='bbox 1459 2862 1562 2938; x_wconf 89' lang='lat' dir='ltr'><strong>curia</strong></span> <span class='ocrx_word' id='word_1_111' title='bbox 1582 2880 1707 2941; x_wconf 88' lang='lat' dir='ltr'><strong>nostra</strong></span> <span class='ocrx_word' id='word_1_112' title='bbox 1727 2863 1825 2941; x_wconf 90' lang='lat' dir='ltr'><strong>inter</strong></span> <span class='ocrx_word' id='word_1_113' title='bbox 1842 2862 2010 2944; x_wconf 89' lang='lat' dir='ltr'><strong>Guiller-</strong></span> 
     </span>
    </p>

    <p class='ocr_par' dir='ltr' id='par_1_6' title="bbox 488 2992 2009 3365">
     <span class='ocr_line' id='line_1_15' title="bbox 488 2992 2009 3104; baseline 0.003 -34"><span class='ocrx_word' id='word_1_114' title='bbox 488 2993 496 3001; x_wconf 84' lang='lat'>&#39;</span> <span class='ocrx_word' id='word_1_115' title='bbox 586 3022 692 3073; x_wconf 90' lang='lat' dir='ltr'><strong>mum</strong></span> <span class='ocrx_word' id='word_1_116' title='bbox 718 2993 862 3073; x_wconf 89' lang='lat' dir='ltr'><strong>dictum</strong></span> <span class='ocrx_word' id='word_1_117' title='bbox 880 2994 1061 3103; x_wconf 83' lang='lat' dir='ltr'><strong>Buiguet‚</strong></span> <span class='ocrx_word' id='word_1_118' title='bbox 1084 2993 1282 3073; x_wconf 91' lang='lat' dir='ltr'><strong>dominum</strong></span> <span class='ocrx_word' id='word_1_119' title='bbox 1312 2993 1361 3070; x_wconf 90' lang='lat' dir='ltr'><strong>de</strong></span> <span class='ocrx_word' id='word_1_120' title='bbox 1385 2992 1547 3085; x_wconf 80' lang='lat' dir='ltr'><strong>Licates,</strong></span> <span class='ocrx_word' id='word_1_121' title='bbox 1582 2994 1827 3104; x_wconf 85' lang='lat' dir='ltr'><strong>armigerum,</strong></span> <span class='ocrx_word' id='word_1_122' title='bbox 1860 3024 1903 3074; x_wconf 86' lang='lat' dir='ltr'><strong>ex</strong></span> <span class='ocrx_word' id='word_1_123' title='bbox 1935 3026 2009 3075; x_wconf 88' lang='lat' dir='ltr'><strong>una</strong></span> 
     </span>
     <span class='ocr_line' id='line_1_16' title="bbox 585 3122 2009 3235; baseline 0.002 -32"><span class='ocrx_word' id='word_1_124' title='bbox 585 3143 704 3233; x_wconf 86' lang='lat' dir='ltr'><strong>parte,</strong></span> <span class='ocrx_word' id='word_1_125' title='bbox 732 3142 771 3204; x_wconf 88' lang='lat' dir='ltr'><strong>et</strong></span> <span class='ocrx_word' id='word_1_126' title='bbox 797 3126 1023 3203; x_wconf 88' lang='lat' dir='ltr'><strong>comitissam</strong></span> <span class='ocrx_word' id='word_1_127' title='bbox 1043 3122 1342 3203; x_wconf 85' lang='lat' dir='ltr'><strong>Attrebateusem</strong></span> <span class='ocrx_word' id='word_1_128' title='bbox 1367 3142 1404 3203; x_wconf 86' lang='lat' dir='ltr'><strong>et</strong></span> <span class='ocrx_word' id='word_1_129' title='bbox 1428 3142 1559 3231; x_wconf 84' lang='lat' dir='ltr'><strong>gentes</strong></span> <span class='ocrx_word' id='word_1_130' title='bbox 1577 3154 1678 3213; x_wconf 87' lang='lat' dir='ltr'><strong>suas,</strong></span> <span class='ocrx_word' id='word_1_131' title='bbox 1700 3154 1744 3205; x_wconf 87' lang='lat' dir='ltr'><strong>ex</strong></span> <span class='ocrx_word' id='word_1_132' title='bbox 1769 3127 1900 3218; x_wconf 86' lang='lat' dir='ltr'><strong>altera,</strong></span> <span class='ocrx_word' id='word_1_133' title='bbox 1921 3158 2009 3235; x_wconf 89' lang='lat' dir='ltr'><strong>pro-</strong></span> 
     </span>
     <span class='ocr_line' id='line_1_17' title="bbox 584 3255 2009 3365; baseline 0 -29"><span class='ocrx_word' id='word_1_134' title='bbox 584 3256 711 3364; x_wconf 84' lang='lat' dir='ltr'><strong>posuit</strong></span> <span class='ocrx_word' id='word_1_135' title='bbox 730 3256 833 3333; x_wconf 91' lang='lat' dir='ltr'><strong>idcm</strong></span> <span class='ocrx_word' id='word_1_136' title='bbox 852 3255 1088 3336; x_wconf 88' lang='lat' dir='ltr'><strong>Guillermus</strong></span> <span class='ocrx_word' id='word_1_137' title='bbox 1106 3256 1229 3362; x_wconf 94' lang='lat' dir='ltr'><strong>quod,</strong></span> <span class='ocrx_word' id='word_1_138' title='bbox 1250 3284 1337 3333; x_wconf 90' lang='lat' dir='ltr'><strong>cum</strong></span> <span class='ocrx_word' id='word_1_139' title='bbox 1358 3255 1458 3332; x_wconf 90' lang='lat' dir='ltr'><strong>dicte</strong></span> <span class='ocrx_word' id='word_1_140' title='bbox 1476 3256 1664 3334; x_wconf 88' lang='lat' dir='ltr'><strong>comitisse</strong></span> <span class='ocrx_word' id='word_1_141' title='bbox 1680 3255 1832 3365; x_wconf 86' lang='lat' dir='ltr'><strong>bajulus</strong></span> <span class='ocrx_word' id='word_1_142' title='bbox 1845 3257 2009 3337; x_wconf 72' lang='lat' dir='ltr'><strong>briensis</strong></span> 
     </span>
    </p>

    <p class='ocr_par' dir='ltr' id='par_1_7' title="bbox 584 3386 2009 3627">
     <span class='ocr_line' id='line_1_18' title="bbox 584 3386 2009 3496; baseline 0.001 -31"><span class='ocrx_word' id='word_1_143' title='bbox 584 3388 624 3466; x_wconf 89' lang='lat' dir='ltr'><strong>iu</strong></span> <span class='ocrx_word' id='word_1_144' title='bbox 647 3387 813 3496; x_wconf 88' lang='lat' dir='ltr'><strong>prisione</strong></span> <span class='ocrx_word' id='word_1_145' title='bbox 840 3388 1005 3465; x_wconf 89' lang='lat' dir='ltr'><strong>eundem</strong></span> <span class='ocrx_word' id='word_1_146' title='bbox 1031 3386 1285 3467; x_wconf 91' lang='lat' dir='ltr'><strong>Guillermum</strong></span> <span class='ocrx_word' id='word_1_147' title='bbox 1310 3387 1519 3474; x_wconf 88' lang='lat' dir='ltr'><strong>detineret,</strong></span> <span class='ocrx_word' id='word_1_148' title='bbox 1541 3414 1609 3493; x_wconf 92' lang='lat' dir='ltr'><strong>pro</strong></span> <span class='ocrx_word' id='word_1_149' title='bbox 1635 3386 1861 3495; x_wconf 86' lang='lat' dir='ltr'><strong>quibusdam</strong></span> <span class='ocrx_word' id='word_1_150' title='bbox 1880 3408 2009 3467; x_wconf 89' lang='lat' dir='ltr'><strong>contra</strong></span> 
     </span>
     <span class='ocr_line' id='line_1_19' title="bbox 585 3517 2007 3627; baseline 0 -30"><span class='ocrx_word' id='word_1_151' title='bbox 585 3520 708 3627; x_wconf 91' lang='lat' dir='ltr'><strong>ipsum</strong></span> <span class='ocrx_word' id='word_1_152' title='bbox 729 3518 982 3600; x_wconf 89' lang='lat' dir='ltr'><strong>Guillermum</strong></span> <span class='ocrx_word' id='word_1_153' title='bbox 1003 3519 1205 3627; x_wconf 87' lang='lat' dir='ltr'><strong>propositis</strong></span> <span class='ocrx_word' id='word_1_154' title='bbox 1230 3546 1356 3598; x_wconf 91' lang='lat' dir='ltr'><strong>coram</strong></span> <span class='ocrx_word' id='word_1_155' title='bbox 1383 3518 1485 3598; x_wconf 89' lang='lat' dir='ltr'><strong>dicto</strong></span> <span class='ocrx_word' id='word_1_156' title='bbox 1509 3517 1646 3595; x_wconf 89' lang='lat' dir='ltr'><strong>ballivo</strong></span> <span class='ocrx_word' id='word_1_157' title='bbox 1670 3547 1739 3624; x_wconf 91' lang='lat' dir='ltr'><strong>per</strong></span> <span class='ocrx_word' id='word_1_158' title='bbox 1758 3519 1934 3602; x_wconf 88' lang='lat' dir='ltr'><strong>Boletum</strong></span> <span class='ocrx_word' id='word_1_159' title='bbox 1959 3522 2007 3597; x_wconf 88' lang='lat' dir='ltr'><strong>de</strong></span> 
     </span>
    </p>
   </div>
   <div class='ocr_carea' id='block_1_4' title="bbox 583 3647 2124 5457">
    <p class='ocr_par' dir='ltr' id='par_1_8' title="bbox 583 3647 2124 5457">
     <span class='ocr_line' id='line_1_20' title="bbox 586 3647 2007 3756; baseline -0.001 -29"><span class='ocrx_word' id='word_1_160' title='bbox 586 3651 756 3739; x_wconf 85' lang='lat' dir='ltr'><strong>Flecbiu,</strong></span> <span class='ocrx_word' id='word_1_161' title='bbox 784 3666 827 3726; x_wconf 92' lang='lat' dir='ltr'><strong>ut</strong></span> <span class='ocrx_word' id='word_1_162' title='bbox 850 3649 1000 3741; x_wconf 88' lang='lat' dir='ltr'><strong>dicebat</strong></span> <span class='ocrx_word' id='word_1_163' title='bbox 1024 3648 1147 3727; x_wconf 87' lang='lat' dir='ltr'><strong>dictus</strong></span> <span class='ocrx_word' id='word_1_164' title='bbox 1171 3647 1347 3737; x_wconf 85' lang='lat' dir='ltr'><strong>ballivus,</strong></span> <span class='ocrx_word' id='word_1_165' title='bbox 1375 3648 1568 3756; x_wconf 88' lang='lat' dir='ltr'><strong>predictus</strong></span> <span class='ocrx_word' id='word_1_166' title='bbox 1596 3648 1831 3727; x_wconf 90' lang='lat' dir='ltr'><strong>Guillermus</strong></span> <span class='ocrx_word' id='word_1_167' title='bbox 1863 3651 2007 3727; x_wconf 91' lang='lat' dir='ltr'><strong>dictum</strong></span> 
     </span>
     <span class='ocr_line' id='line_1_21' title="bbox 585 3776 2009 3886; baseline -0.001 -28"><span class='ocrx_word' id='word_1_168' title='bbox 585 3779 763 3858; x_wconf 89' lang='lat' dir='ltr'><strong>ballivum</strong></span> <span class='ocrx_word' id='word_1_169' title='bbox 796 3779 835 3856; x_wconf 89' lang='lat' dir='ltr'><strong>in</strong></span> <span class='ocrx_word' id='word_1_170' title='bbox 862 3779 999 3857; x_wconf 91' lang='lat' dir='ltr'><strong>assisiis</strong></span> <span class='ocrx_word' id='word_1_171' title='bbox 1022 3778 1099 3857; x_wconf 89' lang='lat' dir='ltr'><strong>suis</strong></span> <span class='ocrx_word' id='word_1_172' title='bbox 1124 3805 1192 3886; x_wconf 89' lang='lat' dir='ltr'><strong>per</strong></span> <span class='ocrx_word' id='word_1_173' title='bbox 1212 3796 1291 3856; x_wconf 88' lang='lat' dir='ltr'><strong>tres</strong></span> <span class='ocrx_word' id='word_1_174' title='bbox 1322 3777 1534 3885; x_wconf 89' lang='lat' dir='ltr'><strong>quindenas</strong></span> <span class='ocrx_word' id='word_1_175' title='bbox 1557 3776 1786 3855; x_wconf 89' lang='lat' dir='ltr'><strong>sufficienter</strong></span> <span class='ocrx_word' id='word_1_176' title='bbox 1817 3780 2009 3883; x_wconf 84' lang='lat' dir='ltr'><strong>requisivit</strong></span> 
     </span>
     <span class='ocr_line' id='line_1_22' title="bbox 587 3908 2009 4019; baseline -0.002 -30"><span class='ocrx_word' id='word_1_177' title='bbox 587 3910 708 4019; x_wconf 92' lang='lat' dir='ltr'><strong>quod,</strong></span> <span class='ocrx_word' id='word_1_178' title='bbox 736 3938 822 3987; x_wconf 90' lang='lat' dir='ltr'><strong>cum</strong></span> <span class='ocrx_word' id='word_1_179' title='bbox 849 3910 947 4016; x_wconf 89' lang='lat' dir='ltr'><strong>ipse,</strong></span> <span class='ocrx_word' id='word_1_180' title='bbox 970 3926 1013 3987; x_wconf 91' lang='lat' dir='ltr'><strong>ut</strong></span> <span class='ocrx_word' id='word_1_181' title='bbox 1032 3909 1197 4003; x_wconf 87' lang='lat' dir='ltr'><strong>dicebat,</strong></span> <span class='ocrx_word' id='word_1_182' title='bbox 1215 3925 1312 3987; x_wconf 89' lang='lat' dir='ltr'><strong>esset</strong></span> <span class='ocrx_word' id='word_1_183' title='bbox 1331 3908 1508 3985; x_wconf 88' lang='lat' dir='ltr'><strong>detentus</strong></span> <span class='ocrx_word' id='word_1_184' title='bbox 1527 3908 1566 3983; x_wconf 92' lang='lat' dir='ltr'><strong>in</strong></span> <span class='ocrx_word' id='word_1_185' title='bbox 1581 3931 1668 3984; x_wconf 87' lang='lat' dir='ltr'><strong>casu</strong></span> <span class='ocrx_word' id='word_1_186' title='bbox 1686 3908 1942 3996; x_wconf 89' lang='lat' dir='ltr'><strong>recredencie‚</strong></span> <span class='ocrx_word' id='word_1_187' title='bbox 1965 3928 2009 3986; x_wconf 94' lang='lat' dir='ltr'><strong>ut</strong></span> 
     </span>
     <span class='ocr_line' id='line_1_23' title="bbox 587 4037 2006 4148; baseline -0.002 -27"><span class='ocrx_word' id='word_1_188' title='bbox 587 4042 769 4130; x_wconf 89' lang='lat' dir='ltr'><strong>eundem,</strong></span> <span class='ocrx_word' id='word_1_189' title='bbox 787 4041 858 4118; x_wconf 91' lang='lat' dir='ltr'><strong>sub</strong></span> <span class='ocrx_word' id='word_1_190' title='bbox 867 4040 1012 4148; x_wconf 85' lang='lat' dir='ltr'><strong>ydonea</strong></span> <span class='ocrx_word' id='word_1_191' title='bbox 1025 4041 1219 4129; x_wconf 90' lang='lat' dir='ltr'><strong>cauciooe,</strong></span> <span class='ocrx_word' id='word_1_192' title='bbox 1233 4040 1463 4128; x_wconf 85' lang='lat' dir='ltr'><strong>recrederet,</strong></span> <span class='ocrx_word' id='word_1_193' title='bbox 1476 4038 1534 4116; x_wconf 88' lang='lat' dir='ltr'><strong>vel</strong></span> <span class='ocrx_word' id='word_1_194' title='bbox 1543 4038 1675 4115; x_wconf 89' lang='lat' dir='ltr'><strong>saltem</strong></span> <span class='ocrx_word' id='word_1_195' title='bbox 1687 4037 1824 4117; x_wconf 88' lang='lat' dir='ltr'><strong>Iaceret</strong></span> <span class='ocrx_word' id='word_1_196' title='bbox 1839 4040 1873 4119; x_wconf 92' lang='lat' dir='ltr'><strong>ei</strong></span> <span class='ocrx_word' id='word_1_197' title='bbox 1879 4041 1959 4148; x_wconf 83' lang='lat' dir='ltr'><strong>jus&#39;,</strong></span> <span class='ocrx_word' id='word_1_198' title='bbox 1976 4044 2006 4118; x_wconf 87' lang='lat' dir='ltr'><strong>si</strong></span> 
     </span>
     <span class='ocr_line' id='line_1_24' title="bbox 585 4168 2007 4278; baseline -0.001 -27"><span class='ocrx_word' id='word_1_199' title='bbox 585 4170 823 4251; x_wconf 87' lang='lat' dir='ltr'><strong>recredencia</strong></span> <span class='ocrx_word' id='word_1_200' title='bbox 839 4172 879 4248; x_wconf 86' lang='lat' dir='ltr'><strong>in</strong></span> <span class='ocrx_word' id='word_1_201' title='bbox 893 4171 959 4250; x_wconf 92' lang='lat' dir='ltr'><strong>illo</strong></span> <span class='ocrx_word' id='word_1_202' title='bbox 977 4200 1063 4251; x_wconf 89' lang='lat' dir='ltr'><strong>casu</strong></span> <span class='ocrx_word' id='word_1_203' title='bbox 1079 4172 1229 4249; x_wconf 89' lang='lat' dir='ltr'><strong>caderet</strong></span> <span class='ocrx_word' id='word_1_204' title='bbox 1245 4170 1304 4249; x_wconf 91' lang='lat' dir='ltr'><strong>vel</strong></span> <span class='ocrx_word' id='word_1_205' title='bbox 1319 4198 1412 4259; x_wconf 90' lang='lat' dir='ltr'><strong>non,</strong></span> <span class='ocrx_word' id='word_1_206' title='bbox 1429 4169 1488 4247; x_wconf 92' lang='lat' dir='ltr'><strong>vel</strong></span> <span class='ocrx_word' id='word_1_207' title='bbox 1502 4170 1584 4278; x_wconf 90' lang='lat' dir='ltr'><strong>jus,</strong></span> <span class='ocrx_word' id='word_1_208' title='bbox 1601 4170 1631 4245; x_wconf 91' lang='lat' dir='ltr'><strong>si</strong></span> <span class='ocrx_word' id='word_1_209' title='bbox 1651 4168 1746 4247; x_wconf 90' lang='lat' dir='ltr'><strong>illud</strong></span> <span class='ocrx_word' id='word_1_210' title='bbox 1760 4170 1825 4277; x_wconf 90' lang='lat' dir='ltr'><strong>jus</strong></span> <span class='ocrx_word' id='word_1_211' title='bbox 1846 4171 2007 4250; x_wconf 85' lang='lat' dir='ltr'><strong>debebat</strong></span> 
     </span>
     <span class='ocr_line' id='line_1_25' title="bbox 585 4299 2007 4409; baseline -0.004 -24"><span class='ocrx_word' id='word_1_212' title='bbox 585 4304 655 4385; x_wconf 91' lang='lat' dir='ltr'><strong>sibi</strong></span> <span class='ocrx_word' id='word_1_213' title='bbox 681 4300 801 4380; x_wconf 85' lang='lat' dir='ltr'><strong>lacere</strong></span> <span class='ocrx_word' id='word_1_214' title='bbox 823 4301 880 4380; x_wconf 91' lang='lat' dir='ltr'><strong>vel</strong></span> <span class='ocrx_word' id='word_1_215' title='bbox 898 4329 991 4394; x_wconf 88' lang='lat' dir='ltr'><strong>nou;</strong></span> <span class='ocrx_word' id='word_1_216' title='bbox 1013 4302 1116 4409; x_wconf 91' lang='lat' dir='ltr'><strong>quod</strong></span> <span class='ocrx_word' id='word_1_217' title='bbox 1140 4318 1265 4379; x_wconf 90' lang='lat' dir='ltr'><strong>tamen</strong></span> <span class='ocrx_word' id='word_1_218' title='bbox 1287 4301 1408 4379; x_wconf 90' lang='lat' dir='ltr'><strong>dictus</strong></span> <span class='ocrx_word' id='word_1_219' title='bbox 1418 4299 1603 4389; x_wconf 88' lang='lat' dir='ltr'><strong>ballivus,</strong></span> <span class='ocrx_word' id='word_1_220' title='bbox 1622 4316 1665 4376; x_wconf 91' lang='lat' dir='ltr'><strong>ut</strong></span> <span class='ocrx_word' id='word_1_221' title='bbox 1682 4299 1845 4389; x_wconf 87' lang='lat' dir='ltr'><strong>dicebat,</strong></span> <span class='ocrx_word' id='word_1_222' title='bbox 1865 4330 1940 4380; x_wconf 91' lang='lat' dir='ltr'><strong>uon</strong></span> <span class='ocrx_word' id='word_1_223' title='bbox 1958 4302 2007 4380; x_wconf 86' lang='lat' dir='ltr'><strong>le-</strong></span> 
     </span>
     <span class='ocr_line' id='line_1_26' title="bbox 586 4429 2006 4541; baseline -0.003 -24"><span class='ocrx_word' id='word_1_224' title='bbox 586 4439 651 4525; x_wconf 92' lang='lat' dir='ltr'><strong>cit,</strong></span> <span class='ocrx_word' id='word_1_225' title='bbox 673 4435 741 4513; x_wconf 89' lang='lat' dir='ltr'><strong>sed</strong></span> <span class='ocrx_word' id='word_1_226' title='bbox 766 4449 971 4541; x_wconf 89' lang='lat' dir='ltr'><strong>utrumque</strong></span> <span class='ocrx_word' id='word_1_227' title='bbox 992 4434 1059 4541; x_wconf 87' lang='lat' dir='ltr'><strong>jus</strong></span> <span class='ocrx_word' id='word_1_228' title='bbox 1077 4430 1198 4510; x_wconf 86' lang='lat' dir='ltr'><strong>lacere</strong></span> <span class='ocrx_word' id='word_1_229' title='bbox 1220 4430 1344 4527; x_wconf 85' lang='lat' dir='ltr'><strong>eidem</strong></span> <span class='ocrx_word' id='word_1_230' title='bbox 1371 4429 1417 4511; x_wconf 92' lang='lat' dir='ltr'><strong>G.</strong></span> <span class='ocrx_word' id='word_1_231' title='bbox 1446 4429 1660 4541; x_wconf 83' lang='lat' dir='ltr'><strong>denegavit,</strong></span> <span class='ocrx_word' id='word_1_232' title='bbox 1689 4458 1856 4509; x_wconf 90' lang='lat' dir='ltr'><strong>asserens</strong></span> <span class='ocrx_word' id='word_1_233' title='bbox 1884 4432 2006 4513; x_wconf 85' lang='lat' dir='ltr'><strong>dictus</strong></span> 
     </span>
     <span class='ocr_line' id='line_1_27' title="bbox 585 4563 2004 4673; baseline -0.005 -24"><span class='ocrx_word' id='word_1_234' title='bbox 585 4566 819 4649; x_wconf 87' lang='lat' dir='ltr'><strong>Guillermus</strong></span> <span class='ocrx_word' id='word_1_235' title='bbox 839 4566 945 4673; x_wconf 93' lang='lat' dir='ltr'><strong>quod</strong></span> <span class='ocrx_word' id='word_1_236' title='bbox 967 4564 1152 4673; x_wconf 87' lang='lat' dir='ltr'><strong>predicta,</strong></span> <span class='ocrx_word' id='word_1_237' title='bbox 1172 4564 1382 4641; x_wconf 88' lang='lat' dir='ltr'><strong>secundum</strong></span> <span class='ocrx_word' id='word_1_238' title='bbox 1400 4590 1513 4641; x_wconf 91' lang='lat' dir='ltr'><strong>usum</strong></span> <span class='ocrx_word' id='word_1_239' title='bbox 1530 4578 1568 4640; x_wconf 88' lang='lat' dir='ltr'><strong>et</strong></span> <span class='ocrx_word' id='word_1_240' title='bbox 1581 4563 1896 4640; x_wconf 90' lang='lat' dir='ltr'><strong>consuetudinem</strong></span> <span class='ocrx_word' id='word_1_241' title='bbox 1915 4564 2004 4642; x_wconf 91' lang='lat' dir='ltr'><strong>dicti</strong></span> 
     </span>
     <span class='ocr_line' id='line_1_28' title="bbox 583 4690 2124 4803; baseline -0.003 -24"><span class='ocrx_word' id='word_1_242' title='bbox 583 4699 675 4787; x_wconf 91' lang='lat' dir='ltr'><strong>loci,</strong></span> <span class='ocrx_word' id='word_1_243' title='bbox 689 4696 859 4803; x_wconf 29' lang='lat' dir='ltr'><strong>,debebat</strong></span> <span class='ocrx_word' id='word_1_244' title='bbox 877 4696 979 4774; x_wconf 90' lang='lat' dir='ltr'><strong>idem</strong></span> <span class='ocrx_word' id='word_1_245' title='bbox 997 4694 1156 4773; x_wconf 88' lang='lat' dir='ltr'><strong>ballivus</strong></span> <span class='ocrx_word' id='word_1_246' title='bbox 1172 4722 1242 4803; x_wconf 91' lang='lat' dir='ltr'><strong>pro</strong></span> <span class='ocrx_word' id='word_1_247' title='bbox 1259 4693 1459 4773; x_wconf 84' lang='lat' dir='ltr'><strong>deficiente</strong></span> <span class='ocrx_word' id='word_1_248' title='bbox 1476 4693 1524 4771; x_wconf 91' lang='lat' dir='ltr'><strong>de</strong></span> <span class='ocrx_word' id='word_1_249' title='bbox 1543 4690 1715 4772; x_wconf 78' lang='lat' dir='ltr'><strong>faciendo</strong></span> <span class='ocrx_word' id='word_1_250' title='bbox 1731 4692 1803 4771; x_wconf 88' lang='lat' dir='ltr'><strong>sibi</strong></span> <span class='ocrx_word' id='word_1_251' title='bbox 1814 4694 1878 4802; x_wconf 85' lang='lat' dir='ltr'><strong>jus</strong></span> <span class='ocrx_word' id='word_1_252' title='bbox 1892 4724 2006 4802; x_wconf 87' lang='lat' dir='ltr'><strong>repu—</strong></span> <span class='ocrx_word' id='word_1_253' title='bbox 2120 4726 2124 4731; x_wconf 91' lang='lat'>·</span> 
     </span>
     <span class='ocr_line' id='line_1_29' title="bbox 583 4824 2007 4932; baseline -0.004 -22"><span class='ocrx_word' id='word_1_254' title='bbox 583 4832 671 4919; x_wconf 85' lang='lat' dir='ltr'><strong>tari;</strong></span> <span class='ocrx_word' id='word_1_255' title='bbox 695 4828 852 4906; x_wconf 88' lang='lat' dir='ltr'><strong>asseruit</strong></span> <span class='ocrx_word' id='word_1_256' title='bbox 878 4828 995 4905; x_wconf 90' lang='lat' dir='ltr'><strong>eciam</strong></span> <span class='ocrx_word' id='word_1_257' title='bbox 1022 4825 1144 4903; x_wconf 91' lang='lat' dir='ltr'><strong>dictus</strong></span> <span class='ocrx_word' id='word_1_258' title='bbox 1164 4825 1399 4905; x_wconf 91' lang='lat' dir='ltr'><strong>Guillermus</strong></span> <span class='ocrx_word' id='word_1_259' title='bbox 1422 4825 1526 4932; x_wconf 90' lang='lat' dir='ltr'><strong>quod</strong></span> <span class='ocrx_word' id='word_1_260' title='bbox 1546 4824 1641 4932; x_wconf 88' lang='lat' dir='ltr'><strong>ipse,</strong></span> <span class='ocrx_word' id='word_1_261' title='bbox 1662 4824 1833 4931; x_wconf 87' lang='lat' dir='ltr'><strong>pluribus</strong></span> <span class='ocrx_word' id='word_1_262' title='bbox 1853 4825 1935 4904; x_wconf 88' lang='lat' dir='ltr'><strong>aliis</strong></span> <span class='ocrx_word' id='word_1_263' title='bbox 1953 4830 2007 4905; x_wconf 92' lang='lat' dir='ltr'><strong>vi-</strong></span> 
     </span>
     <span class='ocr_line' id='line_1_30' title="bbox 585 4956 2007 5069; baseline -0.002 -28"><span class='ocrx_word' id='word_1_264' title='bbox 585 4964 708 5051; x_wconf 89' lang='lat' dir='ltr'><strong>cibus,</strong></span> <span class='ocrx_word' id='word_1_265' title='bbox 730 4977 858 5069; x_wconf 88' lang='lat' dir='ltr'><strong>postea</strong></span> <span class='ocrx_word' id='word_1_266' title='bbox 878 4959 1022 5037; x_wconf 89' lang='lat' dir='ltr'><strong>dictum</strong></span> <span class='ocrx_word' id='word_1_267' title='bbox 1043 4957 1224 5037; x_wconf 84' lang='lat' dir='ltr'><strong>ballivum</strong></span> <span class='ocrx_word' id='word_1_268' title='bbox 1239 4957 1433 5066; x_wconf 88' lang='lat' dir='ltr'><strong>requisivit</strong></span> <span class='ocrx_word' id='word_1_269' title='bbox 1452 4956 1557 5065; x_wconf 93' lang='lat' dir='ltr'><strong>quod</strong></span> <span class='ocrx_word' id='word_1_270' title='bbox 1576 4958 1700 5035; x_wconf 90' lang='lat' dir='ltr'><strong>eidem</strong></span> <span class='ocrx_word' id='word_1_271' title='bbox 1715 4958 1779 5067; x_wconf 87' lang='lat' dir='ltr'><strong>jus</strong></span> <span class='ocrx_word' id='word_1_272' title='bbox 1795 4986 1909 5066; x_wconf 88' lang='lat' dir='ltr'><strong>super</strong></span> <span class='ocrx_word' id='word_1_273' title='bbox 1923 4989 2007 5067; x_wconf 88' lang='lat' dir='ltr'><strong>prc-</strong></span> 
     </span>
     <span class='ocr_line' id='line_1_31' title="bbox 584 5086 2006 5198; baseline -0.002 -26"><span class='ocrx_word' id='word_1_274' title='bbox 584 5094 693 5172; x_wconf 89' lang='lat' dir='ltr'><strong>dictis</strong></span> <span class='ocrx_word' id='word_1_275' title='bbox 720 5090 874 5181; x_wconf 86' lang='lat' dir='ltr'><strong>laceret,</strong></span> <span class='ocrx_word' id='word_1_276' title='bbox 896 5089 952 5166; x_wconf 90' lang='lat' dir='ltr'><strong>vel</strong></span> <span class='ocrx_word' id='word_1_277' title='bbox 972 5090 1053 5198; x_wconf 89' lang='lat' dir='ltr'><strong>jus,</strong></span> <span class='ocrx_word' id='word_1_278' title='bbox 1077 5088 1108 5166; x_wconf 90' lang='lat' dir='ltr'><strong>si</strong></span> <span class='ocrx_word' id='word_1_279' title='bbox 1129 5087 1225 5165; x_wconf 91' lang='lat' dir='ltr'><strong>illud</strong></span> <span class='ocrx_word' id='word_1_280' title='bbox 1245 5088 1309 5197; x_wconf 86' lang='lat' dir='ltr'><strong>jus</strong></span> <span class='ocrx_word' id='word_1_281' title='bbox 1328 5088 1399 5166; x_wconf 93' lang='lat' dir='ltr'><strong>sibi</strong></span> <span class='ocrx_word' id='word_1_282' title='bbox 1420 5086 1540 5165; x_wconf 84' lang='lat' dir='ltr'><strong>lacere</strong></span> <span class='ocrx_word' id='word_1_283' title='bbox 1560 5088 1731 5180; x_wconf 89' lang='lat' dir='ltr'><strong>deberet,</strong></span> <span class='ocrx_word' id='word_1_284' title='bbox 1751 5090 1857 5197; x_wconf 91' lang='lat' dir='ltr'><strong>quod</strong></span> <span class='ocrx_word' id='word_1_285' title='bbox 1877 5108 2006 5169; x_wconf 88' lang='lat' dir='ltr'><strong>tamen</strong></span> 
     </span>
     <span class='ocr_line' id='line_1_32' title="bbox 586 5216 2003 5325; baseline -0.003 -24"><span class='ocrx_word' id='word_1_286' title='bbox 586 5224 706 5325; x_wconf 80' lang='lat' dir='ltr'><strong>dictus</strong></span> <span class='ocrx_word' id='word_1_287' title='bbox 729 5221 903 5311; x_wconf 85' lang='lat' dir='ltr'><strong>ballivus,</strong></span> <span class='ocrx_word' id='word_1_288' title='bbox 929 5239 974 5299; x_wconf 88' lang='lat' dir='ltr'><strong>ut</strong></span> <span class='ocrx_word' id='word_1_289' title='bbox 992 5220 1156 5312; x_wconf 89' lang='lat' dir='ltr'><strong>dicebat,</strong></span> <span class='ocrx_word' id='word_1_290' title='bbox 1177 5246 1254 5298; x_wconf 90' lang='lat' dir='ltr'><strong>uon</strong></span> <span class='ocrx_word' id='word_1_291' title='bbox 1278 5216 1382 5309; x_wconf 85' lang='lat' dir='ltr'><strong>lecit,</strong></span> <span class='ocrx_word' id='word_1_292' title='bbox 1408 5221 1476 5298; x_wconf 92' lang='lat' dir='ltr'><strong>sed</strong></span> <span class='ocrx_word' id='word_1_293' title='bbox 1496 5219 1659 5297; x_wconf 89' lang='lat' dir='ltr'><strong>eundem</strong></span> <span class='ocrx_word' id='word_1_294' title='bbox 1679 5219 1937 5301; x_wconf 89' lang='lat' dir='ltr'><strong>Guillermum</strong></span> <span class='ocrx_word' id='word_1_295' title='bbox 1957 5222 2003 5297; x_wconf 92' lang='lat' dir='ltr'><strong>de</strong></span> 
     </span>
     <span class='ocr_line' id='line_1_33' title="bbox 586 5348 2001 5457; baseline -0.005 -27"><span class='ocrx_word' id='word_1_296' title='bbox 586 5380 728 5431; x_wconf 86' lang='lat' dir='ltr'><strong>carcere</strong></span> <span class='ocrx_word' id='word_1_297' title='bbox 747 5353 784 5428; x_wconf 93' lang='lat' dir='ltr'><strong>in</strong></span> <span class='ocrx_word' id='word_1_298' title='bbox 801 5379 986 5430; x_wconf 82' lang='lat' dir='ltr'><strong>carcerem</strong></span> <span class='ocrx_word' id='word_1_299' title='bbox 1002 5350 1194 5431; x_wconf 88' lang='lat' dir='ltr'><strong>transduci</strong></span> <span class='ocrx_word' id='word_1_300' title='bbox 1213 5348 1301 5429; x_wconf 83' lang='lat' dir='ltr'><strong>fecit</strong></span> <span class='ocrx_word' id='word_1_301' title='bbox 1324 5366 1360 5429; x_wconf 89' lang='lat' dir='ltr'><strong>et</strong></span> <span class='ocrx_word' id='word_1_302' title='bbox 1380 5351 1497 5429; x_wconf 89' lang='lat' dir='ltr'><strong>eciam</strong></span> <span class='ocrx_word' id='word_1_303' title='bbox 1516 5350 1616 5429; x_wconf 89' lang='lat' dir='ltr'><strong>bona</strong></span> <span class='ocrx_word' id='word_1_304' title='bbox 1636 5379 1701 5429; x_wconf 90' lang='lat' dir='ltr'><strong>sua</strong></span> <span class='ocrx_word' id='word_1_305' title='bbox 1720 5350 1799 5457; x_wconf 83' lang='lat' dir='ltr'><strong>copi</strong></span> <span class='ocrx_word' id='word_1_306' title='bbox 1816 5367 1853 5427; x_wconf 94' lang='lat' dir='ltr'><strong>et</strong></span> <span class='ocrx_word' id='word_1_307' title='bbox 1873 5350 2001 5440; x_wconf 75' lang='lat' dir='ltr'><strong>levari3</strong></span> 
     </span>
    </p>
   </div>
   <div class='ocr_carea' id='block_1_5' title="bbox 692 5526 916 5569">
    <p class='ocr_par' dir='ltr' id='par_1_9' title="bbox 692 5526 916 5569">
     <span class='ocr_line' id='line_1_34' title="bbox 692 5526 916 5569; baseline 0.004 -3"><span class='ocrx_word' id='word_1_308' title='bbox 692 5526 744 5567; x_wconf 69' lang='grc' dir='ltr'><strong>1.Ιὸ</strong></span> <span class='ocrx_word' id='word_1_309' title='bbox 765 5526 845 5568; x_wconf 78' lang='lat' dir='ltr'><strong>octat.</strong></span> <span class='ocrx_word' id='word_1_310' title='bbox 871 5530 916 5569; x_wconf 88' lang='lat' dir='ltr'><strong>ttt.</strong></span> 
     </span>
    </p>
   </div>
   <div class='ocr_carea' id='block_1_6' title="bbox 0 0 2914 7286">
    <p class='ocr_par' dir='ltr' id='par_1_10' title="bbox 0 0 2914 7286">
     <span class='ocr_line' id='line_1_35' title="bbox 0 0 2914 7286; baseline 0 0"><span class='ocrx_word' id='word_1_311' title='bbox 0 0 2914 7286; x_wconf 95' lang='lat' dir='ltr'><strong> </strong></span> 
     </span>
    </p>
   </div>
  </div>
 </body>
</html>
