5817 7292
1037 1125 1307 1234 annotans
1332 1143 1399 1215 nr.
1422 1125 1631 1218 procus,
1971 1149 2043 1219 207

623 1280 769 1360 lanceae
793 1281 1066 1389 frangentibus,
1094 1284 1250 1392 quidam
1277 1283 1404 1362 dictus
1424 1284 1458 1368 li·
1476 1286 1649 1391 Borgnes
1668 1284 1706 1360 in
1731 1285 1789 1362 via
1814 1285 1966 1392 publicu
1985 1317 2045 1364 oe-
2085 1298 2270 1360 Pnuurslt',

622 1411 789 1504 ruraliter,
810 1429 855 1490 ut
871 1413 1021 1504 dicitur,
1043 1415 1090 1493 ab
1105 1443 1205 1522 equo
1225 1413 1315 1492 dieti
1328 1415 1519 1494 Jolrennisv
1530 1414 1717 1520 impulsus
1736 1413 1884 1506 fnisset,
1899 1434 1936 1494 et
1950 1417 2045 1496 infra
2147 1389 2210 1434 Μ’

620 1570 760 1650 paucos
783 1543 866 1621 dies
882 1562 1013 1652 postam
1036 1545 1275 1639 timuisset,
1301 1573 1514 1653 nossuper
1537 1544 1634 1623 sacto
1661 1545 1879 1653 hujusmodi
1903 1549 2045 1656 atejus

621 1673 933 1767 circonstanciis,
955 1693 995 1754 et
1011 1677 1171 1753 maxime
1189 1675 1231 1753 si·
1243 1675 1366 1754 dictus
1383 1677 1578 1756 lohannes
1592 1693 1673 1752 erat
1686 1677 1804 1755 homo
1824 1677 1926 1756 bone
1947 1675 2045 1755 fame

621 1821 659 1881 et
677 1805 708 1883 si
728 1801 875 1882 dianam
893 1805 930 1884 le
941 1807 1090 1915 Borgne
1108 1807 1203 1885 odio
1220 1806 1399 1897 babebat,
1420 1807 1559 1914 inquiri
1579 1805 1745 1885 lecimus
1755 1808 1951 1886 veritatem
1965 1839 1974 1886 ε
1987 1811 2046 1886 lm

620 1935 888 2042 quemigitur
903 1937 1105 2043 superisne
1123 1937 1233 2025 neu,
1250 1938 1328 2014 vise
1347 1954 1387 2016 et
1400 1927 1837 2046 diligenterexamineta‚
1859 1967 1931 2044 per.
1942 1940 2045 2016 curie

619 2083 745 2144 noso-e
760 2066 964 2174 jndioium,
985 2067 1312 2146 dictusdolrannes
1326 2095 1440 2175 super
1455 2067 1551 2146 lacto
1570 2069 1790 2175 hujusmodi
1808 2067 1883 2147 fuit
1899 2086 2046 2148 senten·

618 2196 763 2272 cialiter
780 2195 986 2275 absolutus.

673 2327 830 2406 veneris
848 2345 937 2406 anae
952 2328 1186 2406 Nativitatem
1206 2331 1396 2420 Domini„

671 2591 829 2668 xxxin.
859 2593 1035 2698 lnquesta
1059 2591 1155 2668 lucta
1176 2617 1246 2697 pro
1268 2590 1476 2670 Bemmdo
1501 2592 1549 2670 de
1571 2592 1817 2680 Patra-Forti,
1838 2587 2040 2700 armigero,

616 2747 731 2825 super
746 2738 912 2798 mercato
932 2730 971 2798 et
988 2719 1277 2800 nundinis=villa
1299 2720 1349 2798 de
1370 2721 1562 2813 Simena,
1583 2720 1747 2798 anullata
1766 2737 1838 2809 est,
1859 2722 1950 2828 quia
1974 2722 2043 2800 do«

616 2851 710 2928 mini
729 2850 903 2929 villarum
921 2851 1147 2939 vicinarum,
1168 2877 1334 2957 quorum
1358 2851 1516 2930 interest
1534 2868 1579 2928 et·
1597 2849 1775 2929 interesse
1795 2866 1938 2955 potest,
1965 2877 2042 2929 non

615 2980 770 3060 fuerunt
790 2981 919 3059 vocati.

656 3095 835 3192 'Sabbato
856 3128 943 3219 post
963 3111 1223 3220 Epiphaniam.

669 3245 721 3322 Μ.
742 3243 867 3321 Droco
886 3242 1100 3348 reportavit.

667 3505 824 3586 XXXIV.
856 3505 957 3584 Cum
985 3522 1068 3583 orta
1095 3501 1282 3582 discordia
1310 3505 1410 3582 inter
1434 3501 1612 3582 Huonem
1640 3503 1690 3582 de
1713 3499 1979 3585 Calvo-Monte
2004 3521 2041 3584 et

610 3637 820 3716 lohannem
840 3635 1002 3745 thrym,
1024 3634 1202 3714 custodes
1221 3634 1475 3712 nundinarum
1496 3634 1707 3741 Campania·
1719 3613 1918 3744 deputatos
1938 3665 1960 3714 a
1979 3665 2041 3716 no·

611 3767 688 3859 his,
711 3785 750 3846 et
768 3784 932 3878 utroque
951 3783 1107 3875 propter
1125 3768 1199 3845 hoc
1217 3767 1266 3844 ab
1285 3765 1411 3845 officio
1430 3765 1603 3872 predicto
1616 3795 1814 3873 suspenso,
1838 3765 1960 3844 metus
1977 3767 2041 3844 Jo-

611 3899 764 3975 hannee·
774 3915 905 3975 contra
923 3896 1137 4005 predictum
1153 3898 1331 3976 Huonem
1349 3896 1495 3974 multos
1515 3923 1690 3974 excessus
1709 3895 1979 4002 proposuisset,
2003 3915 2041 3974 et

610 4029 709 4106 inter
727 4027 799 4106 alia
818 4026 922 4136 quod
941 4029 1051 4106 idem«
1064 4031 1168 4117 Huc,
1189 4028 1289 4108 dicte
1308 4028 1568 4136 suspensionis
1583 4044 1775 4133 tempore,
1791 4024 1897 4103 vadia
1913 4042 2038 4104 nosne

609 4187 653 4236 ec
669 4158 700 4236 si
721 4157 864 4236 dictum
882 4157 1050 4238 offioium
1068 4176 1216 4237 teneret
1234 4175 1444 4267 receperet3
1468 4159 1576 4250 itan,
1597 4158 1711 4264 quod
1722 4158 1809 4264 ipae·
1822 4157 1871 4234 de
1889 4155 2037 4234 emolu-

609 4306 740 4369 mento
761 4289 874 4396 sigilli
897 4289 1082 4366 dinatum
1106 4289 1365 4370 nundinarum
1383 4289 1507 4367 multo
1527 4288 1715 4368 minorem
1740 4315 1855 4396 quam
1874 4287 2037 4394 recepis-

609 4437 667 4498 eat
687 4418 907 4498 reddiderat
923 4420 1189 4526 quantitatem
1208 4421 1319 4510 item,
1341 4419 1448 4528 qnod
1468 4419 1562 4526 ipse,
1585 4436 1715 4498 conara
1731 4418 1905 4498 debitum
1923 4415 2035 4496 offioii

608 4552 690 4643 sni,
710 4550 844 4628 illicite
868 4566 1083 4657 receperat,
1110 4551 1152 4627 in
1177 4551 1356 4658 pecuum,
1382 4551 1571 4661 jocalibus
1597 4567 1637 4628 et
1661 4549 1776 4630 rebus
1796 4548 1899 4638 aliie,
1927 4549 2036 4655 plura

608 4710 767 4760 munera
781 4699 823 4760 et
836 4681 1020 4769 smaltis,
1036 4709 1122 4770 nos,
1143 4709 1259 4788 super
1272 4681 1487 4762 erceanhus
1506 4679 1727 4791 hujusmodi
1749 4699 1791 4759 et
1807 4679 2035 4759 defensioni·

607 4813 679 4891 bns
697 4813 822 4920 ipsius
835 4813 997 4902 lluonis,
1018 4811 1158 4890 vocatis
1171 4813 1358 4920 partibas,
1374 4812 1515 4921 inquiri
1533 4811 1693 4892 fecimus
1708 4811 1928 4890 veritatem:
1949 4810 2034 4891 llisa

607 4945 722 5054 igitur
740 4961 779 5022 et
801 4944 1003 5052 diligenter
1021 4944 1627 5052 examinata-inquestaprediota,
1655 4943 1783 5022 dietus
1796 4944 1882 5020 Huo
1902 4942 2034 5022 inven-
2062 4937 2068 4948 ’

606 5093 670 5154 tue
681 5075 757 5155 tuit
773 5075 973 5185 culpabilis
991 5075 1031 5152 in
1044 5075 1169 5154 tribus
1182 5077 1354 5156 articulis
1368 5076 1612 5184 supradictis,
1630 5093 1669 5153 et
1680 5075 1835 5163 ideireo,
1850 5074 2034 5180 panetaria

606 5224 733 5286 nostre
748 5207 953 5316 judicium,
969 5207 1271 5316 condempnatus
1283 5207 1356 5286 fuit
1369 5209 1420 5286 ad
1432 5205 1671 5286 reddendum
1688 5206 1815 5296 nobis,
1832 5233 1902 5313 pro
1917 5204 2034 5282 vadiis

606 5338 745 5418 nostris
765 5368 841 5446 que
860 5337 960 5416 male
980 5339 1125 5446 recepit
1143 5340 1192 5418 de
1211 5369 1310 5420 anno
1330 5341 1482 5449 integro
1499 5367 1578 5448 quo
1597 5335 1895 5447 euspemrrsrluit
1911 5335 1958 5414 ab
1979 5332 2034 5411 oi

606 5466 693 5545 licio
710 5469 897 5576 predicto,
914 5469 1094 5548 ducentas
1110 5470 1227 5550 libras
1238 5473 1484 5551 ‘turonenses
1496 5471 1817 5560 debilismonete3
1835 5467 1945 5552 inem,
1961 5489 2031 5568 pro
