5817 7292
1040 1089 1302 1200 evocares
1327 1110 1390 1182 nr
1415 1089 1620 1183 raucas
1965 1109 2039 1181 229

627 1249 720 1328 dum
747 1262 883 1326 statuta
909 1265 948 1328 et
971 1250 1229 1329 ordinaciones
1256 1248 1399 1327 domini
1431 1251 1540 1357 Regis
1569 1275 1682 1352 super
1706 1247 1891 1353 burgesiis
1922 1246 2038 1338 sacta,
2079 1259 2208 1314 aarum
2221 1259 2263 1323 Ν.

627 1397 667 1457 et
679 1379 801 1486 quod,
817 1398 986 1486 tempore
1000 1382 1168 1487 predicte
1182 1380 1383 1489 capcionis,
1401 1380 1499 1456 dicta
1514 1379 1669 1455 Luciota
1681 1375 1880 1484 apparebat
1895 1376 2041 1454 infirma
2066 1463 2068 1470 ¹
2139 1351 2202 1394 ”⁰⁷⁸

627 1510 784 1588 cuilibet
796 1510 973 1601 intuenti,
985 1529 1024 1589 et
1042 1512 1110 1588 diu
1129 1511 1239 1588 exivit
1253 1537 1386 1588 eorum
1400 1509 1606 1616 prisionem
1620 1525 1818 1613 antequam
1834 1506 1912 1612 ipsa
1925 1533 2043 1584 moro

626 1646 766 1729 retur¹;
780 1640 883 1730 item,
899 1641 1005 1746 quod
1016 1640 1195 1746 predictis
1205 1640 1385 1718 Henrioto
1401 1640 1620 1727 etLuciota,
1633 1666 1701 1743 per
1714 1637 1834 1714 dictos
1847 1634 2043 1742 religiosos

627 1769 715 1846 alias
736 1769 869 1877 captis,
890 1771 1038 1848 racione
1055 1770 1333 1877 burgesiarum,
1356 1787 1394 1846 et
1406 1799 1476 1875 per
1489 1769 1670 1847 ballivum
1685 1765 1958 1855 Calvi-Montis,
1978 1766 2043 1871 qui

626 1917 705 1976 erat
719 1927 789 2005 pro
802 1917 989 2006 tempore,
1007 1901 1229 1980 edictorum
1245 1899 1508 2008 religiosorum
1522 1899 1686 2004 prisione
1703 1896 1888 1984 extractis,
1903 1892 1973 1999 ipsi
1990 1919 2044 1968 re-

626 2027 748 2137 ligiosi
763 2029 933 2116 luerunt,
950 2057 1036 2106 cum
1054 2056 1164 2108 cause
1177 2029 1411 2137 cognicione,
1428 2057 1497 2134 per
1518 2028 1659 2105 dictum
1678 2027 1857 2105 ballivum
1874 2025 1921 2101 de
1937 2022 2045 2100 dictis

626 2158 806 2235 Henrioto
825 2177 865 2234 et
881 2158 1037 2235 Luciota
1056 2158 1245 2235 restituti:
1266 2159 1353 2236 Visa
1376 2159 1549 2264 inquesta
1567 2185 1680 2263 super
1698 2157 1772 2234 hoc
1799 2158 1846 2233 de
1867 2153 2043 2232 niandato

626 2303 836 2365 nostrarum
859 2287 1032 2394 gencium
1057 2287 1138 2364 dies
1161 2288 1363 2393 Campanie
1389 2289 1605 2364 tenencium
1630 2287 1742 2380 sacta,
1769 2304 1808 2364 et
1832 2286 1879 2364 ad
1902 2284 2046 2362 curiam
2178 2321 2182 2327 ·

626 2433 808 2509 nostram,
831 2416 879 2492 de
899 2444 1081 2493 consensu
1102 2417 1287 2522 parcium,
1310 2433 1509 2524 asportata,
1531 2418 1620 2525 quia
1640 2419 1833 2494 inventurn
1854 2434 1909 2493 est
1929 2415 2046 2492 dictos

626 2545 837 2653 religiosos,
854 2546 959 2652 juxta
974 2562 1110 2622 statuta
1129 2562 1167 2622 et
1184 2545 1446 2623 ordinaciones
1468 2547 1609 2623 domini
1630 2547 1755 2651 Regis,
1770 2547 1871 2652 juste
1890 2562 1929 2621 ct
1945 2543 2045 2621 licite

626 2674 818 2779 predictos
831 2675 1093 2765 incarcerasse,
1112 2703 1154 2750 ac
1170 2674 1308 2751 dictam
1325 2675 1537 2762 Luciotam,
1557 2673 1707 2779 quando
1723 2675 1800 2780 ipsa
1816 2674 1958 2751 dictum
1975 2701 2046 2749 car·

627 2831 751 2881 cerem
765 2804 928 2893 intravit,
944 2801 1058 2880 fausse
1079 2801 1266 2879 infirmam
1281 2819 1320 2878 et
1334 2803 1402 2878 diu
1418 2804 1548 2879 vixisse
1563 2819 1760 2908 postquam
1775 2789 1885 2880 exivit
1898 2802 2046 2908 predic-

626 2951 709 3012 tum
718 2959 921 3020 carcerem,
931 2957 1001 3037 per
1011 2932 1115 3011 curie
1125 2948 1251 3009 nostre
1258 2931 1464 3038 judicium,
1479 2931 1569 3008 dicti
1579 2930 1743 3036 religiosi
1755 2948 1792 3008 et
1802 2959 1934 3008 eorum
1945 2930 2046 3007 curia

628 3061 805 3142 secularis
819 3060 866 3138 ab
884 3061 1122 3167 impeticioue
1142 3060 1309 3168 predicta
1329 3060 1516 3139 dictomm
1535 3061 1705 3138 Henrioti
1721 3047 1948 3140 eiJohannis
1962 3087 2047 3139 sen-

628 3191 838 3272 tencialiter
851 3191 1014 3268 absoluti
1031 3188 1195 3269 fuerunt.
1295 3187 1299 3194 ’

685 3320 862 3400 Mercurii
876 3319 1056 3425 predicta.

684 3450 809 3530 Monoi
821 3448 1034 3556 reportavit.

684 3711 744 3791 lx.
775 3713 949 3819 lnquesta
960 3708 1052 3790 lacta
1066 3741 1182 3820 super
1190 3711 1383 3791 violenciis
1397 3729 1436 3790 et
1449 3713 1596 3822 injuriis
1607 3715 1735 3806 illatis,
1747 3731 1789 3792 ut
1802 3712 1951 3803 dicitur,
1969 3739 2046 3791 mo-

630 3842 758 3918 nachis
773 3842 1070 3921 Sancti-Richarii
1091 3861 1275 3921 eteorum
1290 3842 1467 3950 gentibus
1480 3873 1548 3950 per
1559 3845 1740 3951 quosdam
1754 3843 1928 3921 homines
1946 3843 2045 3919 dicte

607 3969 734 4062 ville,
756 3986 909 4077 propter
927 3971 1070 4049 multos
1089 3971 1259 4048 desectus
1275 3970 1421 4049 ibidem
1440 3991 1625 4077 repertoS,
1648 3990 1704 4050 est
1727 3970 1941 4049 reficienda.

685 4099 861 4177 Mercurii
880 4100 1058 4204 predicta.

686 4227 811 4307 Monoi
831 4228 1043 4333 reportavit.

686 4357 861 4463 lnquesta
876 4374 933 4433 est
951 4359 990 4433 in
1006 4384 1111 4435 sacco
1123 4358 1370 4465 reliquiarum
1390 4355 1504 4467 hujus
1518 4358 1751 4464 parlamenti.

685 4617 730 4693 X.
761 4615 859 4695 Cum
878 4615 1078 4694 domicella
1088 4616 1168 4693 Ada
1179 4617 1227 4694 de
1240 4617 1391 4695 Kaisnel
1407 4618 1517 4696 nobis
1533 4619 1776 4728 significasset
1791 4619 1896 4726 quod
1904 4619 2044 4698 Johan-
2140 4677 2143 4684 ·

631 4771 698 4824 nes
718 4742 765 4820 de
783 4744 1000 4852 Voyssiaco,
1016 4744 1142 4834 miles,
1155 4763 1248 4824 tunc
1260 4745 1421 4824 ballivus
1431 4747 1754 4836 viromandensis,
1769 4749 1887 4855 ipsam
1903 4751 1950 4827 de
1965 4779 2050 4858 pos·

630 4872 796 4949 sessione
812 4889 966 4950 centum
981 4890 1018 4951 et
1026 4890 1189 4980 quatuor
1198 4875 1378 4983 jugerum
1392 4893 1511 4968 terre,
1527 4876 1574 4953 de
1593 4876 1707 4955 feodo
1718 4878 1899 4956 lobannis
1914 4878 1962 4956 de
1978 4879 2050 4959 Vil-

631 4998 788 5094 laribus,
804 5000 996 5108 armigeri,
1012 5005 1267 5093 morencium,
1285 5004 1470 5084 violenter
1480 5025 1518 5083 et
1527 5006 1664 5113 injuste
1681 5008 1839 5115 ejecerat
1854 5009 2046 5086 occasione

632 5129 823 5235 cujusdam
837 5130 997 5237 judicati
1016 5159 1132 5240 super
1150 5135 1224 5212 boc
1242 5152 1374 5214 contra
1392 5135 1527 5241 ipsam,
1549 5153 1592 5213 ut
1615 5137 1764 5228 dicitur,
1787 5167 1856 5245 per
1875 5139 2049 5218 homines

631 5258 995 5338 Montis-Desiderii
1017 5289 1087 5368 pro
1114 5263 1243 5343 Coleta
1266 5265 1494 5345 Germainne
1519 5265 1625 5358 sacti,
1643 5268 1798 5376 ipsaque
1822 5283 2050 5375 proponeret

674 5433 683 5467 ¹
706 5437 785 5500 biset
800 5455 955 5504 monrctnr.
