5817 7292
872 1083 946 1157 tro
1456 1084 1546 1157 aas
1576 1065 1714 1157 orm.
1781 1078 1786 1081 ·

648 1224 777 1293 ranam
791 1240 834 1302 tv,
871 1244 1154 1336 procuratorem
1173 1229 1214 1305 in
1233 1226 1402 1334 expensis
1421 1225 1496 1304 litis
1515 1225 1853 1331 condempnando;
1869 1254 1890 1303 a
1905 1254 1981 1335 qua
1995 1231 2198 1320 sentencia,
2217 1248 2299 1310 tan·

707 1330 771 1375 ¹³⁰²
871 1388 985 1467 quam
1003 1360 1148 1468 iniqua,
1168 1359 1241 1437 suit
1259 1359 1391 1437 iterato
1408 1387 1478 1464 por
1494 1338 1638 1437 dictuiir
1653 1374 1963 1465 procuratorem,
1975 1362 2129 1441 nomine
2144 1390 2219 1469 quo
2234 1382 2298 1441 s'u-

869 1520 951 1597 pra,
973 1490 1020 1569 ad
1041 1509 1206 1571 nostram
1224 1491 1366 1587 curiam
1381 1490 1611 1597 appellatum
1626 1520 1635 1563 ε
1650 1488 1747 1568 Visis
1767 1488 1882 1597 igitur
1897 1492 1989 1570 actis
2008 1510 2047 1571 et
2061 1493 2299 1602 processibus

868 1624 1065 1731 utriusque
1088 1650 1214 1711 cause,
1234 1622 1452 1728 meritisque
1478 1620 1663 1698 dictarum
1683 1649 1878 1699 causarum
1903 1623 2105 1732 diligenter
2127 1626 2296 1714 attentis,

866 1782 935 1860 per
947 1756 1050 1833 curie
1063 1772 1187 1832 nostre
1198 1751 1388 1861 judicium
1410 1751 1555 1828 dictum
1574 1749 1646 1828 luit
1660 1768 1698 1829 et
1714 1754 2007 1860 pronunciatum
2022 1754 2165 1833 dictum
2178 1783 2299 1835 senes·

868 1885 1005 1963 callum
1025 1887 1123 1965 bene
1142 1882 1427 1993 pronunciasse,
1447 1900 1485 1959 et
1501 1881 1645 1961 dictum
1660 1901 1943 1991 procuratorem
1959 1887 2056 1964 male
2073 1884 2294 1993 appellasse,

867 2034 904 2095 et
920 2017 1025 2125 quod
1040 2018 1137 2097 dicta
1152 2014 1341 2095 sentencia
1361 2012 1603 2091 mandabitur
1619 2015 1847 2092 exeeucioni.

923 2147 1054 2227 Martis
1071 2164 1157 2256 post
1178 2145 1442 2225 Reminiscere.

924 2280 975 2357 M.
996 2280 1027 2357 J.
1054 2280 1100 2357 de
1121 2278 1257 2355 Landri
1279 2276 1492 2395 reportarit,

926 2544 1050 2620 XLlX.
1081 2544 1178 2621 Cum
1199 2542 1362 2649 quedam
1385 2540 1651 2648 appellacionis
1673 2570 1799 2631 causa,
1823 2570 1889 2649 per
1905 2558 2185 2648 procuratorem
2205 2543 2295 2621 reli-

868 2674 962 2783 giosi
976 2674 1059 2763 viri,
1077 2673 1220 2751 abbatis
1238 2672 1535 2762 Tarracinensis,
1553 2673 1709 2751 nomine
1729 2674 1986 2779 procuratorio
2004 2673 2135 2781 ipsius,
2161 2673 2207 2750 ab
2230 2703 2296 2751 au·

870 2803 1015 2882 diencia
1031 2803 1222 2881 senescalli
1240 2802 1359 2881 nostri
1380 2803 1693 2913 Petragorieensis
1712 2803 1761 2881 ad
1782 2819 1951 2883 nostram
1971 2806 2114 2883 curiam
2132 2804 2298 2913 interpo-

869 2935 956 3027 site,
971 2964 1083 3042 super
1093 2933 1320 3043 quibusdam
1329 2936 1621 3044 gravaminibus,
1634 2936 1910 3015 adinstanciam
1921 2936 2093 3017 Gaulridi
2104 2936 2152 3014 de
2162 2937 2295 3026 Ponte,

870 3066 995 3145 eidem
1015 3065 1140 3151 abbati
1161 3084 1198 3145 et
1212 3067 1431 3145 bominibus
1445 3068 1539 3158 suis,
1562 3097 1631 3176 per
1647 3068 1849 3175 qnamdam
1867 3068 2149 3148 ordinacionem
2162 3068 2298 3175 prelati

870 3198 1062 3277 senescalli
1079 3198 1215 3287 nostri,
1231 3199 1278 3276 de
1295 3198 1521 3306 quibusdam
1540 3200 1777 3308 pignoribus,
1795 3199 1842 3278 ab
1855 3199 2076 3279 hominibus
2093 3199 2182 3277 dicti
2199 3197 2298 3277 Gau-

869 3328 974 3417 iridi,
993 3357 1061 3435 per
1070 3329 1255 3435 quosdam
1271 3330 1474 3408 servientes
1488 3348 1651 3421 nostros,
1669 3330 1716 3408 ad
1730 3331 1950 3411 instanciam
1966 3330 2106 3409 abbatis
2118 3328 2293 3436 predicti,

871 3460 1000 3566 captis,
1030 3458 1173 3537 eisdem
1199 3459 1417 3541 bominibus
1438 3461 1697 3552 restituendis,
1717 3479 1762 3547 ut
1782 3461 1929 3539 dicebat
1945 3461 2046 3538 idem
2062 3477 2292 3566 procurator,

869 3590 999 3680 illatis,
1020 3619 1087 3696 per
1103 3620 1171 3669 nos
1188 3594 1384 3670 commissa
1404 3591 1536 3675 luisset
1550 3593 1727 3701 magistro
1742 3590 1905 3673 Geraldo
1929 3591 1977 3668 de
1996 3591 2201 3678 Sabanaco,
2221 3588 2296 3666 cle-

869 3723 947 3801 rico
967 3737 1112 3811 nostre,
1136 3722 1325 3801 audienda
1341 3741 1379 3802 et
1392 3724 1652 3817 terminanda,
1674 3724 1863 3831 fueritque
1882 3724 1984 3801 dicta
2001 3750 2110 3799 causa
2127 3749 2194 3831 per
2211 3750 2296 3827 pre

868 3854 985 3933 fatum
1004 3855 1223 3963 magistrum
1240 3854 1466 3944 Geraldum,
1486 3856 1711 3962 quibusdam
1727 3874 1855 3933 tamen
1870 3855 2032 3962 partium
2046 3853 2297 3962 predictarum

870 4014 993 4062 coram
1014 4012 1060 4063 eo
1084 3984 1376 4094 allegacionibus
1399 3985 1556 4075 auditis,
1580 3986 1758 4095 magistro
1782 3987 1893 4063 Petro
1916 3983 2161 4094 Teysenderii
2184 3980 2295 4059 simili

869 4114 985 4193 modo
1008 4116 1221 4206 commissa,
1243 4118 1421 4225 magister
1436 4119 1570 4195 Petrus
1584 4116 1793 4225 predictus,
1817 4117 1968 4225 cognito
1990 4116 2157 4193 dedicta
2171 4141 2293 4201 causa,

870 4246 1127 4351 pronunciavit
1146 4247 1440 4356 appellacionem
1459 4248 1549 4326 dicti
1566 4248 1710 4327 abbatis
1726 4274 1806 4326 esse
1821 4248 2016 4358 injustam,
2036 4247 2181 4324 dictum
2197 4245 2298 4325 Gau-

867 4375 1007 4454 fridum
1030 4398 1066 4457 et
1083 4380 1167 4488 ejus
1185 4396 1468 4487 procuratorem
1481 4408 1508 4479 ⁸a
1525 4380 1714 4487 peticione
1733 4379 1822 4457 dicti
1842 4379 2121 4485 abbatissuper
2140 4378 2213 4458 hoc
2235 4374 2296 4453 ab·

868 4506 1063 4598 solvendo,
1092 4509 1312 4618 dictumque
1332 4511 1505 4589 abbatem
1524 4528 1562 4588 et
1576 4527 1858 4619 procuratorem
1881 4538 2012 4600 suurn,
2035 4510 2190 4588 nomine
2214 4537 2297 4617 pro·

869 4639 1055 4719 curatorio
1082 4640 1213 4748 ipsius,
1233 4642 1273 4718 in
1298 4641 1376 4720 litis
1402 4643 1573 4749 expensis
1596 4642 1932 4750 condempnando,
1954 4671 1975 4719 a
1994 4672 2069 4749 qua
2090 4639 2291 4726 sentencia,

869 4786 1046 4877 tanquam
1063 4772 1206 4880 iniqua,
1226 4772 1311 4862 fuit,
1330 4802 1400 4881 per
1417 4775 1560 4853 dictum
1579 4792 1877 4881 procuratorem,
1896 4774 2141 4881 nomineque
2165 4798 2291 4877 supra,

868 4900 1001 4979 iterato
1012 4902 1063 4979 ad
1076 4921 1240 4983 nostram
1253 4906 1394 4983 curiam
1409 4906 1639 5015 appellatum
1653 4938 1661 4983 ε
1674 4906 1770 4985 Visis
1782 4907 1897 5015 igitur
1909 4907 1998 4985 actis
2010 4923 2049 4984 et
2061 4900 2297 5014 processibus

869 5033 1064 5141 utriusque
1085 5036 1217 5142 partis,
1241 5037 1460 5146 meritisque
1481 5039 1667 5118 dictarum
1689 5066 1885 5117 causarum
1905 5037 2107 5148 diligenter
2128 5034 2292 5120 attentis,

867 5192 935 5270 per
953 5166 1056 5243 curie
1077 5184 1203 5247 nostre
1218 5168 1409 5276 judicium
1433 5170 1578 5254 dictum
1597 5169 1672 5248 tuit
1691 5188 1728 5248 et
1746 5169 2036 5277 pronunciatum
2055 5168 2199 5245 dictum
2219 5192 2296 5245 ma-

866 5293 1025 5401 gistrum
1052 5296 1203 5373 Petrum
1229 5297 1326 5375 male
1348 5299 1555 5407 judicasse,
1584 5320 1625 5383 ‚et
1655 5300 1868 5408 predictum
1899 5316 2180 5408 procuratorem
2198 5292 2293 5396 dicti

867 5424 1115 5506 abbatisbene
1129 5428 1350 5535 appellasse,
1370 5448 1407 5508 et
1422 5433 1527 5539 quod
1545 5432 1642 5510 dicta
1661 5432 1850 5511 sentencia
1870 5460 1946 5509 non
1961 5427 2202 5508 mandabitur
2215 5452 2295 5504 erre·
