5817 7292
828 1117 831 1131 '
866 1151 941 1223 ooo
1385 1176 1387 1179 ·
1444 1147 1536 1221 ars
1566 1145 1707 1220 orm.

639 1302 769 1356 suanae
781 1302 825 1361 tv,
865 1290 963 1368 dicta
978 1290 1167 1397 inquesta,
1185 1291 1261 1368 visa
1275 1308 1314 1367 et
1328 1289 1530 1398 diligenter
1547 1289 1769 1376 examinata,
1787 1303 1944 1392 propter
1961 1287 2103 1366 multos
2121 1289 2288 1372 desectus

701 1392 763 1434 ”ii
865 1422 1008 1498 ibidem
1021 1438 1206 1528 repertos,
1218 1451 1287 1528 per
1302 1423 1404 1499 curie
1422 1439 1550 1499 nostre
1559 1421 1761 1529 judicium,
1775 1418 1897 1495 extitit
1908 1419 2091 1510 anullata,
2107 1438 2144 1498 et
2156 1421 2287 1502 iterato

867 1553 944 1631 fiet.

922 1684 1078 1787 Veneris
1096 1701 1182 1790 post
1196 1683 1429 1760 Brandones.

916 1814 1326 1920 Bocellusseportavit.

876 2126 880 2147 ·
922 2080 1011 2155 ΧΗ.
1044 2078 1180 2156 Coram
1193 2078 1331 2156 ballivo
1348 2077 1610 2157 Matisoouensi
1626 2077 1828 2165 berardus,
1841 2076 2017 2154 dominus
2033 2077 2081 2154 de
2093 2079 2286 2188 Salornoy‚

867 2239 953 2287 cum
971 2209 1190 2286 auctoritate
1209 2208 1389 2286 curatoris
1408 2209 1484 2301 sui,
1507 2223 1636 2285 contra
1654 2225 1938 2313 procuratorem
1959 2225 2130 2285 nostrum
2151 2210 2189 2284 in
2210 2209 2289 2286 bal-

867 2340 952 2418 livia
971 2340 1138 2446 predicta
1159 2357 1197 2417 ct
1214 2358 1494 2447 procuratorem
1515 2338 1680 2446 episcopi
1700 2339 2002 2429 Matisconeusis‚
2019 2338 2190 2416 libellum
2208 2340 2289 2417 edi-

868 2471 941 2560 dit,
957 2481 1105 2577 p'etens,
1122 2473 1324 2577 quamdam
1342 2470 1585 2558 sentenciam,
1600 2445 1672 2575 ¹pro
1694 2469 1803 2548 dictis
1822 2468 2142 2576 procuratoribus,
2161 2487 2288 2548 contra

868 2602 1291 2690 eundcmB.,minorem
1301 2603 1407 2679 annis
1417 2602 1545 2709 viginti
1553 2601 1740 2707 quinque,
1753 2601 1838 2678 etin
1848 2599 2115 2688 defensum,ut
2124 2600 2286 2689 dicebat,

868 2732 979 2809 latam
998 2733 1038 2808 in
1058 2732 1235 2838 petitorio
1253 2754 1290 2811 et
1304 2733 1552 2838 possessorio,
1568 2732 1711 2809 nullam
1728 2761 1807 2810 esse
1825 2730 2084 2838 pronunciari3
2105 2731 2290 2838 dictisque

866 2863 1170 2967 procuratoribus
1186 2864 1314 2970 plures
1331 2865 1500 2942 raciones
1515 2865 1816 2971 proponentibus
1833 2883 1986 2971 propter
2005 2894 2098 2972 quas
2119 2863 2292 2942 dicebant

866 3023 906 3070 se
923 3023 1001 3072 non
1014 2995 1135 3072 teneri
1150 2997 1379 3101 respondere
1397 2995 1528 3073 libello
1544 2996 1735 3101 predicto,
1753 2997 1877 3073 dictus
1891 2995 2051 3074 ballivus
2065 2995 2291 3102 pronuncia-

868 3126 936 3210 vit,
957 3154 1025 3230 per
1041 3153 1148 3202 suam
1161 3126 1503 3234 interloqutoriam,
1522 3154 1599 3204 non
1615 3127 1851 3204 obstantibus
1866 3126 2043 3233 predictis
2060 3124 2288 3216 nacionibus,

869 3255 989 3332 dictos
1008 3272 1267 3360 procuratores
1295 3257 1433 3335 debere
1460 3258 1688 3363 respondere
1713 3257 1844 3334 libello
1864 3257 2052 3361 predict03
2073 3284 2094 3331 a
2113 3283 2188 3361 qua
2206 3281 2291 3360 pro·

869 3385 1115 3462 nunciacione
1134 3385 1223 3462 dicti
1241 3403 1502 3494 procuratores
1517 3389 1562 3465 ad
1580 3405 1744 3466 nostram
1763 3386 1903 3464 curiam
1919 3385 2178 3492 appellarunt:
2194 3385 2290 3464 Visis

868 3516 984 3622 igitur
1003 3515 1181 3595 omnibus
1201 3518 1397 3596 hincinde
1417 3520 1636 3626 propositis,
1652 3547 1720 3625 per
1737 3517 1838 3594 curie
1855 3533 1979 3595 nostre
1995 3515 2197 3624 judicium,
2217 3515 2290 3592 dic·

868 3663 951 3723 tum
975 3645 1048 3722 fuit
1066 3643 1210 3724 dictum
1229 3648 1408 3726 ballivum
1427 3649 1525 3728 bene
1545 3649 1810 3757 pronunciasse
1831 3666 1868 3726 et
1889 3647 2008 3724 dictos
2026 3663 2288 3752 procuratores

868 3778 966 3857 male
986 3778 1200 3884 appellasse.

923 3910 1081 3989 Veneris
1100 3912 1278 4016 predicta.

923 4040 1028 4118 Greci
1049 4043 1261 4148 reportavit.

924 4306 1032 4382 XLll.
1064 4305 1160 4384 Cum
1179 4324 1282 4385 mota
1301 4308 1434 4386 luisset
1453 4308 1638 4387 discordia
1654 4337 1778 4385 coram
1798 4306 1933 4385 ballivo
1955 4305 2163 4384 Senouensi
2181 4306 2218 4380 in
2235 4331 2290 4380 as-

869 4436 954 4513 sisia
966 4436 1320 4546 VilleNove-Regis,
1342 4441 1442 4517 inter
1461 4441 1636 4520 abbatem
1658 4456 1695 4516 et
1715 4455 1940 4516 conventum
1961 4434 2290 4514 Sancti-Michaelis

870 4566 916 4642 de
929 4566 1198 4657 Thornodoro,
1214 4598 1258 4645 ex
1271 4599 1346 4645 una
1361 4589 1483 4677 parte,
1501 4588 1540 4648 et
1555 4570 1780 4648 comitissam
1794 4568 2139 4648 Autisiodorensem
2154 4584 2191 4642 et
2203 4567 2291 4642 Tor·

869 4697 1137 4805 nodorenscm,
1158 4716 1234 4775 tarn
1253 4702 1405 4778 nomine
1426 4732 1495 4781 suo
1516 4733 1629 4811 quam
1652 4702 1805 4780 nomine
1824 4700 2032 4778 liberorum
2052 4725 2222 4818 suorum,
2246 4723 2289 4771 ex

869 4826 1000 4917 altera,
1022 4857 1199 4934 supereo
1225 4835 1329 4937 quod
1350 4834 1440 4911 dicti
1465 4833 1627 4942 religiosi
1655 4833 1915 4940 proponebant
1935 4830 2038 4937 quod
2057 4829 2155 4906 dicta
2174 4826 2289 4904 comi-

868 4959 956 5034 tissa
984 4974 1022 5035 et
1046 4977 1176 5065 gentes
1196 4991 1270 5039 sue
1294 4963 1441 5041 fuerant
1459 4965 1499 5041 in
1520 4981 1623 5042 tanto
1650 4963 1798 5041 delectu
1819 4961 1978 5038 faciendi
1999 4959 2070 5037 sibi
2087 4959 2150 5068 jus
2178 4985 2290 5063 super

868 5087 1042 5193 pluribus
1064 5092 1184 5167 causis
1207 5110 1244 5168 et
1263 5095 1537 5201 gravaminibus
1555 5125 1680 5174 coram
1698 5095 1787 5201 ipsis
1807 5091 2008 5200 propositis
2033 5089 2155 5198 quod,
2178 5115 2291 5194 super

868 5220 1062 5326 predictis,
1075 5222 1262 5329 judicium
1277 5243 1356 5302 erat
1371 5226 1588 5307 devolutum
1604 5229 1652 5304 ad
1669 5227 1812 5304 dictum
1826 5223 2022 5314 ballivum,
2036 5241 2226 5328 tamquam
2241 5217 2288 5294 ad

868 5353 1120 5457 superiorem,
1139 5384 1253 5462 quare
1266 5357 1446 5463 petebant
1460 5359 1699 5467 pronunciari
1717 5359 1854 5435 dictam
1870 5357 2095 5434 comitissam
2109 5369 2146 5428 et
2157 5366 2289 5458 gentes

869 5510 954 5560 suas
976 5483 1089 5562 fuisse
1115 5485 1153 5563 in
1174 5487 1322 5569 delectu
1345 5490 1534 5594 predicto,
1557 5509 1594 5565 et
1613 5491 1717 5595 quod
1737 5513 1844 5566 cause
1864 5488 2031 5594 predicte
2052 5488 2290 5561 remanerent
