5817 7292
1041 1095 1312 1202 auoutrrs
1337 1114 1402 1185 ar
1428 1095 1638 1189 ruocts
1982 1123 2050 1194 127

627 1256 708 1348 tris,
728 1255 915 1336 sancionis
936 1255 1073 1348 nostri,
1099 1283 1142 1332 ac
1160 1254 1327 1361 magistri
1347 1255 1604 1362 garnisiouum
1625 1273 1838 1335 nostrarum
1857 1288 1925 1366 per
1944 1289 2053 1338 eum·
2091 1275 2221 1332 Partim
2235 1278 2279 1334 ιν.

627 1390 716 1467 dem
735 1387 873 1466 ballivo
893 1385 1160 1466 silvanectensi
1182 1385 1338 1477 directa,
1361 1404 1400 1464 et
1418 1387 1635 1465 continente
1651 1388 1757 1495 quod
1772 1388 1852 1495 ipse
1866 1392 2052 1496 porcellos
2155 1371 2217 1411 '³⁰⁸‘

628 1537 776 1598 nostros
794 1519 835 1595 in
855 1518 955 1597 dicta
972 1517 1144 1624 paissona
1157 1535 1250 1596 tunc
1269 1517 1359 1624 poni
1379 1517 1533 1610 laceret,
1555 1546 1633 1595 non
1655 1518 1824 1596 obstante
1845 1523 1947 1626 quod
1970 1551 2052 1600 earn

626 1650 872 1737 vendidisset,
895 1667 934 1728 et
953 1649 1057 1756 quod
1071 1650 1151 1755 ipse
1170 1648 1393 1738 Gaulridus,
1415 1649 1626 1727 secundum
1645 1678 1849 1728 numerum
1865 1652 2053 1732 dictorum

626 1809 847 1888 porcorum,
878 1779 1086 1886 computari
1106 1778 1246 1856 faceret
1270 1780 1432 1885 emptori
1449 1808 1631 1888 payssone
1654 1780 1838 1887 predicte,
1860 1812 1929 1888 per
1949 1785 2051 1862 curie

541 1983 545 1990 .
627 1931 753 1991 nostre
775 1911 982 2020 judicium,
1009 1911 1151 1988 dictum
1176 1910 1249 1988 fuit
1272 1911 1378 2018 quod
1402 1939 1473 1988 nos
1497 1912 1623 1989 eidem
1646 1913 1830 2002 Roberto,
1851 1942 1922 2020 pro
1944 1914 2053 1994 dictis

627 2045 799 2149 dampnis
817 2042 912 2134 suis,
934 2059 1088 2120 centum
1109 2059 1148 2118 et
1165 2041 1354 2149 octoginta
1371 2040 1487 2120 libras
1505 2043 1729 2124 Parisienses
1748 2045 1965 2123 reddemus.

682 2175 783 2252 Iovis
801 2189 887 2280 post
907 2172 1056 2250 octabas
1073 2172 1298 2279 Epiphania.

680 2309 712 2383 t.
734 2305 782 2382 de
802 2303 1055 2414 Montigniaco
1073 2303 1163 2382 lecit
1182 2332 1265 2382 eam
1280 2303 1456 2412 judicari,
1479 2321 1517 2384 et
1534 2301 1608 2386 suit
1626 2336 1792 2414 presens.

680 2569 807 2647 XVIII.
837 2567 936 2646 Cum
954 2568 1055 2646 inter
1073 2567 1281 2674 Symonem
1300 2567 1412 2645 Pomt
1429 2585 1469 2646 et
1486 2569 1567 2676 ejus
1584 2597 1760 2656 uxorem,
1780 2597 1822 2646 ac
1840 2569 2050 2648 Iohannem

625 2697 754 2777 Floret
782 2717 820 2776 et
847 2700 1002 2777 Mariam
1027 2699 1111 2806 ejus
1136 2726 1324 2789 sororem,
1359 2697 1501 2775 liberos
1533 2698 1700 2776 defuncti
1727 2700 1876 2777 Martini
1904 2701 2049 2788 Floret,

624 2845 804 2936 tanquam
822 2829 1121 2936 garandisatores
1139 2827 1230 2906 dicti
1249 2828 1442 2934 Symonis,
1465 2855 1509 2906 ex
1529 2855 1603 2906 una
1620 2845 1742 2935 parte,
1765 2845 1804 2904 et
1827 2828 2049 2907 Michaelem

625 2960 819 3038 'lire-Lire
843 2975 882 3038 et
905 2959 985 3067 ejus
1001 2987 1178 3048 uxorem,
1200 2957 1394 3046 exaltem,
1417 2973 1499 3036 orta
1518 2957 1652 3036 luisset
1669 2957 1824 3036 materia
1842 2959 2051 3065 questionis

625 3119 739 3196 super
747 3091 834 3198 jure
848 3089 1088 3197 proprietatis
1103 3106 1142 3166 et
1160 3089 1322 3166 dominii
1339 3090 1536 3196 cujusdam
1554 3088 1707 3179 domus,
1726 3089 1796 3168 site
1813 3089 1991 3181 Parisios,
2010 3090 2049 3167 in

624 3220 843 3327 Campellis,
868 3249 1005 3328 propre
1029 3219 1191 3312 lentem,
1217 3220 1319 3297 inter
1338 3220 1497 3298 domum
1521 3220 1715 3326 qarondam
1740 3219 1893 3298 Roberti
1915 3221 2051 3300 Sacbe-

623 3353 760 3458 Espee,
778 3380 822 3428 ex
835 3380 910 3429 una
923 3367 1043 3458 parte,
1060 3367 1099 3427 et
1113 3349 1273 3428 domum
1288 3348 1482 3456 qnondam
1502 3348 1656 3427 Roberti
1675 3347 1922 3454 Carpentarii,
1939 3379 1983 3428 ex
1999 3351 2052 3427 al-

623 3498 719 3570 tera,
741 3482 849 3589 cnjus
867 3482 1004 3560 domus
1022 3481 1157 3558 saisina
1175 3478 1287 3557 dictis
1310 3478 1485 3558 Michaeli
1513 3493 1551 3558 et
1575 3478 1656 3588 ejus
1681 3479 1788 3558 uxori
1814 3507 1883 3585 per
1908 3481 2049 3558 curiam

624 3612 814 3690 Castelleti
833 3611 1049 3691 Parisiensis
1066 3639 1190 3718 nuper
1207 3609 1331 3688 luerat
1350 3609 1584 3718 adjudicata,
1606 3609 1774 3718 dictique
1789 3611 1946 3716 Symon,
1970 3613 2051 3720 ejus

625 3771 719 3820 uxor
745 3760 784 3820 et
807 3742 918 3820 liberi
942 3741 1164 3848 supradicti,
1194 3760 1448 3848 proponentes
1466 3741 1530 3849 jus
1564 3741 1802 3848 proprietatis
1827 3755 1865 3816 et
1889 3742 2048 3821 dominii

626 3873 723 3947 dicte
756 3871 893 3949 domus
921 3873 969 3949 ad
998 3872 1211 3978 predictum
1242 3871 1446 3978 Symonem
1474 3873 1681 3979 pertinere,
1704 3885 1881 3978 peterent
1910 3867 2047 3946 dictam

625 4001 782 4077 domum
808 4001 932 4078 eidem
958 4001 1115 4108 Syntoni
1141 4001 1364 4108 adjudicari,
1389 4018 1429 4079 et
1449 4001 1641 4107 predictos
1666 3997 1889 4078 Michaelem
1911 4017 1949 4077 et
1967 4001 2049 4108 ejus

625 4159 780 4209 uxorem
810 4132 858 4208 ad
887 4131 1157 4209 dimittendum
1183 4148 1223 4208 et
1250 4129 1542 4210 deliberandum
1571 4129 1696 4208 eidem
1726 4129 1883 4236 Symoni
1910 4131 2047 4208 dietam

626 4262 785 4338 domum
808 4260 1084 4340 sentencialiter
1108 4260 1395 4370 condempnari,
1417 4277 1457 4338 et
1476 4287 1519 4338 er
1538 4261 1692 4339 adverso
1717 4259 1807 4337 dicti
1831 4259 1991 4340 Michael
2011 4279 2050 4338 et

626 4393 707 4499 ejus
726 4416 820 4469 uxor
836 4407 1094 4498 proponentes
1113 4392 1162 4468 ad
1180 4391 1301 4498 ipsos,
1322 4418 1400 4468 non
1419 4391 1469 4468 ad
1490 4389 1631 4468 dictum
1653 4392 1874 4499 Symonern,
1888 4390 1953 4498 jus
1967 4419 2049 4496 pro

624 4520 793 4628 prietatis
811 4538 851 4599 et
868 4520 1030 4599 dominii
1049 4520 1186 4597 domus
1204 4521 1426 4630 hujusmodi
1444 4523 1651 4629 pertinere,
1667 4538 1841 4629 peterent
1854 4549 1893 4599 se
1908 4519 2046 4600 absolvi

624 4651 843 4759 apredictis
866 4668 996 4730 contra
1021 4679 1062 4728 se
1087 4651 1230 4758 petitis,
1257 4670 1296 4731 et
1318 4653 1390 4732 sibi
1408 4651 1615 4761 adjudicari
1639 4651 1797 4730 domurn
1818 4651 2045 4760 predictam:

624 4782 811 4872 Tandem,
837 4784 906 4861 lite
933 4781 1147 4890 superbiis
1176 4783 1361 4892 legittime
1389 4798 1610 4872 contestata,
1636 4781 1849 4890 auditisque
1878 4785 2046 4891 parcium

624 4912 838 4992 melonibus
856 4912 944 4992 binc
967 4931 1007 4992 et
1024 4913 1131 5005 inde,
1152 4913 1314 5020 visisque
1333 4914 1470 4993 litteris
1489 4930 1527 4992 et
1546 4913 1725 5021 judicatis
1752 4943 1866 5020 super
1885 4916 1959 4994 hoc
1984 4943 2046 4992 ex-

623 5042 769 5136 hibitis,
794 5075 839 5124 ac
859 5045 1034 5153 inquesta
1057 5064 1096 5125 et
1117 5045 1357 5154 processibus
1386 5073 1501 5153 super
1530 5045 1603 5124 biis
1633 5043 1755 5134 factis,
1792 5044 2047 5153 omnibusque

623 5175 693 5254 rite
711 5177 819 5267 actis,
839 5194 880 5255 et
896 5177 1073 5256 concluso
1091 5206 1112 5254 a
1129 5176 1301 5285 partibus
1320 5177 1359 5254 in
1379 5205 1488 5255 causa
1507 5175 1692 5283 predicta,
1712 5205 1781 5284 por
1799 5177 1902 5254 curie
1917 5193 2046 5254 nostre

619 5307 824 5410 judicium,
841 5306 985 5386 dictum
1003 5306 1076 5386 fuit
1089 5325 1128 5386 et
1145 5308 1436 5415 pronunciatum
1453 5307 1644 5414 predictos
1665 5305 1888 5386 Michaelem
1907 5323 1945 5383 et
1963 5305 2044 5411 ejus

624 5460 777 5513 uxorem
795 5438 1049 5517 intencionem
1076 5465 1182 5518 suam
1206 5465 1323 5546 snper
1345 5436 1526 5546 predictis
1551 5435 1780 5517 sufficienter
1807 5434 2040 5539 probavisse,
