5817 7292
1029 1123 1295 1230 uvoutvss
1319 1141 1382 1212 ur
1407 1123 1613 1214 succus
1958 1143 2034 1216 325

618 1285 657 1359 in
680 1311 724 1360 ea
745 1282 939 1387 ponendo,
959 1300 1104 1387 septem
1123 1283 1255 1360 domos
1276 1281 1420 1360 ibidem
1441 1281 1731 1370 combuxerunt,
1743 1295 1877 1383 ¹portas
1899 1279 2034 1360 domo·
2070 1291 2201 1344 rmum
2213 1291 2265 1352 tv,

616 1441 701 1490 rum
716 1412 804 1490 ville
819 1411 1028 1520 fregerunt,
1046 1441 1147 1490 arcas
1159 1413 1199 1490 in
1215 1412 1360 1490 eisdem
1374 1412 1576 1490 existentes
1591 1409 1819 1517 frangentes,
1835 1411 2034 1514 pecuniam
2133 1382 2195 1424 Μ’

615 1559 654 1620 et
672 1559 791 1620 vestes
817 1559 857 1620 ct
872 1542 974 1620 bone
1000 1541 1072 1620 elia
1093 1542 1256 1648 plurima
1273 1570 1402 1618 secum
1421 1557 1632 1647 portantes,
1653 1540 1762 1645 plura
1786 1540 2035 1620 instrumenta

614 1673 895 1777 possessionum
915 1689 1186 1760 sustraxerunt,
1203 1671 1305 1749 dolia
1319 1671 1394 1748 vini
1409 1671 1520 1776 plens
1536 1669 1771 1760 effuderunt,
1788 1668 1968 1762 ketellus,
1984 1699 2036 1748 sa·

616 1803 726 1905 gittas
745 1819 783 1880 et
801 1801 945 1906 lapides
965 1820 1093 1879 contra
1116 1800 1328 1891 ecclesiam,
1349 1802 1417 1878 ubi
1436 1802 1565 1907 plures
1589 1799 1849 1907 confugerant,
1872 1799 2036 1906 projece-

616 1948 725 2024 runt,
744 1947 781 2008 et
798 1930 907 2037 plura
925 1930 996 2007 alia
1015 1931 1133 2006 eciam
1153 1932 1318 2036 graviora
1337 1947 1621 2038 perpetrarunt3
1644 1957 1758 2036 quere
1781 1929 2038 2035 supplicabant

617 2062 706 2138 dicti
717 2077 990 2167 conquerentes
999 2060 1183 2166 predicta,
1194 2078 1272 2138 tam
1285 2063 1441 2138 domino
1451 2063 1542 2169 Regi
1555 2089 1669 2167 quam
1681 2060 1768 2148 sibi,
1781 2076 2037 2167 competenter

616 2191 826 2281 emendari,
842 2209 881 2269 et
894 2192 1057 2297 dampna
1069 2192 1237 2296 predicta
1252 2193 1325 2270 sibi
1336 2192 1459 2270 reddi.
1480 2192 1661 2299 Inquisita
1681 2192 1795 2298 igitur
1815 2192 1862 2268 dc
1880 2191 2037 2297 premis-

615 2322 666 2401 sis
686 2321 859 2412 veritate,
881 2338 921 2400 et
943 2322 1083 2400 auditis
1104 2321 1319 2406 melonibus
1339 2323 1509 2430 parcium
1532 2322 1805 2427 predictarum,
1832 2321 1960 2400 locum
1981 2340 2039 2400 te·

615 2479 709 2529 nens
720 2451 811 2530 dicti
820 2450 1013 2530 senescalli
1020 2451 1243 2541 Tholosani,
1255 2479 1324 2530 seu
1334 2452 1415 2559 ejus
1426 2451 1721 2542 commissarius,
1734 2451 1855 2530 dictos
1864 2453 2037 2534 consules

616 2599 654 2659 et
672 2581 930 2661 universitates
950 2581 1039 2659 dicti
1061 2581 1302 2660 Castri-Novi
1329 2598 1367 2658 et
1390 2583 1474 2689 ejus
1495 2581 1634 2687 bajulie
1661 2580 1709 2658 ad
1727 2581 1950 2660 solvendum
1971 2585 2038 2660 do-

616 2712 722 2790 mino
736 2712 839 2818 Regi,
852 2739 922 2816 pro
935 2709 1096 2788 emenda
1106 2739 1185 2800 sua,
1200 2727 1362 2816 quatuor
1370 2709 1491 2787 millia
1505 2710 1620 2786 libras
1632 2737 1830 2815 parvorum
1843 2713 2037 2790 Turonen-

616 2842 713 2919 sium
737 2841 946 2930 bonorum,
966 2840 1116 2918 racione
1142 2839 1330 2926 dictorum
1355 2867 1591 2928 excessuum,
1619 2857 1657 2918 et
1680 2840 1728 2917 nd
1747 2839 2036 2920 satisfactionem

618 2971 805 3050 dictorum
831 2970 1083 3075 dampnorum
1101 2970 1282 3077 predictis
1304 2968 1527 3049 hominibus
1546 2969 1632 3048 ville
1644 2969 1806 3050 Gallieci
1825 2970 2033 3064 illatoM,

617 3130 749 3181 eorum
761 3101 951 3179 taxacione
963 3102 1039 3179 sibi
1057 3118 1255 3190 reservata,
1273 3099 1552 3178 sentencialiter
1568 3101 1844 3190 condemnavit,
1863 3129 1883 3178 a
1903 3103 2036 3210 majori

613 3259 711 3338 pena
724 3230 955 3322 absolvendo
968 3231 1143 3324 eosdem3
1157 3261 1179 3308 a
1192 3259 1267 3336 qua
1281 3231 1471 3309 sentencia
1482 3232 1529 3308 ad
1546 3249 1712 3310 nostram
1729 3232 1872 3308 curiam
1890 3231 1962 3310 fuit
1974 3261 2038 3338 ap-

614 3363 794 3470 pellatum
815 3360 938 3442 :Visis
962 3361 1077 3468 igitur
1100 3361 1140 3436 in
1164 3360 1264 3438 dicte
1288 3359 1554 3467 appellacionis
1573 3389 1682 3438 causa
1700 3361 1936 3466 processibus
1954 3389 2042 3468 par-.

547 3529 550 3535 ¹
614 3495 714 3572 cium
730 3493 1001 3599 predictarum,
1017 3519 1086 3597 per
1100 3490 1203 3569 curie
1218 3508 1345 3568 nostre
1353 3485 1564 3598 judiciuin,
1582 3490 1726 3568 dictum
1740 3490 1812 3568 luit
1824 3491 2034 3596 predictum

609 3624 780 3730 judicem
795 3651 864 3700 seu
883 3622 1183 3721 commissarium
1202 3621 1302 3700 bene
1317 3620 1522 3728 judicasse,
1549 3639 1587 3698 et
1602 3620 1722 3698 dictos
1742 3622 2036 3727 condempnatos

613 3754 712 3833 mele
731 3751 954 3859 appellasse,
969 3768 1008 3830 et
1019 3750 1092 3828 luit
1110 3751 1200 3828 dicti
1215 3751 1356 3858 judicis
1370 3751 1554 3829 sententia
1574 3749 1809 3841 confirmate,
1830 3749 2036 3855 condemp-

613 3865 788 3989 navitque
813 3882 917 3958 curia
934 3898 1060 3960 nostre
1080 3881 1234 3957 eosdem
1260 3879 1433 3958 consules
1458 3895 1496 3955 et
1514 3878 1772 3968 universitates
1790 3877 1879 3954 dicti
1900 3877 2038 3954 Castri-

613 4012 705 4090 Novi
722 4029 760 4088 et
774 4010 856 4116 ejus
867 4009 1008 4117 bajulie
1027 4010 1075 4089 ad
1087 4009 1329 4087 reddendum
1343 4007 1507 4114 dampna
1517 4008 1686 4114 predicta
1699 4025 1736 4084 et
1750 4006 1906 4114 injurias
1919 4008 2036 4112 passis

613 4142 700 4231 ville
720 4139 872 4220 Galliaci
886 4140 1056 4246 predicte
1072 4157 1258 4219 trecentas
1273 4137 1389 4218 libres
1403 4167 1602 4244 parvorum
1619 4137 1897 4215 Turonensium
1916 4139 2036 4216 bone-

613 4301 716 4359 rum,
738 4299 808 4377 pro
825 4270 1001 4376 dampnis
1020 4289 1059 4350 et
1077 4270 1225 4378 injuriis
1240 4268 1476 4374 supradictis.

669 4401 869 4481 Dominica
886 4399 1064 4508 predicta.

672 4534 779 4612 Greci
797 4532 1009 4640 reportavit.

668 4797 826 4876 LXXIV.
856 4797 955 4882 Cum
975 4813 1078 4874 mota
1096 4794 1227 4876 tusses
1245 4796 1433 4876 discordie
1452 4797 1494 4874 in
1512 4796 1614 4874 curie
1632 4811 1760 4876 nostre
1777 4797 1877 4874 inter
1896 4795 2036 4902 episco-

609 4946 703 5033 pum
715 4927 994 5018 Belvacensem,
1012 4955 1057 5006 ex
1067 4955 1144 5004 una
1159 4946 1281 5036 parte,
1295 4945 1335 5005 et
1348 4929 1529 5037 majorem
1547 4945 1586 5006 et
1599 4955 1707 5033 pares
1718 4928 1975 5016 Belvacenses,
1991 4955 2033 5004 ex

610 5057 742 5148 altera,
764 5087 877 5166 super
897 5086 943 5137 eo
963 5060 1070 5166 quod
1089 5059 1183 5138 dicti
1199 5060 1325 5168 major
1339 5077 1378 5138 et
1394 5088 1523 5168 peres,
1545 5087 1616 5136 suo
1642 5075 1680 5136 et
1699 5058 1913 5138 communie
1934 5059 2032 5136 dicte

610 5186 695 5266 ville
711 5184 883 5277 nomine,
902 5189 1080 5268 dicebant
1091 5207 1130 5267 et
1140 5190 1403 5296 proponebant
1421 5190 1527 5297 quod
1546 5190 1616 5296 ipsi
1635 5190 1694 5268 usi
1713 5188 1863 5268 fererant
1878 5206 1914 5266 et
1928 5205 2035 5267 crant

610 5317 650 5394 in
663 5319 797 5397 saisina
809 5323 975 5427 ponendi
988 5322 1120 5428 gardas
1134 5349 1201 5398 seu
1215 5321 1391 5400 custodes
1404 5319 1445 5396 in
1459 5321 1558 5410 lena,
1572 5319 1649 5410 filo,
1665 5319 1893 5398 tincturariis
1904 5336 1942 5396 et
1951 5317 2034 5394 aliis

613 5449 828 5530 necessariis
846 5451 895 5529 ed
913 5481 1057 5558 pannos
1075 5451 1268 5531 faciendos
1286 5451 1325 5529 in
1343 5468 1421 5531 tota
1440 5451 1528 5533 villa
1543 5450 1774 5540 Belvacensi,
1793 5477 1834 5527 ac
1848 5444 2032 5554 puniendi
