5817 7292
866 1146 914 1221 l18
1447 1151 1538 1223 tes
1569 1141 1712 1223 OLIMJ

638 1299 768 1352 sertim
780 1299 823 1361 IV·
862 1307 925 1367 tus
938 1318 1026 1369 vero
1042 1291 1246 1370 Gasbertus
1265 1321 1286 1367 a
1306 1291 1404 1368 dicta
1419 1291 1609 1370 sentencia
1627 1291 1676 1370 ad
1693 1307 1857 1368 nomam
1879 1291 2021 1368 curiam
2039 1290 2284 1371 Parisiensem

699 1389 762 1434 1³⁰0.

864 1420 1105 1528 appellasset,
1122 1449 1271 1500 necnon
1287 1439 1508 1528 procurator
1521 1440 1650 1501 noster
1665 1438 1704 1499 et
1718 1421 1841 1499 dictus
1851 1417 2080 1499 Guillelmus
2098 1450 2119 1496 a
2137 1423 2286 1500 modica

863 1578 1011 1628 summa
1022 1551 1061 1628 in
1074 1553 1420 1658 condempnacione
1436 1553 1605 1660 predicta
1623 1567 1813 1642 contenta,
1830 1550 2003 1629 similiter
2019 1550 2285 1658 appellassent3

862 1682 1029 1788 dictique
1050 1682 1281 1789 appellantes
1298 1683 1428 1789 plures
1455 1712 1582 1760 causas
1606 1699 1646 1760 et
1663 1681 1832 1760 raciones
1849 1682 2133 1788 proposuissent
2160 1684 2199 1760 in
2221 1714 2287 1762 cu-

861 1811 915 1888 ria
930 1830 1056 1890 nostra
1071 1813 1266 1890 Parisiensi
1283 1812 1494 1905 hincinde,
1510 1831 1667 1919 propter
1680 1841 1772 1919 quas
1787 1812 1924 1891 dictam
1940 1813 2168 1891 sentenciam
2188 1843 2287 1892 asse-

861 1943 995 2020 rebant
1010 1942 1154 2020 nullam
1178 1971 1258 2020 esse
1275 1944 1334 2020 vel
1352 1945 1546 2052 injustam3
1568 1973 1682 2050 super
1694 1942 1834 2050 quibus
1850 1944 2109 2022 mandavimus
2129 1944 2285 2050 inquiri,

861 2073 999 2150 vocatis
1012 2075 1200 2179 partibus,
1218 2074 1411 2152 veritatem
1431 2106 1440 2152 ε
1460 2075 1649 2163 Tandem,
1669 2073 1757 2152 visis
1775 2073 1973 2180 inquestis,
1992 2091 2069 2150 tam
2089 2103 2204 2179 super
2223 2075 2287 2152 de-

862 2205 1111 2282 nunciacione
1127 2205 1297 2311 predicta
1311 2232 1423 2312 quam
1439 2231 1553 2309 super
1567 2203 1687 2280 causis
1703 2203 1888 2284 dictarum
1905 2203 2203 2310 appellacionum
2220 2205 2288 2281 fac-

862 2336 925 2426 tis,
954 2352 993 2412 et
1019 2334 1219 2444 diligenter
1246 2334 1477 2425 examinatis,
1504 2333 1797 2440 pronunciatum
1822 2333 1913 2423 suit,
1940 2363 2009 2441 per
2029 2335 2131 2413 curie
2159 2354 2286 2414 nostre

858 2465 1064 2572 judicium,
1090 2465 1190 2544 bene
1216 2465 1331 2542 fuisse
1357 2491 1424 2569 per
1448 2463 1594 2542 dictum
1616 2462 1862 2542 senescallum
1883 2464 2111 2572 judicatum,
2135 2483 2173 2543 et
2190 2466 2286 2543 male

863 2594 1091 2702 appellatum
1112 2612 1295 2701 quantum
1321 2594 1369 2672 ad
1388 2621 1554 2672 summas
1574 2593 1613 2670 in
1633 2594 1803 2700 predicta
1825 2595 2172 2700 condempnacione
2198 2625 2289 2673 con-

863 2741 984 2800 tentas
1003 2743 1041 2802 et
1057 2726 1207 2832 gagium
1220 2723 1336 2830 bajuli
1355 2722 1577 2828 supradicti,
1592 2740 1631 2801 et
1643 2724 1749 2829 quod
1762 2723 1886 2802 dictus
1900 2725 2104 2804 Gasbertus
2123 2726 2288 2831 compel-

862 2854 961 2932 letur
981 2855 1028 2932 ad
1051 2853 1272 2933 solvendum
1291 2853 1408 2930 dictas
1427 2881 1594 2929 summas
1613 2882 1701 2930 cum
1721 2854 1831 2963 gagio
1849 2854 1968 2964 bajuli
1989 2856 2202 2966 supradicti.

921 2987 1019 3064 Jovis
1033 3003 1119 3094 post
1131 2984 1450 3066 Circoncisionem
1466 2982 1634 3063 Domini.

921 3253 996 3327 ΧΠ.
1028 3251 1124 3328 Cum
1146 3251 1345 3328 domicella
1364 3248 1444 3327 Ada
1464 3250 1513 3326 de
1531 3249 1671 3327 Kesnel
1687 3279 1813 3329 coram
1830 3251 1940 3329 nobis
1959 3268 2105 3356 peteret
2122 3254 2287 3330 amoveri

865 3379 1057 3486 quoddam
1085 3381 1404 3486 impedimentum
1431 3381 1503 3457 sibi
1529 3381 1759 3488 appositum,
1786 3399 1829 3458 ut
1855 3381 2017 3470 dicebat,
2041 3401 2207 3487 exparte
2226 3384 2288 3457 ln-

864 3511 1054 3619 gerranni,
1078 3512 1167 3587 dicti
1187 3511 1383 3603 Germani,
1404 3511 1580 3589 videlicet
1598 3540 1647 3589 ne
1667 3511 1978 3590 dictadomicella
1997 3511 2287 3589 contradictum

864 3645 1108 3750 lngerranum
1123 3643 1187 3750 jus
1205 3671 1317 3721 suum
1335 3661 1463 3749 posset
1475 3645 1652 3750 prosequi
1669 3672 1794 3720 coram
1814 3644 1987 3722 Johanne
2004 3643 2051 3719 de
2067 3641 2285 3734 Villaribus,

865 3775 1067 3881 armigero,
1089 3803 1203 3880 super
1215 3774 1443 3880 quibusdam
1457 3775 1571 3852 rebus
1585 3803 1661 3881 que
1682 3777 1730 3852 ab
1749 3774 1885 3852 eodem
1899 3777 2067 3852 Johanne
2086 3792 2285 3851 tenentur:

865 3905 1053 3994 Tandem,
1069 3905 1144 3981 visa
1162 3905 1333 4011 inquesta
1348 3934 1460 4013 super
1476 3907 1548 3984 boc
1563 3905 1671 3994 lacta,
1687 3923 1727 3984 et
1739 3905 1905 3982 articulis
1920 3905 2104 3982 dictarum
2119 3905 2288 4014 parcium

865 4034 903 4109 in
924 4063 967 4110 ea
986 4035 1173 4112 contentis
1194 4052 1231 4112 et
1249 4036 1561 4142 responsionibus
1581 4036 1630 4112 ad
1650 4034 1821 4124 eosdem,
1838 4063 1908 4141 per
1922 4035 2026 4112 curie
2041 4054 2170 4113 nostre
2188 4037 2289 4146 judi-

865 4166 965 4242 cium
988 4167 1129 4243 dictum
1148 4166 1219 4243 fuit
1238 4167 1558 4273 impedimentum
1578 4166 1793 4272 predictum
1807 4168 1972 4244 amoveri
1992 4166 2143 4257 debere,
2162 4169 2290 4244 etdio·

865 4313 939 4372 tam
955 4297 1194 4374 domicellam
1210 4301 1400 4405 jussuum
1418 4327 1530 4404 posse
1547 4297 1725 4405 prosequi
1742 4314 1871 4374 contra
1888 4297 2033 4375 dictum
2048 4300 2288 4407 ingerranum

813 4437 817 4444 ’
866 4454 979 4530 super
999 4427 1109 4503 dictis
1129 4429 1243 4506 rebus
1262 4431 1301 4504 in
1323 4430 1425 4506 curia
1445 4429 1621 4536 armigeri
1649 4426 1867 4534 supradicti.

923 4558 1023 4632 Jovis
1043 4575 1126 4666 post
1144 4559 1476 4640 Circoncisionem.

921 4820 1014 4896 Xlll.
1044 4820 1140 4898 Cum
1151 4820 1386 4902 demandato
1400 4841 1531 4901 nostro
1546 4823 1680 4902 suisset
1688 4824 1914 4930 inquisitum
1928 4847 2041 4926 super
2051 4815 2284 4923 possessione

865 4940 938 5025 alte
960 4966 998 5026 et
1021 4952 1127 5028 basse
1152 4952 1301 5059 justicie
1326 4953 1413 5031 ville
1439 4955 1489 5032 de
1516 4955 1700 5061 Mayroles
1722 4954 1822 5030 inter
1840 4977 1926 5041 nos,
1948 4977 1992 5026 ex
2010 4976 2087 5026 una
2105 4964 2226 5054 parte,
2249 4964 2288 5024 et

865 5079 1032 5183 priorem
1053 5081 1149 5160 dicte
1170 5081 1274 5174 ville,
1297 5113 1341 5162 ex
1360 5083 1491 5172 altera,
1513 5086 1552 5162 in
1572 5113 1647 5191 qua
1665 5082 1916 5190 possessione,
1937 5097 1981 5157 ut
2000 5079 2146 5156 dicebat
2165 5078 2287 5154 dictus

865 5210 979 5314 prior,
1001 5210 1081 5319 ipse
1102 5230 1179 5290 erat
1199 5229 1236 5292 et
1256 5215 1338 5320 ejus
1355 5214 1641 5319 predecessores
1664 5212 1811 5290 fuerant
1833 5228 2006 5317 tempore
2032 5239 2110 5316 quo
2130 5211 2201 5288 dos
2219 5237 2286 5286 seu

867 5340 1085 5418 dotalicium
1106 5343 1198 5418 olim
1217 5344 1295 5418 arie
1316 5359 1443 5421 nostre
1461 5344 1651 5422 carissime
1664 5340 1877 5447 Margarita,
1894 5342 2124 5419 Francorum
2138 5339 2285 5448 regine,

863 5471 986 5548 extitit
1003 5471 1248 5578 assignatum,
1269 5471 1446 5578 gentibus
1466 5473 1605 5552 nostris
1623 5472 1662 5550 in
1681 5471 1911 5551 sonnatium
1937 5470 2189 5551 asserentibus
2216 5497 2287 5577 pro
