5817 7292
925 1128 996 1195 710
1265 1204 1276 1215 ,
1495 1122 1586 1194 sss
1616 1122 1758 1195 oum.

699 1280 828 1334 eninm
840 1276 884 1338 lv,
922 1266 1088 1372 positura
1098 1263 1292 1341 Parisiensi
1307 1280 1343 1339 et
1355 1264 1436 1369 ejus
1446 1280 1625 1351 ressorto,
1639 1291 1683 1339 ex
1693 1290 1766 1339 una
1777 1281 1899 1370 parte,
1914 1282 1952 1341 et
1962 1265 2187 1344 Niclrolaum
2203 1271 2249 1348 de
2260 1274 2341 1350 Lai-

759 1372 821 1413 ¹³¹¹'
920 1423 1004 1504 gny,
1024 1394 1140 1471 civem
1157 1392 1417 1482 Parisiensem,
1439 1420 1483 1468 ex
1503 1392 1631 1481 altera,
1653 1421 1767 1498 super
1786 1394 1950 1500 eoquod
1965 1394 2114 1473 dicebat
2132 1397 2254 1477 dictus
2268 1402 2342 1481 Ge-
2360 1385 2367 1397 ⁴

921 1524 1039 1603 fr'inus
1058 1524 1161 1632 quod
1182 1550 1267 1598 cum
1286 1522 1381 1627 ipse,
1406 1522 1646 1600 demandato
1664 1523 1929 1631 magistrorum
1946 1525 2132 1603 dictarum
2151 1532 2342 1611 nundina-

919 1686 1003 1733 rum
1021 1652 1241 1733 litteratorie
1256 1652 1325 1730 sibi
1343 1650 1454 1741 lacto,
1472 1652 1736 1731 Theobaldum
1754 1654 1801 1732 de
1820 1655 1924 1745 Buci,
1942 1656 2060 1733 civem
2074 1659 2338 1757 Parisiensem,

920 1803 957 1863 et
978 1788 1059 1894 ejus
1077 1786 1194 1875 bona,
1214 1810 1284 1891 pro
1305 1783 1547 1891 septingentis
1563 1785 1691 1893 viginti
1708 1786 1855 1864 duabus
1869 1786 1990 1877 libris,
2008 1788 2049 1864 in
2063 1790 2201 1895 quibus
2214 1795 2339 1874 dictus

917 1917 1159 1997 Theobaldus
1170 1914 1370 1993 tenebatur
1383 1915 1517 2023 Egidio
1534 1915 1634 1993 dicto
1649 1918 1821 2007 Lamant,
1841 1920 2039 1997 mercatori
2052 1949 2264 2026 pannorum
2287 1928 2335 2004 de

918 2050 1100 2157 Malynes,
1124 2049 1171 2125 de
1187 2074 1342 2153 corpore
1358 2046 1629 2139 nundinarum,
1651 2076 1799 2126 necnon
1820 2065 1858 2126 et
1874 2077 1942 2157 pro
1963 2051 2123 2128 emenda
2143 2052 2332 2135 dictomm

917 2180 1196 2289 magistrorum,
1223 2178 1370 2255 racione
1396 2176 1494 2255 dicte
1517 2207 1668 2256 summe
1692 2181 1862 2286 predicto
1881 2180 2015 2288 Egidio
2041 2210 2115 2259 non
2137 2185 2258 2263 solute
2283 2188 2331 2264 ad

907 2312 1096 2399 ,terminos
1118 2310 1357 2397 constitutos,
1388 2327 1503 2415 prout
1525 2310 1564 2385 in
1586 2310 1720 2387 litteris
1749 2312 1938 2389 dictorum
1959 2312 2234 2419 magistrorum,
2259 2346 2331 2422 pro

916 2442 1142 2549 exequendis
1160 2440 1302 2518 eisdem
1317 2440 1388 2518 sibi
1406 2440 1574 2530 directis,
1595 2441 1742 2519 dicebat
1753 2442 1873 2521 dictus
1885 2442 2065 2522 Gelrinus
2077 2442 2226 2549 plenius
2239 2474 2331 2523 con·
2396 2476 2402 2484 ⁸

913 2574 1042 2663 tineri,
1058 2590 1249 2679 tamquam
1270 2588 1445 2649 executor
1462 2570 1552 2648 dicti
1574 2573 1754 2662 mandati,
1771 2601 1918 2651 necnon
1934 2591 1972 2651 et
1986 2574 2196 2652 litterarum
2216 2576 2332 2654 dicta-

913 2734 998 2781 rum
1019 2704 1290 2833 nundinarum,
1308 2701 1483 2790 videlicet,
1495 2702 1543 2780 de
1555 2702 1665 2781 bonis
1681 2703 1769 2780 dicti
1790 2702 2001 2782 Theobaldi
2015 2706 2195 2811 usquead
2213 2736 2331 2814 quan-

911 2836 1057 2913 titatem
1072 2834 1255 2941 sexaginta
1272 2851 1414 2947 septem
1433 2862 1643 2940 pannorum
1658 2834 1889 2913 diversorum
1906 2835 2077 2913 locorum
2089 2834 2238 2915 fecisset
2250 2841 2330 2945 capi

913 2983 950 3043 et
970 2966 1160 3053 arrestari,
1182 2964 1303 3043 dictus
1318 2963 1505 3053 Nicolaus,
1528 2993 1653 3041 coram
1669 2964 1769 3043 dicto
1789 2981 1985 3043 executore
2004 2966 2247 3058 constitutus,
2263 2998 2332 3075 per

911 3097 1053 3175 litteras
1065 3094 1189 3205 sigillo
1201 3094 1389 3173 Castelleti
1409 3094 1604 3201 sigillatas,
1623 3123 1662 3172 se
1681 3124 1750 3201 pro
1769 3094 1870 3172 dicto
1890 3094 2115 3175 Theobaldo
2133 3097 2331 3177 efficaciter

912 3226 1088 3335 obligavit
1107 3226 1154 3304 ad
1174 3225 1411 3305 reddendum
1427 3243 1464 3303 et
1479 3225 1701 3323 solvendum
1718 3226 1844 3303 eidem
1854 3226 2006 3333 Egidio,
2025 3228 2232 3317 mercatori,
2244 3258 2331 3335 pre·

911 3360 1047 3436 dictam
1069 3358 1228 3465 pecunie
1244 3386 1444 3444 summam,
1458 3386 1544 3433 cum
1561 3356 1720 3433 emenda
1737 3356 1923 3434 dictorum
1942 3356 2213 3464 magistrorum,
2230 3359 2327 3437 infra

910 3490 1114 3566 terminum
1128 3489 1204 3596 jam
1224 3485 1408 3591 elapsum,
1431 3502 1469 3563 et
1488 3513 1544 3574 se,
1564 3503 1746 3591 quantum
1764 3487 1812 3564 ad
1830 3488 1917 3575 hoc,
1933 3487 2125 3563 constituit
2138 3487 2327 3595 principa-

910 3619 986 3697 lem
1007 3619 1233 3705 debitorem,
1256 3616 1326 3694 sub
1342 3615 1485 3693 eisdem
1501 3613 1625 3693 modis
1645 3634 1683 3693 et
1701 3618 1819 3694 forma
1838 3618 1977 3725 quibus
1988 3618 2188 3695 tenebatur
2202 3618 2326 3698 dictus

908 3748 1150 3830 Theobaldus
1165 3747 1289 3825 eidem
1304 3745 1515 3836 mercatori,
1536 3762 1574 3823 et
1591 3746 1643 3823 sic
1662 3748 1784 3824 dictus
1797 3746 1990 3837 Gelrinus,
2006 3764 2192 3837 executor,
2208 3748 2323 3827 lidem

907 3881 1024 3988 ipsius
1035 3878 1175 3957 Nicolai
1187 3893 1355 3969 secutus,
1370 3878 1513 3954 dictum
1523 3876 1787 3955 Theobaldum
1801 3879 1934 3955 adicto
1948 3894 2087 3955 arresto
2104 3877 2273 3955 liberavit
2286 3898 2326 3956 et

908 4011 1031 4088 eidem
1046 4008 1198 4088 Nicolao
1211 4006 1330 4085 dictos
1349 4008 1535 4113 sexaginta
1552 4024 1693 4112 septem
1708 4034 1851 4114 pannos
1862 4008 2020 4085 tradidit
2032 4024 2070 4084 et
2089 4006 2323 4098 deliberavit,

905 4160 957 4231 et,
980 4142 1067 4248 quia
1085 4138 1208 4216 dictus
1226 4136 1398 4215 Nicolaus
1420 4136 1587 4242 predicto
1606 4129 1959 4244 Egidiomercatori
1977 4139 2025 4216 de
2046 4137 2144 4215 dicta
2165 4139 2323 4244 pecunie

905 4301 1050 4349 summa
1065 4270 1221 4347 minime
1238 4268 1429 4356 satisfecit,
1452 4267 1574 4345 dictus
1593 4267 1770 4346 Gefrinus
1789 4270 2001 4375 predictum
2022 4268 2216 4346 Nicolaum
2235 4266 2324 4347 fecit

903 4430 971 4507 per
990 4402 1220 4509 prepositum
1237 4398 1481 4476 Parisiensem
1497 4399 1595 4503 capi,
1616 4415 1652 4475 et
1671 4399 1769 4475 bona
1785 4427 1852 4477 sua
1865 4398 1985 4477 saisiri
2002 4416 2041 4477 et
2056 4400 2242 4491 arrestari,
2257 4428 2323 4505 pe-

903 4548 986 4609 tens
1011 4550 1047 4609 et
1066 4532 1275 4639 supplicans
1295 4530 1393 4609 dicto
1419 4528 1609 4634 preposito
1630 4528 1773 4606 dictum
1795 4530 1989 4607 Nicolaum
2006 4529 2152 4607 tamdiu
2172 4546 2321 4635 captum

769 4757 772 4768 Ι
903 4660 1080 4754 detineri,
1098 4690 1245 4739 necnon
1266 4678 1304 4737 et
1319 4660 1399 4767 ejus
1412 4659 1511 4736 bona
1523 4660 1635 4736 vendi
1652 4676 1690 4736 et
1709 4660 1904 4765 explectari
1926 4688 2126 4767 quousque
2141 4676 2241 4737 esset
2253 4687 2320 4765 per

903 4792 1067 4869 eundem
1090 4794 1136 4867 de
1159 4791 1257 4868 dicta
1276 4792 1436 4897 pecunie
1462 4818 1607 4866 summa
1628 4790 1750 4868 eidem
1770 4794 1968 4869 mercatori
1988 4807 2027 4867 et
2044 4790 2221 4897 predictis
2238 4815 2317 4864 ma·

900 4922 1023 5029 gistris
1036 4922 1083 4998 de
1095 4949 1227 4998 eorum
1239 4922 1397 4998 emenda
1410 4921 1576 5027 predicta
1586 4981 1594 5010 ,
1606 4922 1703 4999 sicut
1711 4924 1948 5027 promiserat,
1964 4920 2203 5009 satisfactum
2217 4918 2318 4996 dicto

900 5051 1062 5141 Nicolao,
1084 5051 1210 5129 multis
1223 5052 1451 5141 nacionibus,
1477 5053 1516 5127 in
1530 5052 1758 5129 contrarium
1773 5070 2009 5160 proponente
2024 5053 2190 5159 predicta
2203 5048 2319 5155 petita

898 5210 965 5287 per
980 5181 1122 5259 dictum
1143 5180 1354 5260 Geffrinum
1375 5179 1457 5257 lieri
1478 5209 1555 5256 non
1577 5180 1734 5270 debere,
1753 5198 1791 5258 et
1810 5182 1958 5259 dicente
1977 5178 2256 5258 recredenciam
2270 5175 2319 5255 de

897 5340 1057 5418 persona
1073 5330 1110 5390 et
1128 5312 1239 5389 bonis
1252 5310 1342 5401 suis,
1362 5340 1430 5417 per
1446 5311 1589 5389 dictum
1601 5312 1851 5419 prepositum,
1868 5330 1907 5390 et
1923 5312 2040 5389 eciam
2061 5310 2213 5417 plenam
2226 5308 2320 5385 libe

897 5444 1087 5523 racionem
1110 5440 1191 5521 fieri
1214 5441 1369 5531 debere;
1392 5440 1457 5549 qui
1477 5443 1704 5547 prepositus,
1733 5442 1874 5525 auditis
1894 5442 2005 5521 dictis
2025 5440 2212 5551 partibus,
2233 5465 2320 5545 pre·
