5817 7292
907 1083 982 1154 oto
1484 1077 1574 1151 Lus
1604 1078 1746 1151 OLIM.

684 1232 812 1285 rmum
825 1230 868 1294 tv,
906 1219 1103 1309 Bernardi,
1130 1246 1199 1326 pro
1219 1246 1258 1296 se
1284 1235 1322 1295 et
1339 1216 1421 1295 aliis
1438 1218 1632 1297 nobilibus
1654 1218 1700 1294 de
1722 1214 1943 1322 Artignaco,
1963 1228 2094 1290 contra
2109 1234 2326 1319 procurato-

745 1321 807 1363 ’ω’
907 1379 988 1427 rem
1008 1366 1178 1429 nostrum
1199 1350 1238 1426 in
1266 1348 1481 1427 senescallia
1503 1347 1689 1438 Tholose,
1711 1346 1815 1452 quod
1841 1343 2018 1451 magister
2039 1344 2253 1423 bernardus
2275 1348 2325 1425 de

907 1480 1103 1571 Palheriis,
1133 1497 1266 1557 tenens
1290 1480 1414 1557 locum
1436 1479 1577 1586 judicis
1607 1476 1724 1554 nostri
1747 1476 1943 1563 Rivorum,
1976 1474 2148 1582 spoliavit
2170 1476 2327 1553 eosdem

905 1625 1191 1716 conquerentes,
1209 1624 1248 1684 et
1258 1608 1435 1713 pariarios
1449 1633 1537 1684 suos
1549 1606 1624 1683 loci
1641 1604 1807 1714 ejusdem
1819 1602 2053 1711 justiciaolta
2066 1582 2105 1679 et
2115 1601 2222 1681 bassa
2238 1604 2328 1682 dieti

906 1738 1013 1816 castri
1026 1738 1072 1816 de
1089 1736 1305 1843 Artignaco,
1327 1754 1365 1814 et
1384 1736 1503 1841 ipsam
1510 1736 1701 1845 justiciam
1716 1734 1843 1840 posuit
1857 1734 1905 1811 ad
1921 1762 2074 1811 manum
2088 1750 2257 1812 nostram
2269 1734 2328 1811 in·

907 1867 1035 1946 debite
1054 1884 1091 1945 et
1109 1866 1265 1973 injuste,
1287 1883 1331 1943 ut
1350 1866 1541 1957 dicebant,
1557 1893 1673 1971 quare
1693 1863 1872 1970 petebant
1890 1892 1930 1941 se
1954 1864 2100 1943 restitui
2118 1865 2167 1941 ad
2182 1892 2328 1970 posses-

906 1998 1052 2075 sionem
1070 2022 1174 2075 suam
1190 1996 1414 2103 predictam,
1437 2012 1476 2072 et
1491 2021 1647 2071 manum
1664 2011 1829 2072 nostram
1849 1992 1993 2071 ibidem
2007 1996 2213 2101 appositam
2225 2024 2326 2073 amo

905 2128 999 2215 veri,
1022 2143 1260 2233 procuratore
1277 2141 1405 2203 nostro
1426 2125 1466 2203 in
1487 2124 1718 2203 contrarium
1730 2121 1878 2201 dicente
1893 2123 1998 2231 quod
2016 2123 2096 2231 ipse
2108 2124 2195 2203 alias
2209 2153 2322 2231 super

908 2256 994 2344 boc,
1010 2256 1164 2332 nomine
1177 2271 1322 2348 nostro,
1338 2270 1478 2331 tractus
1490 2252 1563 2330 fuit
1577 2255 1617 2330 in
1631 2282 1795 2344 causam,
1805 2281 1930 2334 coram
1936 2252 2068 2361 judice
2077 2255 2318 2360 competenti,

905 2385 953 2462 ad
970 2385 1188 2462 instanciam
1212 2384 1471 2490 predictorum
1495 2385 1829 2490 conquereucium,
1850 2400 1889 2461 ct
1912 2384 2070 2461 eandem
2095 2385 2320 2490 peticionem

905 2542 972 2591 seu
992 2532 1205 2620 requestam
1225 2532 1352 2591 contra
1372 2514 1515 2618 ipsum,
1532 2530 1660 2591 nostro
1675 2514 1845 2603 nomine,
1858 2513 2115 2603 tradiderunt,
2135 2532 2173 2593 et
2187 2516 2320 2593 eodem

904 2644 1019 2722 modo
1033 2643 1184 2750 agendi,
1197 2644 1338 2750 liteque
1353 2644 1393 2721 iu
1410 2644 1542 2721 eadem
1558 2672 1666 2721 causa
1681 2661 1900 2733 contestata,
1920 2661 1958 2722 et
1976 2643 2155 2723 omnibus
2173 2646 2243 2723 rite
2258 2675 2325 2753 pe·

905 2774 1030 2861 ractis,
1046 2773 1149 2850 idem
1174 2790 1393 2881 procurator
1412 2790 1540 2850 noster
1559 2772 1632 2850 fuit
1657 2800 1770 2877 super
1787 2774 1860 2851 boc
1875 2772 2074 2853 'absolutus
2098 2775 2145 2852 ab
2174 2776 2326 2882 impeti-

905 2904 1012 2980 cione
1038 2903 1284 2994 eorumdem
1313 2930 1428 3009 quare
1454 2902 1602 2981 dicebat
1624 2902 1751 3005 ‚dictos
1779 2920 1933 3009 agentes
1956 2934 2025 2983 seu
2051 2924 2325 3013 conquerentes

905 3060 982 3109 non
1002 3060 1082 3109 esse
1102 3032 1313 3111 audiendos
1339 3032 1499 3111 ulterius
1523 3032 1561 3110 iu
1585 3033 1797 3139 premissis,
1821 3050 1876 3127 et,
1901 3034 1949 3111 ad
1970 3034 2044 3114 hoc
2064 3036 2323 3142 probandum,

907 3162 1074 3239 exhibuit
1089 3164 1189 3240 curie
1213 3181 1340 3243 nostre
1357 3163 1435 3240 duo
1455 3162 1604 3270 publica
1622 3164 1898 3241 instrumenta:
1918 3165 2066 3260 Quibus
2083 3166 2169 3245 visis
2185 3185 2223 3245 et
2236 3166 2325 3243 dili-

894 3310 1037 3400 genter
1052 3295 1286 3387 examinatis,
1301 3294 1389 3401 quia
1408 3294 1601 3371 inventum
1619 3311 1676 3371 est
1692 3295 1835 3373 dictum
1853 3312 2131 3400 procuratorem
2150 3312 2320 3375 nostrum

906 3448 1017 3526 super
1036 3422 1110 3499 boc
1127 3421 1357 3499 sufficienter
1379 3421 1552 3500 fundasse
1572 3424 1827 3503 intencionem
1849 3454 1967 3514 suam,
1988 3453 2055 3531 per
2070 3426 2171 3503 curie
2188 3442 2319 3505 nostre

901 3548 1107 3655 judicium,
1128 3549 1269 3626 dictum
1285 3547 1358 3626 suit
1376 3552 1479 3657 quod
1495 3552 1584 3629 dicti
1599 3572 1874 3659 conquerentes
1887 3582 1996 3661 super
2011 3553 2183 3662 predictis
2200 3554 2246 3633 ab
2263 3556 2323 3635 eis

906 3678 1033 3784 petitis
1048 3680 1095 3756 de
1116 3696 1242 3757 cetero
1257 3680 1474 3759 nullatenus
1489 3682 1701 3761 audientur.

961 3809 1118 3889 Veneris
1136 3810 1314 3916 predicta.

957 3939 1063 4017 Creci
1083 3942 1293 4048 reportavit.

961 4201 1067 4277 XLII.
1089 4203 1172 4281 Lite
1185 4222 1303 4295 mota,
1316 4233 1439 4284 coram
1455 4210 1645 4315 preposito
1660 4212 1872 4305 Parisiensi,
1889 4214 1990 4293 inter
1999 4217 2151 4293 Petrum
2165 4216 2212 4293 de
2223 4217 2326 4295 Pon-

906 4330 1034 4419 tisara,
1056 4333 1211 4411 nomine
1227 4362 1296 4412 suo
1312 4352 1350 4413 et
1369 4338 1589 4430 Laurencie,
1610 4342 1737 4420 uxoris
1755 4370 1840 4435 sue,
1859 4362 1898 4422 et
1916 4346 2033 4423 eciam
2052 4364 2241 4454 tamquam
2262 4377 2328 4425 cu·

905 4476 1068 4538 retorem
1093 4463 1223 4541 datum
1254 4465 1302 4542 ad
1328 4466 1434 4545 litem
1459 4469 1588 4549 liberis
1608 4473 1817 4553 minoribus
1843 4474 2011 4554 defuncti
2032 4478 2193 4584 magistri
2216 4477 2326 4556 Guil-

905 4588 1011 4667 lelmi
1026 4592 1163 4670 tuliani
1178 4652 1187 4683 ,
1211 4597 1364 4675 nomine
1382 4601 1621 4692 eorumdem,
1643 4620 1681 4680 et
1697 4604 1737 4681 iu
1753 4623 1937 4713 quantum
1955 4608 2164 4715 quemlibet
2187 4638 2319 4686 eorum

905 4720 1023 4826 tangit
1037 4739 1074 4798 et
1092 4739 1243 4833 tangere
1258 4744 1397 4831 potest,
1420 4748 1579 4835 exparte
1599 4762 1689 4823 una,
1712 4753 1751 4813 et
1767 4737 1977 4815 Jobannem
1996 4738 2140 4815 dictum
2154 4738 2316 4832 Qui-Pie,

905 4875 947 4923 ex
966 4849 1108 4969 altera,
1130 4882 1308 4960 supereo
1329 4857 1434 4964 quod
1458 4858 1607 4940 dicebat
1631 4864 1752 4942 dictus
1771 4866 1920 4955 Petrus,
1943 4868 2162 4947 nominibus
2180 4866 2321 4974 quibus

903 5006 1028 5084 supra,
1051 4985 1156 5090 quod
1177 4986 1402 5065 Guiflelmus
1426 4992 1649 5083 Normanni,
1669 4994 1810 5101 junior,
1842 5014 1948 5103 pater
1970 5000 2069 5077 dicte
2098 4997 2318 5090 Laurencie,

904 5110 1027 5187 uxoris
1059 5142 1144 5203 suo,
1180 5131 1217 5191 et
1245 5114 1451 5212 Genovefa‚
1478 5150 1573 5199 uxor
1590 5124 1783 5228 quondam
1802 5127 1891 5206 dicti
1916 5128 2082 5236 magistri
2106 5127 2321 5219 Guillelmi,

902 5257 1096 5349 materque
1127 5244 1313 5322 dictorum
1347 5247 1557 5343 minorum,
1590 5252 1745 5333 fuerunt
1767 5257 1881 5335 frater
1899 5276 1938 5337 et
1961 5287 2068 5338 soror
2091 5259 2271 5365 procreati
2301 5287 2325 5335 a

903 5367 1105 5450 Guillelmo
1125 5374 1226 5452 dicto
1242 5374 1278 5453 le
1292 5378 1487 5468 Normant,
1508 5384 1678 5477 seniore,
1693 5415 1735 5464 ex
1752 5387 1932 5467 Oudarda
1944 5408 1984 5468 et
1994 5390 2163 5498 Aelipdi,
2183 5390 2328 5497 legitti-
