5817 7292
1016 1024 1284 1132 uuoutrus
1311 1044 1375 1117 ur
1402 1024 1612 1118 procus.
1953 1041 2027 1115 uso

659 1183 735 1263 XC.
767 1182 850 1261 Lite
875 1201 994 1271 mota,
1021 1183 1189 1262 incuria
1218 1200 1360 1273 nostra,
1389 1183 1489 1261 inter
1518 1181 1694 1260 comitem
1716 1179 1960 1271 Drocenscm,
1985 1187 2253 1262 exl1²¹¹t¹rr⁸¹v‚

604 1331 709 1423 parte
731 1342 822 1403 une,
843 1330 881 1393 et
899 1312 1141 1393 Petronillam
1162 1314 1208 1393 de
1224 1298 1387 1407 Solia'co,
1409 1312 1635 1394 comitissam
1654 1310 1903 1402 Drocensem,
1922 1340 1967 1389 ex
1982 1312 2029 1393 ol·
2129 1283 2193 1329 Μ’

603 1462 698 1537 tera,
719 1473 833 1553 super
851 1473 898 1524 eo
918 1445 1024 1553 quod
1039 1445 1162 1523 dictus
1183 1474 1311 1527 comes
1328 1445 1480 1552 petebat
1492 1442 1731 1552 pronunciari
1746 1440 1966 1520 molendina
1980 1444 2028 1521 de

603 1574 732 1657 Cuhen
748 1577 849 1655 etde
865 1575 981 1657 Laleu
1001 1576 1243 1683 pertinerent
1260 1577 1448 1684 pertinere
1464 1573 1602 1653 debere
1620 1572 1667 1652 ad
1687 1574 1811 1679 ipsum
1831 1571 2026 1661 comitem,

602 1706 740 1787 virtme
774 1708 889 1815 pertis
917 1708 965 1785 de
996 1708 1180 1788 Doumart
1204 1726 1394 1817 acceptato
1417 1736 1487 1814 per
1514 1705 1660 1783 dictum
1690 1704 1868 1781 comitem
1901 1720 2029 1781 contra

602 1838 807 1943 predictam
828 1838 1072 1929 comitissam,
1096 1857 1134 1918 et
1153 1868 1265 1948 snper
1279 1840 1352 1918 hoc
1376 1838 1480 1946 quod
1499 1836 1602 1915 idem
1629 1864 1756 1915 comes
1773 1834 1923 1941 petebat
1943 1862 2029 1941 pro-

602 1968 769 2047 nunciari
782 1986 819 2047 et
829 1968 1006 2047 declarari
1021 1969 1195 2075 homagia
1210 1969 1408 2050 feodorum
1426 1966 1473 2046 de
1483 1968 1628 2076 Cayeus
1642 1985 1680 2045 et
1690 1965 1895 2043 d’Arennes
1905 1963 2028 2044 adhuc

602 2096 803 2175 dividenda
821 2126 902 2177 esse
925 2098 1022 2178 inter
1042 2100 1214 2191 cosdem;
1233 2100 1331 2177 dicta
1350 2097 1540 2177 comitissa
1560 2098 1710 2176 dicente
1732 2096 1772 2171 in
1797 2096 2025 2175 contrarium

527 2316 531 2325 ¹
600 2227 724 2332 quod,
743 2228 893 2308 rucione
917 2228 1016 2305 dotis
1043 2256 1112 2307 sen
1140 2228 1305 2307 dotalicii
1332 2227 1390 2305 sni
1413 2244 1452 2305 et
1472 2228 1611 2305 virtute
1634 2224 1827 2305 divisionis
1850 2223 1945 2305 fecte
1970 2226 2027 2303 in-

600 2372 658 2437 ter
676 2358 798 2464 ipsum
823 2376 861 2437 et
880 2359 1057 2439 comitem
1078 2358 1355 2465 supradictum,
1377 2357 1563 2466 adipsum
1584 2357 1821 2465 pertinebant
1839 2356 2023 2464 predicta,

599 2488 748 2567 racione
769 2489 883 2595 portis
902 2518 969 2568 sue
989 2490 1523 2596 Sancti-Walerici21nqueste
1542 2516 1657 2595 super
1675 2489 1760 2578 hoc,
1782 2488 1830 2565 de
1850 2487 2027 2567 mandato

600 2618 702 2695 curie
723 2636 869 2709 nostre,
887 2596 989 2696 lacta¹
1005 2638 1042 2697 et
1061 2620 1109 2697 ad
1123 2620 1376 2729 judicandum
1397 2619 1501 2697 curie
1521 2635 1650 2695 nostre
1669 2633 1872 2724 reportato,
1894 2618 1970 2700 vise
1989 2636 2026 2697 et

597 2746 798 2855 diligenter
823 2748 1048 2838 examinato,
1065 2778 1138 2856 per
1162 2750 1264 2827 curie
1289 2765 1416 2825 nostre
1431 2748 1638 2857 judicium,
1660 2746 1734 2825 fuit
1756 2747 1900 2829 dictum
1920 2749 2025 2853 quod

598 2876 697 2955 dicta
709 2878 940 2973 molendina,
947 2880 1084 2958 virtute
1097 2881 1211 2987 partis
1223 2908 1290 2958 sue
1300 2878 1470 2985 predicte
1484 2880 1533 2956 de
1543 2878 1799 2970 Doumart,ad
1806 2878 1951 2957 dictum
1965 2907 2027 2956 co·

479 3099 486 3116 ·
597 3006 729 3085 mitem
744 3010 999 3116 pertinebunt,
1016 3029 1053 3089 et
1066 3010 1172 3119 quod
1187 3009 1283 3087 dicta
1298 3008 1472 3119 homagia
1486 3010 1533 3087 de
1549 3009 1694 3117 Caycus
1709 3026 1746 3086 et
1757 3008 1964 3087 d’Arennes
1977 3009 2025 3086 ad

597 3140 713 3245 ipsam
723 3140 949 3221 comitissam
965 3141 1108 3220 debent
1122 3141 1321 3249 pertinere,
1335 3142 1484 3221 racione
1495 3168 1564 3219 sue
1577 3139 1678 3217 dotis
1693 3138 1855 3245 etpartis
1865 3166 1934 3217 sue
1946 3168 2027 3245 pre-

598 3269 713 3364 dicte,
734 3270 808 3353 hoc
824 3272 923 3353 salvo
944 3272 1068 3351 eidem
1089 3271 1296 3363 comitisse,
1316 3269 1526 3351 sectrndum
1551 3269 1867 3378 protestccioncm
1882 3270 1930 3348 ab
1945 3271 2025 3377 ipsa

595 3400 685 3481 alias
699 3402 739 3479 in
754 3401 902 3510 judicio
918 3400 1071 3492 lactem,
1090 3400 1194 3508 quod
1213 3402 1292 3509 ipso
1307 3400 1426 3509 possit
1442 3400 1626 3507 conqueri
1644 3401 1693 3477 de
1713 3399 1857 3479 lesione
1874 3398 1949 3477 sive
1966 3400 2026 3477 de

597 3531 788 3639 capcione,
807 3533 837 3613 si
853 3532 978 3611 videat
991 3559 1031 3610 se
1052 3530 1166 3613 fuisse
1182 3531 1298 3613 lesam
1316 3532 1373 3610 vel
1393 3530 1588 3639 deceptam
1602 3530 1643 3607 in
1658 3529 1840 3609 divisione
1855 3558 1924 3609 seu
1938 3559 2024 3638 par-

597 3664 695 3769 tagio
710 3664 756 3741 de
773 3664 952 3769 predictis
966 3662 1063 3743 facto
1078 3663 1178 3741 inter
1193 3664 1312 3770 ipsam
1326 3680 1364 3741 et
1381 3664 1560 3743 comitem
1572 3661 1847 3767 supradictum,
1864 3688 1941 3737 non
1958 3661 2024 3739 ob

598 3808 719 3869 stante
733 3792 897 3897 presenti
905 3791 1087 3899 judicato.
1924 3796 1930 3807 '

653 3920 829 3999 Mercurii
845 3938 933 4027 post
951 3921 1238 3999 Penthecostcn.

655 4050 762 4129 Creci
775 4052 987 4156 reportavit.

654 4309 746 4389 XCI.
782 4309 879 4389 Cum
912 4312 1018 4418 prior
1043 4312 1091 4391 de
1116 4310 1303 4391 Amiliano
1333 4327 1627 4420 conquereretur
1653 4309 1702 4389 de
1732 4311 1894 4418 quodam
1922 4309 2022 4390 arbi·

596 4440 679 4521 trali
705 4441 1022 4549 pronunciacione
1050 4470 1119 4549 per
1145 4442 1363 4551 magistrum
1389 4440 1645 4523 Girillermum
1670 4440 1717 4520 de
1735 4441 1889 4531 Dumis,
1910 4470 2022 4522 cano-

597 4574 725 4654 nicum
744 4572 1036 4663 Bituricensem,
1058 4573 1238 4653 clericum
1260 4591 1448 4663 nostrum,
1469 4572 1731 4681 inquisitorem
1748 4572 1788 4649 in
1807 4571 2022 4653 senescallia

597 4703 831 4786 Ruthenensi
857 4703 1077 4813 deputatum
1103 4734 1124 4785 a
1148 4705 1281 4795 nobis,
1306 4704 1400 4787 luctu
1425 4734 1539 4812 snper
1566 4716 1765 4812 patronatu
1789 4702 1945 4785 ecclesie
1971 4706 2020 4786 de

597 4834 808 4927 tuiliano,
826 4836 961 4915 virtuto
976 4834 1170 4944 cujusdam
1184 4836 1445 4943 compromissi
1465 4837 1505 4913 in
1519 4863 1609 4913 eum
1623 4832 1709 4917 lacti
1724 4850 1793 4943 per·
1802 4851 2022 4944 procurato-

598 4993 680 5045 rem
689 4966 987 5056 Rutheneusem,
1005 4967 1177 5049 consules
1196 4969 1245 5049 de
1267 4965 1473 5061 emiliano,
1487 4982 1525 5047 et
1538 4966 1704 5075 priorem
1722 4964 1948 5074 predictum,
1964 4967 2022 5046 di-

600 5124 687 5175 cens
707 5096 809 5177 idem
831 5098 935 5204 prior
951 5126 990 5178 se
1010 5128 1204 5209 nunquam
1223 5130 1337 5209 super
1357 5100 1430 5180 hoc
1448 5098 1489 5179 in
1514 5126 1603 5181 eum
1623 5098 1942 5206 compromisisse,
1962 5126 2021 5177 re-

600 5226 755 5335 quirens
769 5228 811 5307 id
826 5230 931 5337 quod
947 5258 1015 5337 per
1033 5229 1175 5311 dictum
1192 5230 1370 5311 clericum
1390 5248 1562 5311 nostrum
1580 5258 1696 5338 snper
1709 5228 1930 5308 hoclectum
1949 5244 2017 5314 est,

599 5372 790 5464 umquem
802 5359 952 5443 nullum
961 5360 1128 5443 totaliter
1137 5361 1318 5453 revoco-i,
1330 5377 1369 5441 et
1382 5362 1575 5451 custodes,
1591 5360 1753 5440 inbonis
1763 5359 1851 5449 suis,
1865 5350 2019 5463 propter
