5817 7292
905 1081 979 1156 sar
1378 1159 1383 1172 ,
1483 1078 1575 1153 ens
1603 1076 1744 1152 omn.

682 1231 866 1294 rarrrrrrrv,
957 1219 1060 1300 lovis
1075 1237 1163 1328 post
1177 1219 1407 1300 brandones.

741 1322 806 1366 1³1⁰·

960 1353 1003 1428 R.
1025 1350 1073 1427 de
1091 1350 1286 1457 Tyboutot
1305 1349 1430 1428 babet.

960 1479 1128 1559 Remissa
1145 1478 1217 1557 luit
1238 1480 1284 1557 ad
1303 1477 1495 1556 ballivum.

960 1742 1054 1819 XXI.
1086 1740 1184 1820 Cum
1196 1739 1425 1818 Guillelmus
1438 1739 1486 1815 de
1496 1735 1741 1827 Grandelain,
1758 1739 1924 1816 serviens
1935 1757 2065 1820 noster
2073 1743 2121 1820 de
2136 1742 2325 1837 Calniaco,

904 1899 972 1980 per
986 1871 1227 1978 inquisitores
1239 1897 1353 1976 super
1368 1867 1548 1946 officiales
1561 1885 1710 1945 nostros
1721 1868 1762 1944 in
1771 1869 2059 1950 Viromandensi
2073 1872 2225 1952 ballivia
2236 1895 2329 1956 tunc

906 2005 1105 2109 deputatus
1118 2031 1139 2078 a
1154 2001 1280 2092 nobis,
1298 2001 1337 2076 in
1355 1998 1507 2096 duobus
1521 1998 1692 2075 millibus
1704 1998 1885 2082 librarum
1901 2003 2186 2081 Turonensium
2198 2005 2326 2095 nobis,

906 2151 944 2212 et
954 2131 1128 2239 pluribus
1142 2131 1328 2239 personis,
1342 2130 1382 2208 in
1398 2147 1552 2207 centurn
1566 2129 1719 2235 triginta
1733 2128 1842 2210 libris
1856 2149 1896 2208 et
1907 2149 2070 2238 quatuor
2082 2133 2213 2213 solidis
2223 2137 2327 2214 Pari·

905 2263 1108 2352 siensibus,
1129 2291 1203 2369 que
1223 2263 1271 2340 de
1291 2261 1374 2368 ipso
1394 2277 1598 2366 conquesta
1616 2258 1782 2351 fuerant,
1802 2260 1935 2340 fideret
1953 2263 2263 2370 condempnatus,
2283 2285 2326 2344 et

906 2397 985 2502 ipse
1000 2411 1145 2500 postea,
1167 2421 1280 2500 super
1298 2393 1372 2470 hoc
1391 2419 1641 2497 conquerens,
1663 2393 1920 2498 proposuisset
1940 2394 2046 2500 quod
2063 2394 2152 2470 dicti
2171 2395 2325 2504 inquisi-

904 2544 1005 2604 tores
1023 2526 1106 2632 ejus
1125 2524 1242 2602 bonas
1261 2522 1531 2611 deffensiones,
1550 2549 1645 2628 quas
1664 2551 1789 2600 coram
1807 2521 1865 2602 cis
1885 2541 2130 2630 proposuerat
2147 2541 2242 2604 etse
2262 2555 2326 2605 eas

906 2655 1111 2735 obstulerat
1138 2653 1321 2761 legittime
1349 2653 1616 2759 probaturum,
1645 2655 1778 2732 audire
1802 2672 1844 2732 et
1870 2656 2069 2733 admittere
2090 2675 2323 2748 recusarunt,

905 2789 1101 2893 requirens
1118 2785 1190 2866 sibi
1211 2812 1325 2890 super
1343 2784 1417 2864 boc
1434 2784 1642 2891 provideri,
1663 2813 1809 2893 nosque
1825 2785 1964 2864 ballivo
1987 2780 2118 2866 nostro
2132 2790 2329 2867 Viroman-

907 2918 1029 3008 densi,
1051 2918 1169 2996 dictas
1185 2916 1437 2994 deffensiones
1452 2916 1541 3008 sibi,
1558 2917 1631 2995 sub
1649 2934 1781 2996 nostro
1797 2917 1939 2998 clausas
1954 2919 2227 3026 contrasigillo,
2244 2919 2329 2998 mit·

905 3065 1043 3142 tentes,
1073 3049 1355 3126 mandassemus
1378 3050 1575 3155 quatinus,
1596 3048 1773 3157 adjuncto
1792 3077 1921 3127 secum
1949 3050 2077 3156 aliquo
2103 3050 2225 3157 probo
2243 3052 2329 3128 ,viro

906 3181 1027 3288 perito
1042 3197 1081 3258 et
1093 3208 1171 3260 non
1186 3196 1379 3287 suspecto,
1400 3208 1470 3286 per
1482 3207 1523 3257 se
1541 3180 1601 3257 vel
1615 3207 1683 3286 per
1697 3179 1816 3258 alium
1833 3207 1902 3258 seu
1913 3177 2005 3257 alios
2020 3180 2208 3287 ydoneos,
2226 3208 2327 3258 voca·

907 3313 1030 3418 tisque
1044 3312 1213 3418 partibus
1224 3329 1264 3390 et
1276 3312 1480 3390 constituto
1491 3337 1562 3416 pro
1574 3312 1686 3390 nobis
1699 3313 1747 3389 ad
1759 3313 1833 3389 ltoc
1843 3312 2027 3417 legittimo
2042 3309 2258 3400 defensore,
2273 3312 2327 3389 di-

908 3441 1068 3548 ligenter
1081 3443 1288 3550 inquireret
1300 3441 1512 3531 veritatem,
1529 3443 1561 3518 si
1577 3443 1701 3520 dictus
1714 3441 1941 3522 Guillelmus
1952 3441 2072 3519 dictas
2084 3439 2326 3518 defensiones

907 3600 994 3650 suas
1008 3589 1254 3678 proposuerat
1271 3590 1309 3650 et
1324 3601 1385 3649 eas
1400 3546 1590 3650 obtulerat
1604 3601 1645 3652 se
1660 3573 1842 3682 legittime
1855 3567 2123 3678 probaturum,
2144 3587 2182 3648 et
2200 3571 2231 3648 si
2250 3572 2324 3679 ipsi

909 3730 969 3793 eas
998 3702 1197 3778 admittere
1220 3720 1458 3791 recusarunt,
1486 3721 1527 3780 et
1550 3719 1682 3780 utrum
1708 3719 1835 3780 essent
1859 3727 1946 3778 vere
1972 3700 2210 3778 defensiones
2237 3729 2326 3808 pre-

907 3833 1027 3913 dicte:
1042 3832 1233 3924 Tandem,
1250 3831 1343 3910 lacta
1355 3832 1576 3939 superbiis,
1592 3849 1638 3910 ut
1649 3834 1877 3939 premissum
1891 3847 1962 3924 est,
1979 3831 2153 3938 inquesta
2164 3831 2214 3908 de
2227 3861 2329 3910 man-

907 3961 993 4042 dato
1008 3979 1137 4040 nostro
1153 3991 1221 4068 per
1233 3962 1414 4041 ballivum
1430 3962 1677 4051 antedictum,
1692 3963 1938 4070 remissaque,
1954 3961 2132 4052 Parisios,
2148 3961 2196 4038 ad
2208 3963 2328 4070 parla-

906 4109 1078 4172 mentum
1104 4111 1278 4172 nostrum
1300 4093 1525 4201 judicanda,
1551 4093 1627 4171 visa
1655 4094 1789 4172 eadem
1814 4111 1853 4172 et
1874 4093 2078 4200 diligenter
2100 4092 2323 4180 examinata,

906 4224 994 4330 quia
1014 4224 1208 4302 inventum
1225 4225 1402 4332 estquod
1423 4223 1879 4315 dieushatlivumomm
1896 4223 2074 4330 predictis
2095 4223 2327 4332 inquisitori-

881 4354 994 4444 ,bus,
1015 4355 1267 4435 deffensiones
1286 4383 1371 4434 suas
1389 4356 1588 4463 proposuit
1606 4372 1646 4433 et
1663 4383 1703 4434 se
1721 4353 1863 4435 obtulit
1881 4353 2145 4463 probaturum,
2162 4371 2203 4432 et
2220 4355 2326 4462 quod

907 4485 976 4590 ipsi
1001 4514 1061 4564 eas
1083 4485 1281 4564 admittere
1300 4503 1536 4575 recusarunt,
1559 4514 1708 4564 necnon
1733 4487 1838 4592 quod
1861 4485 1960 4563 dicte
1981 4483 2218 4562 defensiones
2237 4500 2325 4563 sunt

906 4643 992 4692 vere
1013 4632 1050 4692 et
1068 4615 1267 4724 legittime,
1286 4646 1356 4724 per
1369 4618 1472 4697 curie
1490 4633 1618 4697 nostre
1633 4617 1840 4725 judicium,
1864 4615 2009 4694 dietum
2024 4614 2097 4694 fuit
2109 4616 2322 4722 predictum

905 4743 1152 4826 Guillelmum
1172 4748 1219 4826 de
1239 4747 1464 4828 Grandelain
1489 4777 1560 4857 per
1578 4749 1701 4827 dictos
1723 4746 1964 4855 inquisitores
1985 4747 2027 4824 in
2047 4745 2154 4823 dictis
2172 4742 2324 4822 duobus

904 4876 1073 4956 millibus
1086 4878 1266 4958 librarum
1278 4882 1559 4961 Turonensium
1569 4910 1770 4988 parvorum
1782 4877 2203 4968 minussocionabiliter,
2217 4877 2326 4985 reju-

904 5007 954 5086 ris
970 5008 1103 5088 ordine
1120 5011 1380 5116 pretermisso,
1401 5013 1723 5120 condempnatum
1741 5010 1876 5102 lirum,
1893 5035 1966 5086 nec
1982 5007 2226 5086 mandabitur
2239 5034 2325 5086 ere-

904 5139 1051 5218 cucioni
1069 5141 1363 5248 condempnacio
1380 5144 1574 5251 predicta3
1597 5145 1666 5224 sed
1685 5143 1774 5252 quia
1793 5130 1915 5220 dictus
1932 5139 2162 5219 Guillelmus
2181 5139 2327 5245 pluries
2483 5134 2490 5146 ’

816 5377 819 5384 ι
904 5269 1094 5350 confessus
1108 5269 1181 5352 luit
1197 5300 1236 5350 se
1254 5271 1364 5350 nobis
1377 5276 1500 5354 teneri
1514 5276 1555 5354 in
1568 5305 1645 5355 una
1657 5293 1698 5355 et
1709 5275 1861 5385 triginta
1874 5271 1981 5350 libris
2000 5289 2086 5351 octo
2107 5269 2236 5350 solidis
2254 5269 2323 5344 Pa-

904 5401 1139 5494 risiensibus,
1157 5403 1294 5483 dictam
1308 5433 1496 5486 summam
1511 5408 1649 5486 reddet
1662 5408 1793 5502 nobis;
1809 5422 1863 5495 et,
1880 5422 2063 5512 quantum
2079 5404 2128 5483 ad
2138 5401 2326 5510 predictas
