5817 7292
867 1102 942 1175 252
1451 1096 1540 1168 bns
1570 1095 1710 1169 OLlM.

640 1224 770 1310 Pinum
783 1252 828 1316 IV.
867 1240 1095 1318 deliberaret
1119 1237 1326 1345 predictam
1349 1236 1592 1314 medietatem
1616 1235 1787 1343 petitam,
1816 1235 1913 1313 salva
1940 1261 2054 1341 super
2081 1235 2155 1316 hoc
2181 1229 2311 1318 dictis·

703 1347 771 1428 ¹³⁰²·
865 1372 1035 1478 partibus
1055 1370 1253 1478 questione
1270 1343 1520 1475 pioprietatis.

923 1501 1053 1579 Martis
1071 1519 1156 1607 post
1174 1497 1510 1579 Circumcisionem
1524 1497 1692 1576 Domini.

925 1633 977 1710 M.
997 1633 1029 1708 J.
1050 1630 1264 1708 Anthonius
1282 1628 1497 1735 reportavit.

927 1892 1099 1972 XXXVII.
1131 1890 1228 1969 Cum
1247 1891 1363 1968 abbas
1387 1905 1427 1966 et
1450 1905 1655 1968 conventus
1677 1887 1725 1966 de
1747 1889 1939 1980 Viciliaco,
1963 1891 2002 1968 in
2023 1907 2151 1970 nostra
2169 1895 2296 2000 gardia

871 2024 1039 2132 speciali,
1059 2052 1146 2100 cum
1162 2050 1296 2101 eorum
1311 2020 1440 2114 bonis,
1461 2021 1679 2114 existentes,
1702 2021 1814 2099 nobis
1831 2022 1991 2129 graviter
2011 2025 2295 2129 conquerendo,

873 2153 1143 2264 significassent
1152 2151 1257 2258 quod
1267 2167 1397 2260 gentes
1410 2151 1560 2229 comitis
1569 2152 1822 2242 Nivemensis,
1840 2152 2057 2232 coadunatis
2070 2154 2119 2231 ad
2130 2155 2298 2260 hocplu-

873 2287 974 2362 rium
996 2284 1170 2361 villarum
1194 2281 1414 2360 bominibus
1438 2311 1525 2359 cum
1550 2281 1703 2359 diversis
1729 2310 1922 2360 armorum
1940 2282 2156 2391 generibus,
2177 2284 2297 2362 dicto-

874 2443 961 2494 rum
976 2413 1240 2522 religiosorum
1254 2438 1429 2500 nemora,
1446 2411 1486 2487 in
1507 2411 1648 2517 quibus
1665 2410 1735 2516 ipsi
1754 2409 1886 2490 dicunt
1903 2441 1941 2490 se
1958 2412 2215 2490 omnimodam
2229 2414 2297 2491 ba-

874 2545 966 2623 bere
972 2544 1178 2652 justiciam,
1189 2540 1373 2621 violenter
1384 2559 1421 2618 et
1433 2541 1572 2649 injuste
1588 2541 1710 2620 scindi
1724 2540 1905 2632 fecerant,
1920 2569 1988 2648 per
1997 2543 2141 2622 diversa
2151 2544 2248 2633 loca,
2261 2562 2298 2622 et

877 2675 1021 2762 dirimi,
1045 2676 1085 2750 in
1104 2691 1232 2752 nostre
1243 2672 1380 2779 gardia
1404 2671 1657 2779 prejudicium
1680 2689 1719 2750 et
1742 2673 1912 2778 ipsorum
1936 2672 2199 2782 religiosorum
2222 2702 2300 2752 non

876 2805 1071 2885 modicum
1084 2804 1376 2892 detrimentum,
1392 2831 1480 2879 cum
1493 2803 1671 2908 precipue
1685 2803 1848 2882 serviens
1864 2821 2003 2895 noster,
2018 2804 2067 2884 ad
2082 2804 2301 2912 hujusmodi

876 2936 1044 3046 gardiam
1063 2934 1273 3042 specialiter
1292 2933 1513 3039 deputatus,
1528 2933 1602 3012 hoc
1617 2961 1789 3040 expresse
1804 2931 1886 3012 lieri
1901 2935 2124 3042 prohiberet
2138 2934 2300 3026 eisdem;

878 3095 994 3173 quare
1008 3066 1188 3174 petebant
1205 3065 1369 3169 dampna
1388 3064 1461 3141 sibi
1484 3062 1586 3140 illata
1602 3091 1670 3169 per
1684 3063 1802 3142 dictas
1821 3082 1951 3171 gentes
1969 3065 2087 3172 ipsius
2101 3066 2250 3144 comitis
2265 3066 2304 3142 in

880 3197 988 3275 dictis
1017 3196 1095 3274 suis
1118 3195 1340 3272 nemoribus
1366 3193 1438 3272 sibi
1465 3194 1592 3283 reddi,
1617 3211 1656 3271 et
1674 3193 1831 3301 injurias
1855 3224 1897 3271 ac
1918 3196 2121 3274 violencias
2145 3196 2216 3274 sibi
2237 3223 2305 3302 per

880 3325 954 3404 boc
983 3326 1122 3432 injuste
1152 3323 1275 3402 illatas
1302 3303 1518 3412 emendarss
1544 3353 1619 3430 que
1649 3323 1809 3430 dampna
1833 3341 1872 3402 et
1897 3325 2053 3432 injurias
2079 3326 2305 3404 estimabant

882 3455 973 3532 dicti
991 3454 1156 3561 religiosi
1173 3454 1221 3530 ad
1233 3482 1419 3532 summam
1438 3455 1603 3532 duorum
1623 3454 1788 3532 millium
1804 3455 1985 3538 librarum
2004 3455 2302 3547 Turonensium,

882 3587 923 3661 in
942 3585 1083 3693 quibus
1103 3584 1281 3691 petebant
1304 3583 1449 3662 dictum
1472 3584 1650 3662 comitem
1674 3586 1744 3662 sibi
1765 3603 1918 3692 propter
1936 3583 2010 3664 hoc
2028 3583 2305 3668 sentencialiter

883 3715 1176 3822 condempnari;
1197 3743 1312 3823 super
1325 3714 1466 3824 quibus
1486 3716 1677 3822 dampnis,
1695 3716 1843 3825 injuriis
1862 3733 1901 3794 et
1918 3715 2109 3795 violenciis
2129 3715 2305 3794 dedimus

883 3848 923 3922 in
943 3847 1129 3925 mandatis
1146 3847 1284 3925 ballivo
1308 3864 1438 3926 nostro
1462 3847 1684 3925 Bituricensi
1707 3865 1766 3937 ut,
1788 3848 1925 3926 vocatis
1949 3846 2160 3936 evocandis,
2182 3847 2308 3954 inqui-

884 3995 984 4055 reret
1007 4005 1075 4056 seu
1094 3979 1235 4086 inquiri
1254 3978 1393 4057 laceret
1414 3980 1634 4057 veritatem:
1656 3979 1743 4058 Visa
1765 3977 1882 4086 igitur
1905 3979 2107 4086 diligenter
2136 3978 2308 4087 inquesta

884 4136 998 4212 super
1016 4108 1090 4186 boc
1108 4111 1156 4187 de
1175 4110 1352 4188 mandato
1372 4119 1501 4190 irostro
1519 4109 1629 4200 facta,
1647 4138 1716 4216 per
1734 4109 1836 4188 curie
1855 4125 1982 4188 nostre
1997 4108 2205 4217 judicium,
2228 4110 2308 4187 dic·

885 4254 948 4314 tus
965 4265 1094 4315 comes
1113 4239 1185 4317 fuit
1201 4240 1344 4318 eisdem
1360 4238 1545 4348 religiosis
1559 4239 1837 4318 sentencialiter
1849 4239 2145 4345 condempnatus
2160 4239 2208 4316 ad
2223 4241 2309 4317 red-

888 4367 1057 4445 dendum
1078 4386 1116 4447 et
1136 4369 1359 4448 solvendum
1376 4371 1540 4459 eisdem,
1566 4399 1635 4479 pro
1656 4370 1846 4476 dampnis,
1874 4368 2023 4476 injuriis
2043 4386 2083 4448 et
2098 4369 2309 4449 excessibus

888 4498 1081 4604 predictis,
1100 4516 1287 4579 trecentas
1306 4520 1344 4578 et
1360 4501 1547 4608 sexaginta
1563 4501 1678 4580 libras
1690 4529 1893 4612 parvorum
1909 4500 2100 4579 bonorum
2113 4502 2308 4578 Turonen-

889 4620 1004 4718 sium,
1027 4659 1069 4706 ac
1088 4631 1198 4709 nobis
1210 4631 1434 4738 quingentas
1444 4631 1557 4712 libras
1570 4632 1670 4710 dicte
1685 4649 1838 4710 monete
1853 4660 1923 4738 pro
1937 4649 2064 4712 nostra
2080 4630 2249 4710 emenda.

945 4761 1072 4839 Martis
1085 4762 1264 4868 predicta.

944 4891 997 4972 Μ.
1017 4893 1049 4969 J.
1070 4892 1285 4973 Anthonius
1303 4896 1515 5001 reportavit.

873 5133 877 5140 ¹
945 5155 1136 5234 XXXVIII.
1167 5158 1267 5235 Mota
1287 5159 1538 5238 controversia
1551 5160 1651 5238 inter
1664 5160 1837 5238 abbatem
1859 5174 1897 5237 et
1913 5173 2141 5236 conventum
2164 5183 2312 5236 mones-

889 5282 975 5360 terii
999 5283 1539 5383 Sancti-Quintini-in·lnsula,
1562 5319 1605 5366 ex
1623 5307 1728 5396 parte
1748 5317 1838 5380 una,
1861 5305 1899 5367 et
1916 5288 2097 5368 ballivum
2115 5288 2312 5366 Viroman-

893 5413 1048 5492 densem
1067 5442 1137 5521 pro
1151 5417 1277 5507 nobis,
1299 5448 1342 5497 ex
1362 5418 1451 5513 alia,
1472 5447 1585 5526 super
1605 5449 1651 5498 co
1673 5419 1780 5526 quod
1798 5418 1888 5498 dicti
1907 5418 2073 5526 religiosi
2095 5415 2311 5498 asserebant
