5817 7292
850 1117 925 1190 218
1429 1117 1520 1190 tus
1551 1115 1692 1192 OLIM.

620 1265 806 1329 utrumn,
904 1258 1029 1334 XLIX.
1061 1258 1159 1337 Cum
1183 1258 1380 1364 Margarita
1399 1259 1448 1336 de
1472 1258 1657 1351 Emonia,
1679 1257 1811 1334 relicte
1829 1255 1996 1334 defuncti
2016 1261 2057 1335 tt.
2075 1263 2264 1364 qnondam

682 1357 744 1400 Μ’
847 1389 993 1465 comitis
1013 1388 1298 1482 dttrebatensis,
1322 1409 1450 1468 contra
1471 1390 1702 1476 Mathildim,
1725 1417 1826 1464 nunc
1851 1389 2081 1466 comitissam·
2097 1389 2269 1468 Attrebe-

844 1536 1007 1608 tensem,
1023 1537 1170 1625 peteret
1182 1519 1254 1596 sibi
1267 1520 1490 1597 dotalicium
1508 1519 1681 1627 essigneri
1700 1520 1738 1598 in
1752 1517 1861 1596 bonis
1876 1521 2077 1598 comitatus
2088 1521 2264 1625 predicti,

845 1651 921 1726 sive
942 1651 1484 1728 secundumconsuetudinem
1506 1654 1604 1728 iuter
1624 1679 1730 1756 pares
1750 1651 1923 1741 Francic,
1946 1651 1984 1725 in
2004 1650 2196 1730 similibus·
2210 1681 2268 1728 ca-

844 1778 947 1857 sibus
967 1781 1218 1866 observatam,
1240 1780 1270 1854 si
1284 1779 1338 1878 de
1357 1809 1400 1856 ea
1419 1782 1545 1886 posset
1560 1769 1744 1868 constare,
1760 1780 1929 1886 alioquin
1950 1781 2160 1856 secundum
2176 1811 2265 1858 con-

843 1911 1043 1988 venciouee
1066 1935 1141 2017 qne
1165 1933 1279 2016 super
1302 1910 1374 1987 hoc
1396 1913 1635 1989 invenientur
1654 1911 1779 1988 hubitc
1798 1929 1842 1988 et
1865 1935 2038 1988 concesse
2064 1903 2178 1988 titisse
2198 1941 2266 2018 per

844 2043 1020 2118 comitem
1031 2041 1279 2129 antedictum,
1297 2040 1425 2146 plures
1437 2035 1486 2118 ed
1500 2043 1655 2149 ltocpru
1664 2059 1849 2149 pertenue
1860 2041 2045 2128 raciones,
2061 2061 2265 2120 consuete

842 2171 951 2247 dines
967 2190 1005 2248 et
1023 2172 1116 2250 tacu
1134 2173 1401 2278 proponendo,
1422 2170 1588 2281 predicte
1610 2169 1800 2264 Methiidi,
1823 2199 1892 2278 pro
1911 2189 2015 2278 purte
2034 2199 2117 2260 sue,
2136 2172 2265 2278 plures

840 2298 1014 2380 similiter
1031 2305 1214 2391 raciones,
1232 2304 1325 2380 facts
1341 2322 1380 2381 et
1397 2297 1689 2383 consuetudines
1707 2305 1746 2379 in
1760 2303 1990 2380 comrurinm
2003 2321 2260 2409 proponente,

841 2451 879 2510 ct
903 2436 1002 2510 inter
1025 2453 1150 2512 cetere-
1172 2437 1403 2540 pruducente
1428 2437 1623 2546 cujusdem
1652 2435 1780 2512 littere·
1799 2433 1870 2511 sub
1895 2430 2021 2541 nigidio
2047 2435 2267 2511 tebeilionis

839 2565 1101 2671 transcriptum
1126 2590 1241 2672 super
1264 2564 1584 2645 contencionibus
1607 2567 1700 2644 dicti
1723 2565 1908 2653 dotalicii,
1934 2593 2001 2670 per
2025 2565 2168 2641 dictum
2198 2595 2260 2642 co-

838 2696 968 2773 mitem
995 2696 1132 2774 hibitis
1152 2713 1191 2772 et
1210 2699 1420 2776 concessis:
1440 2699 1630 2786 Tandem,
1658 2697 1797 2774 tuditis
1823 2696 1911 2774 hinc
1932 2696 2019 2772 inde
2043 2697 2259 2800 propositis,

838 2842 876 2901 et
896 2827 1086 2933 inquestt,
1114 2851 1229 2934 snper
1250 2830 1323 2905 hoc
1347 2830 1396 2906 de
1422 2829 1598 2906 mundato
1625 2843 1753 2905 nostno
1776 2825 1888 2910 secte,
1910 2826 1983 2900 uisu
2005 2841 2043 2900 et
2063 2824 2263 2931 diiigenter

838 2957 1062 3046 excutiente,
1091 2958 1265 3066 dictuque
1291 2961 1502 3072 Murgan-ite,
1525 2987 1614 3036 cunt
1633 2983 1714 3035 non·
1730 2973 1923 3064 appareret
1943 2955 2032 3033 dicti
2053 2956 2267 3061 transcripti

837 3088 1027 3195 originalis
1041 3089 1182 3182 iittern,
1199 3117 1268 3196 per
1281 3093 1425 3168 curium
1441 3108 1608 3168 nostrum
1629 3090 1852 3196 intemogute
1872 3087 1902 3164 si
1925 3081 2025 3162 dicto
2040 3087 2261 3192 utnscnpto

837 3219 938 3296 credi
955 3220 1125 3298 ctiidum
1136 3221 1306 3300 udhiheri
1323 3223 1488 3312 volebat,
1505 3223 1578 3298 hoc
1593 3243 1763 3327 expresse
1783 3219 1933 3295 volente
1955 3235 1992 3294 et
2012 3219 2259 3310 concedente,

837 3375 925 3424 cnm
944 3351 993 3426 de
1013 3351 1352 3429 consuetudinibus
1371 3351 1550 3458 predictis
1573 3353 1670 3428 inter
1689 3377 1795 3456 peres
1815 3349 1986 3436 Francis,
2007 3377 2030 3423 c
2050 3347 2157 3426 dictii
2176 3375 2260 3453 per-

835 3479 938 3557 tibus
952 3477 1135 3590 aliegatis,
1158 3484 1275 3560 nichil
1293 3485 1486 3560 inventurn
1502 3481 1616 3560 fuerit
1630 3481 1861 3560 sufficienter
1872 3481 2090 3586 probatum,
2113 3505 2182 3584 pet·
2196 3508 2260 3555 cu-

835 3611 890 3687 rie
911 3629 1038 3688 nostre
1048 3611 1257 3720 judicium,
1281 3614 1424 3692 dictum
1437 3613 1509 3692 suit
1522 3631 1560 3690 ct
1576 3613 1864 3720 pronunciatum
1883 3611 1987 3718 quod
2004 3609 2102 3686 dicta
2118 3612 2260 3716 Mergu-

834 3743 920 3833 ritu,
935 3746 1187 3851 propredicto
1204 3746 1380 3824 dotalicio
1394 3769 1482 3832 suo,
1500 3745 1669 3834 habebit,
1687 3745 1728 3820 in
1743 3744 1854 3821 bonis
1870 3742 2068 3819 comitatus
2081 3741 2255 3847 predicti,

834 3875 903 3950 trie
922 3875 1042 3954 miliia
1059 3893 1096 3952 et
1116 3877 1341 3984 quingentas
1361 3875 1477 3954 libres
1494 3875 1750 3962 Turonenses,
1773 3873 1818 3948 uh
1839 3873 1921 3978 ipse·
1936 3870 2194 3976 percipiendus
2211 3871 2257 3946 ed

833 4005 944 4082 vitem
964 4031 1088 4096 sunm,
1106 4025 1144 4084 et
1157 4007 1228 4085 sibi
1249 4008 1502 4116 assignandas,
1523 4007 1732 4084 secundum
1754 4003 1861 4110 quod
1881 4003 1922 4078 in
1936 4003 2158 4107 transcripto
2176 4027 2260 4106 pre-

835 4135 941 4214 dicto·
963 4133 1178 4216 continetur
1199 4136 1420 4216 ordinatum
1442 4138 1558 4215 fuisse
1584 4159 1651 4245 per
1676 4129 1898 4213 defunctum
1916 4133 2148 4238 predictum,
2171 4157 2259 4208 ncc-

770 4258 773 4265 ’
833 4293 913 4344 non
930 4271 1112 4378 merigis
1130 4271 1221 4346 dicti
1240 4270 1406 4348 dotaticii
1426 4295 1498 4375 pro
1515 4287 1686 4374 tempore
1704 4287 1823 4372 usqne
1844 4287 1947 4342 nune
1963 4263 2143 4370 preterito
2159 4291 2180 4338 u
2196 4263 2262 4339 die

833 4398 961 4476 obitus
977 4402 1124 4478 comitis
1143 4401 1364 4505 supradicti,
1379 4400 1476 4479 suctu
1490 4401 1582 4477 inde
1601 4399 1829 4476 deductione
1851 4397 1900 4473 dc
1919 4395 2081 4501 receptis
2092 4419 2160 4501 per
2175 4421 2256 4470 eam

833 4527 988 4619 habitis,
1011 4555 1054 4609 en
1073 4533 1302 4640 provisione,
1321 4531 1387 4609 tite
1401 4531 1609 4638 pendente,
1629 4553 1745 4636 super
1759 4529 1838 4609 hoc
1851 4551 1920 4634 per
1932 4528 2075 4604 cirrum
2092 4543 2256 4602 nostram

832 4659 903 4735 sibi
923 4660 1028 4740 iectu.
1838 4653 1842 4660 ’

887 4795 986 4872 iovis
1005 4813 1090 4902 post
1108 4791 1257 4874 octelim
1277 4796 1501 4902 Epiphanio.

890 4921 941 5002 M.
963 4927 1007 5001 Η.
1019 4917 1191 5006 ·Cuiiiier
1206 4930 1416 5036 reportent.

891 5187 928 5260 L.
962 5187 1002 5262 In
1027 5215 1134 5264 cause
1154 5188 1345 5264 viduitatis
1370 5205 1470 5264 motu
1491 5188 1592 5265 inter
1608 5184 1842 5294 Meiganitum
1866 5183 1919 5259 de
1940 5179 2125 5273 Hunenie,
2152 5179 2254 5258 reiic-

829 5332 907 5390 tem
935 5316 1102 5393 defuncti
1131 5321 1173 5392 tt.
1200 5317 1392 5422 quondum
1419 5320 1564 5396 comitis
1589 5318 1875 5403 Attrebeteneie,
1902 5335 1954 5392 ctt'
1969 5333 2047 5390 una·
2067 5329 2189 5419 perte,
2218 5328 2254 5388 et

830 5446 1060 5536 Methildim,
1075 5475 1176 5523 nuuc
1186 5448 1413 5525 comitissam
1427 5449 1745 5536 Attrebetensem,
1760 5477 1803 5524 ex
1819 5445 1950 5537 altera,
1964 5473 2077 5552 super
2090 5473 2135 5522 eo
2147 5443 2252 5552 quod
