5817 7292
1008 1083 1364 1208 cancerasse
1392 1083 1601 1172 raeces.
1942 1100 2010 1174 asi

599 1248 720 1324 dictus
750 1245 947 1352 regaliamr
973 1263 1101 1324 noster
1131 1259 1335 1350 receperat,
1365 1240 1543 1348 predictis
1577 1240 1755 1346 episcopo
1784 1258 1824 1318 et
1852 1244 2017 1350 capitulo
2055 1252 2240 1316 raumara,

597 1376 818 1464 deliberatis
840 1393 1083 1481 procuratore
1101 1393 1230 1454 nostro
1250 1400 1319 1478 pro
1339 1371 1448 1450 nobis
1469 1371 1701 1448 contrarium
1721 1369 1887 1458 dicente,
1911 1375 2017 1480 quod
2117 1343 2180 1384 Μ’

597 1509 671 1584 sive
691 1506 783 1584 aiias
799 1506 1068 1584 contulerimus
1086 1506 1273 1613 predictas
1293 1502 1508 1609 prebendas
1530 1518 1569 1578 et
1586 1501 1805 1607 dignitates,
1825 1502 1901 1578 sive
1922 1530 2015 1593 aon,

597 1655 738 1730 umen,
762 1655 918 1744 propter
935 1637 1146 1744 generalem
1165 1661 1277 1712 usum
1298 1659 1414 1738 quem
1433 1660 1503 1710 nos
1526 1648 1564 1708 et
1591 1632 1874 1736 predecessores
1899 1635 2017 1708 nostri

596 1769 857 1846 consuevimus
876 1769 1072 1845 observem
1093 1769 1132 1843 in
1150 1765 1300 1872 regaliis
1319 1789 1387 1869 par
1403 1779 1534 1840 totum«
1549 1789 1709 1867 regnum
1731 1749 1920 1851 nostium,
1938 1792 2015 1855 eas,

595 1915 671 1973 tem
676 1926 765 2004 pore
780 1896 934 2004 regalie,
951 1897 988 1974 in
1003 1896 1156 2002 prefatis
1170 1894 1335 1972 ecclesiis
1347 1891 1515 1970 coaffeme
1528 1892 1729 1982 debemus;
1742 1891 1890 1970 dicebat
1900 1895 2017 1971 eciam

596 2029 716 2104 dictus
729 2043 946 2133 procurator
963 2043 1091 2104 noster
1106 2052 1237 2102 omnes
1254 2022 1398 2099 fructus
1415 2022 1650 2126 supradictos
1662 2051 1683 2098 a
1695 2023 1916 2128 regaliatore
1929 2054 2018 2103 nos-

594 2175 669 2244 tro,
688 2156 776 2234 sede
791 2155 1094 2235 Claromontensi
1108 2171 1275 2242 vacante,
1298 2169 1495 2259 perceptos
1511 2152 1559 2228 ad
1574 2180 1643 2228 nos
1656 2153 1844 2258 pertinere
1860 2154 2014 2242 debere,

595 2304 632 2364 et
654 2313 768 2392 super
793 2289 867 2366 hoc
887 2287 1039 2393 petebat
1064 2285 1180 2362 videri
1205 2284 1360 2390 registra
1376 2283 1541 2388 antiqua
1555 2265 1784 2389 reguliacam
1800 2315 1810 2360 ε
1828 2285 2015 2378 Tandem,

594 2421 666 2494 visa
687 2419 849 2524 quadam
875 2419 1049 2524 inquesta
1070 2419 1116 2495 de
1137 2415 1315 2494 mandato
1343 2431 1476 2492 nostro
1493 2442 1608 2520 super
1629 2415 1819 2519 premissis
1834 2412 1949 2506 iacta,
1980 2433 2019 2492 et

593 2549 678 2624 visis
697 2549 815 2626 eciam
835 2547 1001 2654 registris
1017 2547 1170 2634 nostris,
1189 2544 1480 2651 pronunciatum
1500 2540 1586 2629 fuit,
1605 2571 1674 2647 per
1691 2543 1794 2620 curie
1813 2562 1940 2631 nostre
1953 2546 2018 2651 ju·

594 2677 752 2763 dicium,
775 2704 871 2754 cum·
882 2702 960 2754 uon
980 2691 1167 2754 constaret
1186 2674 1233 2751 de
1254 2672 1489 2778 possessione
1508 2689 1650 2761 nostra,
1670 2701 1740 2749 nec
1758 2700 1829 2750 nos
1847 2701 1918 2750 nec
1935 2704 2019 2781 pre-

595 2808 810 2886 decessores
838 2823 986 2884 nostros
1009 2831 1097 2882 usos
1122 2803 1236 2882 fuisse
1261 2802 1395 2880 saisina
1418 2799 1638 2878 conserendi
1663 2798 1788 2907 aisque
1816 2803 2016 2893 beneficia,

594 2955 765 3042 tempore
779 2935 979 3044 regalium,
992 2936 1035 3012 in
1052 2933 1218 3012 ecclesiis
1232 2932 1463 3021 memoratis,
1483 2930 1729 3008 collationem
1744 2931 2017 3014 beneficiorum

595 3067 822 3155 vacaucium,
839 3067 932 3144 sede
950 3064 1251 3146 Claromontensi
1270 3079 1439 3150 vacante,
1460 3061 1592 3140 futuro
1614 3062 1923 3166 Claromonteasi·
1940 3067 2020 3172 epi-

593 3223 706 3302 scopo
729 3197 908 3274 casemari
935 3196 1094 3284 dehere,
1116 3195 1223 3284 item,
1250 3195 1356 3301 quia,
1382 3220 1450 3298 par
1474 3193 1631 3300 registra
1649 3211 1793 3281 nostra,
1814 3222 1929 3302 super
1947 3197 2020 3274 hoc

593 3328 775 3434 inspecta,
794 3327 986 3404 inventum
998 3353 1076 3404 non
1095 3323 1216 3402 extitit
1232 3351 1301 3400 nos
1318 3349 1386 3400 seu
1398 3320 1687 3430 predecessores
1705 3341 1853 3402 nostros
1873 3327 2021 3432 depre-

594 3456 706 3534 dictis
723 3456 995 3546 cathedratico,
1017 3453 1250 3564 synodatico,
1271 3451 1630 3560 procuracionibus,
1642 3453 1800 3530 minutis
1821 3453 2022 3532 oblacioni-

592 3587 682 3678 bus,
710 3589 868 3666 minutis
890 3587 1084 3679 censibus,
1107 3602 1145 3663 et
1172 3583 1428 3662 deductibus
1453 3582 1697 3660 ecciesiarum
1722 3584 1772 3660 de
1796 3585 1960 3663 Roffiaco
1982 3603 2021 3663 et

593 3719 640 3795 de
665 3719 834 3809 Allodia,
858 3736 896 3796 et
917 3719 970 3796 de
988 3717 1146 3794 decimis
1165 3715 1353 3794 dictarum
1366 3713 1617 3816 ‘ecclesiarum
1635 3715 1781 3791 noviter
1798 3743 1869 3818 per
1887 3717 2019 3792 sedem

593 3849 832 3951 apostolicam
853 3848 1038 3955 adjunctis
1051 3875 1179 3924 mense
1200 3843 1419 3950 episcopali,
1444 3839 1590 3948 aliquid
1606 3844 1832 3948 percepisse,
1850 3871 2021 3948 pronun-

593 3979 735 4054 ciatum·
745 3978 831 4066 suit,
849 4006 916 4085 per
930 3978 1032 4056 idem
1043 3977 1248 4084 judicium,
1264 3974 1409 4052 finctus
1425 3973 1616 4079 predictos
1630 3973 1774 4051 eisdem
1791 3974 1937 4050 restitui
1952 3975 2020 4052 de·

594 4107 701 4196 bere,
724 4124 766 4184 ct
779 4107 890 4185 dictis
908 4107 1056 4184 sacriste
1072 4123 1111 4183 et
1125 4103 1269 4182 vicariis
1288 4103 1469 4182 debonis
1488 4102 1578 4180 dicti
1597 4103 1847 4209 episcopatus,
1870 4123 2020 4182 vacmte

594 4237 701 4324 sede,
717 4265 787 4342 per
798 4237 1058 4344 regaliamrem
1071 4251 1245 4314 codrum
1253 4233 1458 4340 perceptis,
1468 4235 1669 4340 superhoc
1678 4232 1849 4310 satisfieri
1859 4234 2018 4324 debeam

594 4369 702 4456 item,
720 4367 900 4473 predictis
915 4385 1080 4473 quatuor
1091 4365 1235 4444 vicariis
1253 4366 1301 4442 dc
1315 4359 1484 4470 predicta
1495 4363 1640 4441 damma
1660 4365 1708 4442 de
1725 4365 1871 4453 Jaumi,
1885 4396 1906 4442 a
1918 4365 2019 4444 dicto

593 4498 813 4605 regaliatore
831 4515 1023 4605 percepta,
1045 4497 1184 4576 debere
1212 4496 1302 4574 solvi
1330 4495 1522 4574 redditum
1544 4493 1647 4573 bladi
1668 4496 1896 4601 predictum,
1917 4499 2018 4576 salvo

592 4647 718 4706 umen
741 4648 779 4708 et
797 4627 1008 4738 adjudicato
1028 4629 1140 4708 nobis
1162 4627 1260 4706 dicte
1280 4627 1426 4704 decime
1447 4625 1495 4717 de
1508 4630 1646 4734 lauaay
1662 4627 1833 4715 residuo,
1854 4645 1894 4704 ct
1911 4629 2019 4706 salvis

593 4788 636 4836 ac
653 4759 766 4838 nobis
783 4760 1005 4869 adjudicetis
1029 4759 1206 4838 omnibns
1229 4757 1312 4837 aliis
1338 4757 1495 4835 decimis
1517 4759 1679 4864 antiquis
1698 4787 1773 4864 que
1794 4758 1900 4846 alias,
1917 4777 2019 4836 tem-

593 4919 684 4996 pore
699 4892 853 5002 regatis,
870 4891 1016 4970 anobis
1030 4909 1069 4968 et
1080 4889 1410 4997 predecessoribus
1425 4890 1563 4967 noetris
1572 4889 1716 4996 percipi
1729 4909 2016 4977 consueverunt,

593 5041 631 5100 et
650 5023 758 5102 salvis
778 5025 897 5102 eciam
917 5024 1042 5110 nobis,
1072 5039 1112 5100 et
1136 5021 1291 5100 retentis
1317 5020 1467 5127 regaiiis
1487 5037 1526 5098 et
1544 5020 1628 5098 aliis
1645 5020 1799 5129 juribus
1823 5023 1961 5099 nostris
1979 5023 2018 5098 in

594 5154 772 5235 omnibus
789 5155 994 5262 acquisitis,
1010 5181 1078 5260 per
1086 5154 1284 5260 episcopos
1303 5151 1753 5231 Ciaromontensesfaetis
1764 5153 1803 5230 in
1814 5153 2019 5262 laycalihus

593 5281 729 5372 feodis,
752 5285 898 5364 allodiis
918 5304 957 5364 et
975 5285 1147 5375 semivia,
1168 5302 1208 5363 et
1225 5283 1334 5362 salvis
1352 5299 1391 5360 et
1408 5283 1520 5360 nohis
1538 5283 1760 5392 adjudicatis
1779 5283 1942 5361 denariis
1959 5283 2018 5360 fo-

594 5439 723 5490 corum
737 5418 1054 5521 supradictorum
1072 5420 1180 5506 item,
1202 5415 1491 5523 pronunciatum
1505 5414 1577 5492 fuit
1589 5417 1695 5520 quod
1715 5414 2014 5492 emotumentum

1838 5567 1886 5645 57.
