5817 7292
1029 1133 1297 1240 saoneres
1322 1151 1387 1222 ur
1413 1131 1618 1225 paucus.
1957 1150 2031 1224 287

611 1291 706 1370 lium
725 1290 765 1368 in
784 1290 973 1397 peticione
991 1291 1161 1397 ipsorum
1181 1307 1466 1382 contentorum,
1482 1318 1570 1367 cum
1584 1287 1768 1366 fructibus
1780 1288 1870 1366 inde
1886 1319 2034 1400 percep
2069 1273 2201 1358 burrum
2214 1302 2258 1367 W.

610 1423 677 1514 tis,
699 1439 738 1500 et
756 1420 873 1498 eciam
893 1421 942 1499 ad
965 1422 1245 1500 restituendum
1270 1422 1387 1499 dictas
1405 1419 1597 1528 octoginta
1614 1417 1745 1508 libras,
1769 1417 1816 1496 de
1836 1419 1975 1526 quibus
1995 1421 2035 1500 in
2133 1395 2197 1438 m
2254 1401 2258 1408 ¹

611 1552 775 1631 articulis
796 1553 965 1659 ipsorum
984 1551 1029 1631 fit
1049 1553 1209 1631 mencio.
1229 1555 1272 1632 ln
1291 1582 1338 1632 eo
1355 1570 1484 1630 autern
1503 1550 1609 1658 quod
1624 1550 1746 1629 dictus
1762 1551 1975 1658 prepositus
1996 1554 2035 1630 in

612 1683 695 1762 aliis
716 1684 829 1762 bonis
856 1684 1063 1762 mobilibus
1088 1684 1281 1791 predictos
1304 1683 1484 1792 conjuges
1505 1682 1552 1761 ab
1577 1682 1822 1789 impeticione
1849 1681 2037 1762 dictorum

612 1814 820 1893 liberorum
838 1813 1012 1903 absolvit,
1032 1813 1104 1892 fuit
1123 1815 1283 1904 dictum,
1305 1845 1373 1923 per
1391 1815 1496 1894 curie
1517 1831 1644 1893 nostre
1662 1812 1871 1921 judicium,
1895 1812 2038 1890 dictum

614 1945 847 2052 prepositum
870 1944 970 2023 bene
995 1948 1281 2053 pronunciasse,
1307 1964 1346 2025 et
1369 1949 1409 2024 in
1432 1948 1506 2026 hoc
1532 1945 1614 2053 ejus
1641 1944 1713 2024 fuit
1734 1943 1925 2022 sentencia
1948 1971 2038 2022 con-

612 2074 769 2152 firmata.

668 2205 846 2282 Mercurii
866 2223 952 2313 post
969 2206 1231 2285 Candelosam.

669 2333 828 2412 Cuillier
843 2337 1058 2443 reportavit.

667 2597 762 2673 XXI.
793 2597 835 2673 ln
860 2597 1025 2703 quadam
1048 2625 1157 2676 causa
1181 2625 1309 2676 coram
1332 2596 1471 2676 ballivo
1492 2597 1657 2704 episcopi
1681 2597 1914 2675 Belvacensis
1937 2617 2039 2677 mota

613 2726 713 2803 inter
728 2742 892 2804 textores
911 2755 952 2804 ac
971 2727 1159 2806 lanatores
1178 2726 1335 2804 civitatis
1354 2726 1601 2815 belvacensis,
1623 2743 1727 2833 parte
1751 2727 1940 2804 dictorum
1959 2745 2039 2804 tex-

612 2874 758 2945 torum,
776 2855 930 2934 nomine
946 2857 1229 2934 communitatis
1248 2884 1400 2944 eorum,
1416 2873 1566 2962 petente
1587 2885 1627 2932 se
1650 2856 1814 2950 admitti,
1828 2857 1966 2935 virtute
1982 2886 2042 2933 cu·

607 2986 761 3094 jusdam
776 2986 1025 3094 procuratorii
1038 2987 1182 3066 ibidem
1201 2986 1399 3094 injudicio
1418 2984 1593 3077 exhibiti,
1610 3004 1714 3094 parte
1732 2987 1920 3066 dictorum
1939 2986 2041 3066 lana-

612 3135 741 3196 torum
753 3147 775 3196 e
789 3119 977 3196 contrario
990 3136 1225 3227 proponente
1241 3118 1385 3196 dictum
1399 3117 1698 3226 procuratorium
1714 3147 1791 3196 non
1801 3118 1940 3208 valere,
1954 3103 2040 3196 cum

615 3249 755 3326 lactum
773 3277 851 3326 non
870 3250 1022 3342 luisset,
1038 3266 1082 3327 ut
1101 3248 1265 3337 dicebat,
1288 3247 1336 3324 de
1356 3276 1542 3326 consensu
1560 3249 1715 3358 majoris
1732 3249 1848 3356 partis
1870 3276 2041 3329 commu·

613 3378 740 3457 nitatis
762 3379 952 3458 dictorum
970 3396 1177 3470 textorum,
1199 3379 1323 3456 dictus
1343 3378 1505 3457 ballivus
1517 3378 1703 3486 judicavit
1718 3378 1933 3485 predictum
1953 3407 2041 3484 pro-

614 3512 843 3590 curatorium
861 3539 940 3588 non
962 3511 1102 3597 debere
1124 3509 1292 3600 admitti,
1309 3539 1331 3588 a
1346 3510 1454 3619 cujus
1468 3508 1656 3617 judicato,
1677 3527 1869 3617 tamquam
1889 3507 1982 3589 falso
2004 3525 2042 3586 et

613 3671 742 3748 pravo,
761 3672 848 3750 pars
869 3643 1059 3721 dictorum
1080 3658 1270 3720 textorum
1289 3641 1339 3718 ad
1358 3658 1527 3720 nostram
1545 3641 1687 3719 curiam
1708 3638 1928 3752 appellavit:
1943 3639 2041 3718 Visis

613 3773 728 3878 igitur
749 3774 788 3849 in
807 3803 917 3851 causa
939 3772 1037 3851 dicte
1061 3771 1329 3880 appellacionis
1348 3770 1588 3878 processibus
1607 3769 1826 3859 antedictis,
1846 3796 1914 3874 per
1937 3770 2039 3846 curie

614 3920 740 3979 nostre
751 3902 955 4009 judicium,
974 3903 1118 3980 dictum
1135 3900 1209 3979 luit
1224 3900 1370 3979 dictum
1383 3900 1564 3978 ballivum
1579 3899 1678 3977 bene
1686 3898 1891 4006 judicasse,
1906 3914 1945 3976 et
1959 3925 2039 4004 pre

614 4030 735 4108 dictos
751 4048 914 4110 textores
929 4031 1029 4109 male
1043 4031 1266 4139 appellasse,
1283 4047 1324 4108 et
1334 4030 1441 4137 quod
1455 4031 1529 4110 boc
1545 4028 1814 4109 emendabunt.

668 4160 770 4239 lovis
783 4177 870 4267 post
887 4160 1149 4240 Candelosam.

671 4291 797 4370 blonci
808 4292 1021 4398 reportavit.

669 4551 780 4629 XXll.
813 4551 910 4631 Cum
920 4552 1020 4630 inter
1029 4550 1223 4629 dominam
1236 4551 1285 4630 de
1293 4551 1546 4645 Hercu-Villa,
1559 4580 1604 4632 ex
1615 4579 1691 4630 una
1701 4551 2039 4660 parte,etBocbar·

616 4683 708 4762 dum
727 4683 776 4761 de
795 4682 945 4776 ba-Val,
966 4677 1145 4774 militem,
1163 4712 1208 4762 ex
1224 4683 1354 4774 altera,
1373 4684 1532 4762 incuria
1552 4701 1679 4764 nostra
1695 4700 1798 4762 mota
1812 4682 1945 4762 suisset
1964 4682 2039 4760 dis-

615 4816 757 4906 cordia,
770 4843 939 4924 supereo
954 4813 1058 4923 quod
1068 4815 1167 4894 dicta
1179 4815 1333 4894 domina
1349 4816 1499 4894 dicebat
1509 4815 1713 4924 quamdam
1725 4815 1953 4924 inquestam,
1968 4843 2038 4921 per

615 4946 757 5029 curiam
772 4945 919 5023 domini
939 4945 1315 5025 Montisldorenciaci
1335 4944 1568 5026 interdictas
1587 4962 1709 5054 partes
1728 4943 1860 5024 laetam
1875 4963 1913 5023 et
1932 4945 2036 5023 curie

614 5095 757 5167 nostre,
773 5107 818 5155 ex
829 5078 1033 5186 partedicti
1046 5077 1194 5168 militis,
1207 5077 1383 5156 traditam
1393 5077 1708 5187 adjudicandam,
1720 5105 1799 5156 non
1810 5075 1951 5166 valere,
1968 5105 2040 5156 nec

610 5207 774 5314 judicari
791 5208 948 5300 debere,
966 5209 1068 5288 dicto
1083 5209 1205 5288 milite
1224 5209 1454 5288 contrarium
1472 5223 1726 5318 proponente,
1742 5207 1873 5287 multis
1884 5206 2041 5285 racioni-

614 5335 687 5416 bus
702 5356 741 5416 et
755 5338 930 5446 pluribus
947 5337 1053 5418 sactis
1075 5341 1272 5420 contrariis
1292 5369 1408 5449 super
1425 5341 1501 5419 boc
1520 5339 1720 5450 propositis
1745 5339 1838 5418 hinc
1861 5355 1899 5418 et
1921 5336 2036 5416 iude:

616 5467 804 5557 Tandem,
814 5497 930 5576 super
942 5469 1047 5549 factis
1056 5472 1279 5580 hujusmodi
1288 5473 1475 5552 dictarum
1490 5472 1658 5580 parcium
1674 5469 1854 5576 inquisita
1866 5467 2038 5556 veritate,
