5817 7292
847 1094 917 1166 122
1207 1066 1211 1072 ⁴
1419 1090 1518 1164 tus
1548 1089 1687 1164 omu.

616 1242 804 1305 pertonant,
842 1231 1009 1342 genteria
1038 1229 1601 1322 Sancti-Hilarii-le·Hascuit,
1628 1247 1757 1313 contra
1782 1231 1978 1311 Galterum
2000 1234 2200 1326 Corbeliu,
2228 1268 2271 1318 ex

680 1335 742 1378 Μ’
843 1362 1108 1443 commissione
1128 1379 1271 1450 uostm,
1293 1391 1361 1469 per
1379 1379 1501 1445 certos
1521 1363 1712 1444 auditores
1731 1361 1864 1441 laetam
1886 1380 1924 1442 et
1943 1365 2048 1445 curie
2063 1384 2189 1447 nostre
2213 1400 2273 1448 re·

842 1513 1044 1603 portatam,
1073 1493 1194 1572 videri·
1218 1511 1366 1600 peteret
1392 1511 1432 1571 et
1450 1493 1635 1601 judicari;
1661 1510 1699 1572 et
1726 1512 1897 1576 econtra
1920 1495 2049 1576 dictus
2078 1497 2270 1592 Galterus,

842 1626 1016 1733 pluribus
1034 1623 1247 1704 racionibus
1266 1647 1482 1732 proponens
1501 1623 1641 1704 dictam
1665 1625 1879 1733 inquestam
1905 1639 1943 1703 et
1967 1629 2272 1712 commissionem

841 1759 1049 1867 predictam
1079 1756 1219 1836 debere
1249 1755 1418 1836 totaliter
1450 1755 1631 1846 anullari,
1661 1783 1779 1864 seque
1811 1757 1910 1837 dicta
1944 1759 2161 1867 serjanteria
2191 1763 2271 1842 sine

843 1917 953 1968 cause
977 1887 1196 1996 cognitione
1216 1905 1255 1969 ct
1273 1903 1402 1966 contra
1419 1892 1539 1994 patrie
1560 1889 1879 1970 consuetudinem
1899 1889 2120 1972 desaisitum
2138 1891 2268 1984 luisse,

842 2020 1052 2128 requireret
1074 2020 1198 2125 quod,
1225 2018 1402 2098 anullatis
1425 2017 1689 2102 commissione
1712 2038 1751 2099 et
1773 2021 1946 2129 inquesta
1969 2023 2165 2128 predictis,
2190 2025 2270 2131 ipse

842 2167 1092 2258 reponeretur
1111 2151 1152 2231 in
1166 2151 1301 2249 saisina
1315 2154 1541 2259 sergentarie
1562 2149 1797 2258 supradicte:
1818 2152 2007 2246 Tandem,
2028 2154 2165 2233 auditis
2180 2155 2268 2234 hinc

843 2283 934 2360 inde
960 2282 1177 2390 propositis,
1204 2282 1355 2389 uisaque
1384 2282 1482 2361 dicta
1508 2282 1696 2390 inquesta,
1726 2310 1874 2363 necnon
1891 2282 2165 2366 ,commissione
2185 2314 2269 2392 pre·

844 2414 959 2506 dicta,
976 2444 1017 2491 ac
1031 2415 1218 2494 relacione
1232 2413 1452 2494 auditorum
1466 2413 1739 2520 predictorum,
1757 2414 1856 2496 dicta
1873 2415 2063 2523 inquesta,
2082 2443 2171 2493 cum
2185 2417 2268 2524 ejus

843 2547 1127 2636 commissione,
1147 2573 1214 2652 per
1227 2545 1331 2625 curie
1342 2561 1473 2626 nostre
1484 2545 1689 2653 judicium,
1707 2547 1829 2627 extitit
1847 2547 2029 2635 anullata,
2051 2564 2091 2624 et
2102 2575 2268 2655 pronun-

842 2679 981 2763 ciatum
1001 2677 1075 2756 fuit
1089 2678 1232 2757 dictum
1248 2675 1443 2757 Galterum
1462 2675 1502 2754 in
1519 2675 1655 2756 saisina
1673 2706 1739 2756 sua
1762 2678 1862 2758 dicte
1882 2677 2111 2786 sergenterie
2127 2677 2267 2756 debere

842 2807 992 2913 reponi,
1014 2806 1114 2885 salvo
1132 2807 1220 2914 jure
1239 2807 1355 2912 partis
1378 2806 1575 2914 utriusque
1601 2836 1715 2915 super
1739 2808 1838 2888 dicta
1862 2809 2109 2916 sergenteria,
2128 2824 2206 2886 tam
2229 2807 2268 2884 in

842 2939 1076 3045 possessione
1096 2969 1211 3047 quam
1230 2940 1269 3014 in
1288 2939 1531 3047 proprietate.

899 3071 1063 3151 Sabbata
1086 3087 1172 3178 post
1194 3071 1494 3152 Decollacionem
1515 3073 1632 3151 sancti
1655 3072 1854 3162 Johanuis,
1882 3095 1981 3152 anno
2004 3072 2267 3152 trecentesimo

842 3221 973 3281 tercio.

901 3467 961 3546 XI.
991 3465 1131 3544 Ballivo
1150 3465 1442 3573 Rothomagensi
1462 3467 1588 3546 :Cum
1609 3495 1721 3574 super
1741 3495 1786 3544 eo
1802 3467 1907 3575 quod
1927 3495 2010 3558 nos,
2030 3481 2179 3544 vacante
2196 3494 2267 3546 nu·

843 3627 912 3705 per
922 3597 1092 3704 prioratu
1104 3596 1306 3704 leprosarie
1322 3597 1592 3707 Sancti-Egidii
1607 3597 1655 3676 de
1671 3595 2026 3687 Ponte-Audomari,
2039 3597 2088 3676 ad
2101 3596 2265 3674 eundem

843 3729 1051 3836 prioratum
1084 3744 1428 3835 presentaverunus
1462 3728 1674 3808 Johannem
1707 3729 1843 3820 Rabot,
1877 3743 2105 3834 conquestus
2135 3726 2266 3806 luisset

844 3860 1003 3942 dilectus
1023 3876 1061 3937 et
1079 3858 1203 3938 fidelis
1222 3876 1350 3940 noster
1370 3861 1568 3966 episcopus
1590 3861 1841 3950 Lexoviensis,
1867 3860 1996 3940 dicens
2017 3858 2148 3938 fratres
2168 3858 2267 3937 dicte

842 3991 1044 4097 leprosarie
1067 4019 1147 4070 esse
1167 3991 1208 4068 in
1227 3990 1361 4072 saisina
1376 3990 1539 4101 eligendi
1559 3991 1631 4070 sibi
1648 3992 1814 4099 priorem
1831 4008 1869 4070 et
1888 3991 2055 4071 eundem
2071 3989 2170 4067 dicto
2189 3990 2268 4096 epi-

843 4151 958 4228 scopo
979 4124 1236 4230 presentandi,
1256 4140 1295 4202 et
1310 4123 1437 4232 ipsum
1458 4124 1676 4230 episcopum
1695 4151 1775 4200 esse
1793 4122 1834 4200 in
1850 4121 1985 4204 saisina
2002 4122 2147 4200 dictum
2164 4119 2267 4227 prio-

843 4283 940 4344 rem,
955 4253 1010 4332 sic
1022 4254 1202 4345 electum,
1217 4255 1439 4338 instituendi
1452 4255 1493 4332 in
1507 4254 1708 4362 leprosarie
1720 4253 1949 4360 supradicta;
1963 4271 2001 4331 et
2011 4283 2081 4360 per
2092 4251 2268 4332 informa-

844 4386 990 4464 cionem
1016 4415 1129 4494 super
1151 4387 1224 4468 hoc
1244 4387 1292 4467 de
1317 4387 1494 4469 mandato
1518 4403 1648 4468 nostro
1673 4385 1806 4466 factam
1830 4385 2025 4464 inventum
2048 4385 2120 4463 luit
2143 4383 2264 4491 quod,

844 4532 993 4592 vacante
1019 4517 1119 4596 dicto
1143 4519 1329 4623 prioratu,
1354 4517 1487 4598 fratres
1515 4518 1685 4626 ejusdem
1712 4516 1913 4623 leprosarie
1938 4532 2028 4594 sunt
2051 4516 2091 4592 in
2114 4514 2263 4602 saisina,

844 4646 981 4725 vocatis
1005 4647 1053 4724 ad
1076 4648 1150 4727 hoc
1168 4648 1385 4730 vicecomite
1406 4665 1444 4728 et
1461 4648 1603 4757 majore
1623 4647 1711 4729 ville
1734 4646 2099 4736 Pontis-Audomari,
2122 4642 2265 4750 procis

844 4778 1086 4858 consulendis
1095 4795 1133 4856 et
1141 4779 1333 4860 violenciis
1343 4780 1578 4872 amovendis,
1592 4778 1756 4887 eligendi
1770 4777 1841 4856 sibi
1853 4777 2035 4884 priorem,
2051 4791 2088 4852 et
2098 4769 2263 4852 eundem
2302 4843 2304 4848 ,

844 4909 943 4988 dicto
964 4909 1160 5017 episcopo,
1180 4912 1330 4990 racione
1351 4909 1622 5016 spiritualitatis
1642 4908 1741 4988 dicte
1761 4905 1982 5014 leprosarie,
2004 4899 2263 5012 presentandi,

843 5042 909 5146 qui
928 5041 1040 5147 prior,
1061 5069 1130 5149 per
1146 5043 1364 5150 episcopum
1379 5041 1619 5151 approbatus,
1640 5039 1688 5120 ad
1705 5066 1775 5118 nos
1790 5066 1859 5146 pro
1874 5033 2149 5142 temporalitate
2168 5030 2272 5110 dicte*

844 5170 982 5249 domus
997 5173 1189 5252 consuevit
1203 5172 1348 5262 venire,
1366 5174 1591 5254 mandamus
1602 5172 1673 5253 tibi
1689 5170 1864 5280 quatinus
1880 5167 2033 5248 eosdem
2047 5164 2264 5278 episcopum

844 5317 881 5376 et
905 5298 1035 5379 fratres
1060 5302 1158 5380 dicta
1181 5303 1432 5409 possessione,
1462 5304 1670 5382 secundum
1697 5301 1802 5409 quod
1827 5299 2051 5408 premissum
2077 5312 2148 5388 est,
2176 5320 2265 5402 gau·

843 5431 932 5508 dere
952 5433 1162 5538 permittas,
1182 5431 1281 5514 salva
1297 5433 1338 5510 in
1356 5434 1576 5542 hujusmodi
1595 5433 1790 5541 questione
1809 5430 2058 5538 proprietatis.
