5817 7292
1046 1089 1308 1206 annutans
1333 1115 1396 1188 ur
1422 1085 1627 1192 esocis.
1968 1112 2036 1190 rer

631 1254 670 1328 in
685 1251 846 1358 panibus
865 1254 1078 1347 existentem
1098 1255 1327 1363 bolengeriis
1341 1254 1439 1334 dicte
1457 1255 1543 1334 ville
1561 1255 1790 1334 contrarium
1812 1254 2041 1348 dicentibus,
2074 1263 2204 1320 samm
2224 1267 2267 1332 Ν.

631 1397 669 1459 et
687 1380 938 1461 mmanubus
956 1413 998 1464 se
1018 1413 1098 1464 esse
1118 1387 1158 1464 in
1177 1386 1312 1463 saisina
1331 1384 1558 1492 prohibendi
1580 1413 1629 1462 ne
1650 1386 1812 1463 extranei
1832 1384 2043 1494 bolengarii
2144 1359 2206 1403 ¹³⁰²

629 1511 788 1615 predicti
805 1511 863 1589 acl
878 1512 942 1590 alii
956 1516 1099 1620 possint
1115 1533 1303 1622 asportare
1323 1543 1439 1621 panca
1451 1516 1500 1592 ad
1514 1515 1758 1593 vendendum
1773 1515 1813 1592 in
1832 1516 1930 1594 dicta
1940 1517 2043 1610 villa,

630 1641 702 1718 nisi
724 1641 763 1718 in
784 1643 849 1720 die
865 1643 1010 1722 sabbati
1028 1646 1293 1724 tantummodo
1311 1663 1351 1724 et
1370 1672 1449 1723 non
1468 1645 1655 1723 talliatam
1672 1662 1710 1722 et
1728 1645 1862 1724 subtus
1882 1646 2047 1724 valorem

630 1770 794 1850 duorum
817 1773 1076 1865 denaniorum,
1101 1794 1141 1856 et
1163 1777 1282 1854 eciam
1307 1776 1481 1853 dicebant
1502 1804 1545 1854 se
1563 1803 1644 1856 esse
1667 1776 1705 1850 in
1726 1775 1860 1856 saisina
1881 1777 2046 1855 habendi

629 1904 830 2010 regardum
849 1904 1072 2010 iupanibus
1086 1933 1156 2013 per
1169 1907 1345 1985 homines
1357 1907 1416 1982 sui
1436 1906 1582 1983 artificii
1596 1922 1634 1983 ct
1646 1906 1857 2013 corrigendi
1877 1906 2046 1986 defectus

628 2031 667 2108 in
683 2031 1059 2138 panibus-existentes
1071 2037 1177 2116 :Visa
1191 2037 1308 2145 igitur
1329 2037 1503 2141 inquesta
1517 2063 1630 2142 super
1645 2036 1719 2114 hiis
1735 2038 1782 2114 dc
1798 2038 1974 2116 mandato
1990 2069 2048 2117 cu·

629 2163 683 2238 rio
697 2180 825 2241 nostre
837 2163 947 2253 lacta,
964 2166 1255 2271 pronunciatum
1271 2165 1360 2257 fuir,
1377 2195 1445 2271 per
1461 2167 1565 2245 curie
1583 2182 1710 2244 nostre
1717 2168 1922 2275 judicium,
1943 2172 2047 2275 quod

628 2291 837 2400 bolengarii
857 2296 1022 2372 extranei
1042 2313 1221 2402 poterunt
1240 2296 1289 2373 de
1310 2312 1453 2386 cetero,
1477 2296 1600 2374 libere-
1616 2313 1655 2374 et
1672 2298 1753 2374 sine
1775 2298 2048 2404 impedimento

628 2444 870 2530 quocunque,
889 2442 1077 2531 asportare
1097 2425 1304 2504 addictam
1323 2427 1467 2520 villam,
1487 2428 1622 2507 diebus
1638 2428 1786 2521 martis,
1794 2429 1891 2535 jovis
1911 2447 1948 2506 et
1968 2431 2050 2508 sab-

627 2550 721 2640 bati,
747 2553 917 2658 qualibet
941 2556 1169 2660 septimana,
1193 2582 1312 2661 panes
1331 2584 1422 2635 suos
1443 2585 1521 2635 non
1547 2557 1709 2639 talliatos
1729 2557 1864 2636 subtus
1883 2559 2046 2638 valorem

630 2677 794 2758 duorum
810 2682 1054 2761 denariorum
1074 2701 1112 2760 et
1127 2711 1193 2762 eos
1205 2684 1349 2762 ibidem
1363 2687 1544 2779 vendere,
1567 2703 1604 2764 ct
1623 2689 1729 2795 quod
1747 2688 1977 2794 quicumque
1993 2691 2049 2764 in-

629 2808 781 2888 traverit
801 2809 848 2887 de
873 2827 999 2889 cetero
1021 2813 1273 2892 ministerium
1293 2813 1601 2922 bolengariorum
1624 2815 1730 2894 dabit
1752 2815 1908 2893 cuilibet
1922 2816 2050 2896 bolen·

628 2938 736 3042 gerio
753 2939 955 3045 gastellum
972 2941 1088 3020 unius
1106 2940 1211 3019 oboli
1232 2958 1271 3020 et
1284 2942 1381 3020 dnos
1401 2943 1576 3022 denarios
1595 2961 1747 3022 monete
1763 2945 1963 3033 currentis,
1979 2973 2049 3050 pro

629 3083 722 3173 potu
741 3069 1023 3159 tantummodo,
1041 3069 1213 3149 delectus
1229 3089 1358 3150 autem
1378 3072 1576 3152 existentes
1593 3074 1633 3150 in
1654 3073 1816 3179 panibus
1834 3101 1902 3179 per
1923 3091 2048 3153 totum

628 3222 772 3274 aunum
796 3193 981 3277 videbunt
1005 3216 1044 3276 ct
1066 3201 1253 3308 corrigent
1275 3201 1353 3280 duo
1368 3201 1483 3309 ,probi
1505 3203 1598 3290 riri,
1619 3228 1698 3280 non
1720 3202 1949 3310 bulengerii,
1973 3221 2049 3285 una

627 3351 716 3402 cum
736 3327 895 3404 duobus
911 3327 997 3406 diis
1011 3328 1143 3433 probis
1157 3329 1246 3406 airis
1263 3329 1492 3439 bolengariis
1513 3359 1626 3438 super
1645 3329 1718 3408 boc
1735 3359 1755 3408 a
1774 3329 1912 3412 ballivo
1935 3333 2049 3441 depu-

627 3470 724 3532 tatis.
1393 3509 1398 3519 ι

683 3586 861 3664 Mercurii
881 3588 921 3665 in
940 3588 1037 3667 sesto
1053 3588 1164 3668 beate
1184 3589 1299 3668 Lucie
1315 3590 1477 3699 virginis.

683 3715 843 3794 Cuillier
859 3719 1071 3823 reportavit.

648 3956 653 3968 ’
683 3975 759 4050 Xll.
790 3975 888 4052 Cum
906 3974 1134 4055 Guillelmus
1156 3977 1205 4056 de
1227 3981 1370 4087 Fayno,
1390 3979 1567 4072 clericus,
1583 3980 1696 4059 nobis
1714 3999 1942 4088 conquestus
1957 3981 2049 4062 fuis-

629 4117 687 4180 set
706 4104 811 4208 quod
832 4106 1007 4212 magister
1022 4107 1232 4196 Jobannes,
1251 4107 1494 4186 cancellarius
1513 4109 1771 4199 bituricensis,
1791 4127 1828 4188 et
1851 4113 1981 4191 Petrus
2000 4113 2048 4190 de

630 4232 913 4326 SanctaCruce,
927 4235 1040 4313 miles
1053 4253 1194 4328 noster,
1211 4237 1451 4343 inquisitores
1465 4263 1578 4345 snper
1592 4239 1771 4318 officiales
1785 4258 1935 4320 nostros
1950 4271 1970 4318 a
1985 4271 2049 4320 no-

628 4361 690 4439 bis
700 4364 869 4476 deputati
888 4366 928 4442 in
939 4366 1154 4443 senescallia
1170 4364 1419 4460 Belli-Cadri,
1434 4368 1594 4453 sormam
1610 4373 1804 4477 potestatis
1818 4399 1920 4450 susa
1939 4373 2050 4452 nobis

629 4489 771 4572 cladem
792 4495 929 4572 tradite
949 4496 1188 4586 excedentes,
1209 4497 1413 4604 cumipse,
1434 4516 1479 4576 ut
1498 4499 1663 4592 dicebat,
1685 4501 1724 4576 in
1744 4502 1900 4580 servicio
1920 4519 2048 4582 nostro

629 4649 829 4731 nunquam
841 4625 988 4714 fuisset,
1004 4643 1134 4704 contra
1148 4627 1292 4734 ipsum,
1307 4645 1485 4736 tanquam
1500 4628 1699 4708 officialem
1712 4647 1903 4724 nostrum,
1919 4659 2049 4738 proce-

630 4753 777 4844 dentes,
796 4754 933 4861 ipsein
949 4757 1178 4835 contrarium
1191 4757 1433 4849 reclamante,
1449 4761 1607 4838 domum
1623 4760 1705 4869 ejus
1719 4760 1838 4870 frangi
1851 4778 1889 4839 et
1905 4789 2047 4868 equum

628 4912 742 4962 suurn
755 4882 893 4967 adduci
908 4903 947 4964 et
957 4887 1057 4965 bona
1072 4887 1154 4995 ejus
1165 4888 1377 4968 vendicioni
1392 4891 1528 4996 erponi
1544 4890 1737 4986 fecissent,
1752 4908 1791 4969 et
1804 4891 1915 4998 plura
1930 4893 2047 4970 eciam

627 5015 839 5123 gravamina
855 5015 1132 5123 injuste-eidem
1145 5017 1379 5110 intulisseut3
1396 5036 1436 5096 et
1448 5045 1534 5111 nos,
1551 5049 1620 5127 per
1634 5021 1779 5100 litteras
1791 5038 1951 5112 nostras,
1967 5019 2048 5099 dic-

570 5161 578 5172 ’
627 5144 677 5221 tis
698 5143 986 5250 inquisitoribus
1012 5144 1332 5228 mandavissemus
1354 5166 1414 5237 ut,
1440 5150 1472 5226 si
1497 5150 1549 5228 ita
1573 5169 1686 5244 esset,
1717 5153 1816 5231 dicta
1838 5151 2049 5260 gravamina

628 5294 858 5366 revocarent,
877 5277 1081 5356 clausulam
1100 5279 1140 5356 in
1157 5279 1267 5358 dictis
1281 5279 1417 5358 litteris
1431 5300 1660 5388 apponentes
1674 5283 1795 5391 quod,
1811 5283 1882 5362 nisi
1901 5281 1974 5389 ipsi
1989 5283 2048 5358 in-

630 5405 835 5508 quisitores
849 5410 1063 5515 predictum
1084 5412 1308 5490 mandatum·
1324 5431 1497 5490 nostrum
1517 5414 1785 5521 adimplerent,
1806 5439 1877 5521 per
1896 5409 2045 5492 easdem
