5817 7292
877 1113 952 1186 ru
1362 1049 1365 1053 ’
1454 1109 1547 1182 sss
1578 1081 1715 1182 osni.

653 1265 837 1327 Pmnmtt
875 1257 941 1363 qui
961 1256 1136 1333 devesem
1156 1253 1274 1331 nostri
1293 1252 1470 1330 territorii
1495 1252 1543 1330 de
1565 1251 1759 1341 Serviano,
1778 1277 1850 1356 pro
1872 1265 2025 1330 centum
2041 1248 2171 1357 viginti
2192 1251 2299 1332 libris

714 1359 776 1405 Μ’
877 1385 1183 1472 Turonensibus‚
1200 1401 1239 1461 et
1257 1382 1413 1460 furnum
1429 1400 1602 1461 nostrum
1623 1381 1711 1460 ville
1728 1381 1776 1459 de
1795 1381 1993 1470 Serviano,
2011 1409 2082 1487 pro
2102 1381 2234 1460 decem
2253 1382 2300 1460 li-

877 1518 956 1594 bris
977 1513 1282 1602 Turonensihm,
1308 1515 1418 1592 nobis
1436 1514 1631 1592 annuatim
1651 1511 1839 1590 solvendis
1857 1541 1877 1588 a
1897 1512 2045 1591 dilectis
2064 1528 2104 1590 et
2123 1511 2303 1594 fidelibus

878 1648 1015 1726 nostris
1030 1645 1216 1754 magistris
1233 1647 1276 1725 N.
1289 1662 1384 1722 tunc
1401 1643 1593 1752 preposito
1613 1643 1661 1720 de
1675 1643 1854 1735 Ammo,
1871 1661 1908 1721 et
1924 1645 1957 1722 J.
1974 1660 2126 1724 emtore
2141 1643 2301 1724 Aurelia-

878 1778 1002 1869 nensi,
1022 1794 1196 1883 tempore
1210 1803 1288 1881 quo
1307 1773 1447 1853 debilis
1466 1790 1619 1853 monete
1639 1790 1767 1852 nostra
1786 1773 1977 1864 currebat,
1999 1774 2047 1852 ed
2068 1774 2218 1854 firmem
2238 1803 2302 1854 en-

878 1937 993 1986 nunm
1013 1923 1252 2014 acceperunt,
1276 1905 1441 1983 multum
1462 1903 1830 2010 dampnifieereutur‚
1855 1905 1887 1980 si
1906 1905 1978 2010 ipsi
1994 1903 2133 1988 dictum
2152 1903 2299 1982 firmem

879 2067 1042 2117 annuam
1059 2039 1100 2116 in
1119 2036 1205 2114 forti
1227 2055 1382 2116 monete
1403 2035 1516 2114 nobis
1536 2031 1678 2114 solvere
1700 2035 1985 2142 compellantur,
2008 2036 2188 2144 quodque
2212 2036 2297 2144 ipsi,

879 2189 956 2247 ute
975 2170 1075 2246 dicte
1093 2169 1203 2245 firma
1221 2167 1435 2246 liberentur
1447 2183 1486 2245 et
1504 2165 1743 2244 absolventur
1762 2167 1937 2254 omnino,
1958 2167 2076 2273 parati
2091 2185 2178 2246 sunt
2189 2167 2299 2248 nobis

878 2301 1021 2378 solvere
1046 2317 1198 2377 centum
1219 2298 1333 2377 libres
1359 2301 1600 2376 Turonenees
1620 2295 1729 2376 sortis
1747 2315 1918 2384 monete,
1945 2325 2015 2376 nos
2034 2297 2297 2404 indempnitati

879 2433 1048 2537 ipsorum
1057 2431 1349 2536 comperientes,
1361 2429 1585 2508 mandamus
1595 2428 1701 2508 vohis
1711 2429 1906 2535 quatinus,
1918 2428 2139 2534 recipientes
2151 2427 2299 2535 ebipsis

879 2579 1031 2640 eentum
1050 2561 1164 2638 libras
1182 2561 1384 2668 predictas,
1407 2561 1575 2638 tiberetie
1596 2589 1660 2638 eos
1681 2561 1839 2638 omnino
1862 2559 1909 2638 eb
1929 2558 2193 2638 emendacione
2212 2587 2298 2665 pre-

879 2693 993 2780 dicta,
1011 2689 1113 2768 etde
1133 2691 1323 2768 deremet
1341 2690 1455 2769 sumo
1474 2689 1670 2796 predictis,
1687 2690 1889 2770 utilitatem
1908 2707 2075 2770 nostrum
2089 2705 2204 2798 prout
2218 2719 2298 2768 me·

877 2823 951 2898 lius
964 2821 1134 2898 videritis
1153 2820 1306 2899 societis.
1325 2820 1460 2899 Actum
1475 2822 1646 2912 Picens,
1669 2822 1732 2900 die
1752 2822 1868 2912 Jovis‚
1889 2839 1974 2935 post
1992 2821 2297 2909 Penthecostem,

829 2993 835 3004 1
878 2981 976 3031 anno
995 2953 1148 3030 Domini
1169 2953 1372 3033 millesimo
1386 2953 1653 3030 trecentesimo
1674 2969 1814 3031 octavo.

933 3086 1099 3162 Cortona
1118 3085 1331 3188 reportavit.

1087 3603 1492 3743 &mounsre
1530 3629 1609 3713 er
1648 3627 2029 3716 processus

921 3907 991 3960 PER
1011 3905 1139 3959 CUMAM
1159 3905 1318 3958 touton!
1338 3907 1372 3956 ΙΝ
1390 3903 1624 3960 PARLAHENTO
1643 3905 1852 3959 ocrestnuu
1872 3907 2092 3962 NATWITATIS
2112 3907 2254 3973 Domi,

1441 4160 1532 4204 etttto
1556 4161 1730 4204 MGCGVHI.

929 4395 956 4466 l.
988 4394 1088 4471 Cum
1102 4395 1332 4500 jamdudum
1349 4397 1522 4474 consules
1539 4414 1577 4474 et
1596 4397 1815 4475 universitas
1832 4397 1977 4478 bustide
2000 4399 2293 4486 Montis-Deme,

874 4535 943 4627 per
962 4523 1064 4599 curie
1081 4541 1206 4602 nostre
1220 4526 1427 4633 judicium,
1446 4525 1684 4606 condemnati
1699 4526 1858 4607 fuissem
1877 4527 1924 4606 sd
1943 4528 2166 4608 solvendum
2186 4531 2297 4608 nobis

874 4670 1036 4756 quatuor
1045 4653 1163 4730 millia
1173 4655 1356 4733 librarum
1372 4683 1571 4765 parvorum
1579 4660 1876 4752 Turonensium,
1888 4689 1958 4768 pro
1970 4661 2078 4768 penis
2089 4659 2217 4737 {eveus
2227 4685 2296 4764 per

873 4783 1004 4888 ipsese
1014 4783 1148 4890 juratis
1160 4784 1260 4863 dicte
1272 4788 1419 4867 bastide
1435 4816 1513 4868 non
1527 4791 1790 4870 edificantibus
1803 4821 1873 4868 nec
1884 4790 2185 4870 residentibusin
2195 4789 2294 4866 dicte

873 4912 1017 4990 bestida
1032 4915 1324 5006 Montis-Dome‚
1341 4920 1415 4997 hoc
1429 4921 1574 5028 adjecto
1590 4922 1630 4996 in
1640 4923 1810 5030 judicato
1826 4923 1996 5030 predicto
2012 4921 2117 5030 quod
2131 4921 2221 5000 dicti
2235 4922 2312 5028 ju-

874 5044 986 5120 dicati
996 5045 1457 5155 enecuciosliquentulum
1471 5050 1696 5140 differretur,
1710 5052 1989 5132 etvideretnrsi
2002 5053 2091 5130 dicti
2103 5052 2293 5144 consules,

873 5173 968 5249 infra
982 5174 1178 5252 modicum
1193 5194 1357 5284 tempus,
1375 5183 1628 5287 producerent
1640 5184 1807 5292 quedem
1820 5184 2009 5292 privilegia
2023 5211 2093 5291 per
2106 5211 2183 5290 que
2195 5182 2295 5259 dice-

871 5303 962 5382 bant
984 5331 1024 5382 se
1043 5332 1125 5384 esse
1144 5306 1334 5386 immunes
1353 5310 1578 5390 edicturum
1599 5341 1781 5418 penarum
1801 5314 2050 5420 prestncione‚
2072 5311 2292 5417 dictumque

866 5436 1080 5540 judicatum
1098 5465 1195 5514 anno
1217 5439 1370 5518 Domini
1393 5441 1595 5520 millesimo
1613 5445 1879 5522 trecentesimo
1898 5445 2023 5551 primo
2039 5441 2153 5520 fuerit
2168 5439 2293 5547 prole-
