5817 7292
1052 1093 1317 1202 ssooerns
1342 1113 1405 1186 er
1431 1097 1632 1188 proces.
1977 1123 2052 1198 ms

690 1252 848 1332 Cuillier
863 1252 1075 1358 reportavit.

689 1515 829 1593 xxvll.
860 1513 985 1620 Super
1003 1513 1141 1593 debato
1160 1517 1265 1623 quod
1279 1520 1421 1624 pendet
1444 1520 1541 1597 inter
1558 1539 1837 1626 procuratorem
1854 1524 1997 1601 abbatis
2018 1543 2056 1602 et

633 1662 838 1722 conventus
865 1643 914 1720 de
940 1646 1127 1737 Favemo,
1153 1674 1197 1724 ex
1223 1676 1300 1725 una
1321 1666 1445 1756 parte,
1472 1650 1761 1758 etmegistnun.
1774 1651 1982 1732 lohanuem
2008 1657 2055 1731 de

634 1777 819 1865 Favemo,
836 1803 880 1852 ex
899 1774 1027 1865 altera,
1047 1776 1188 1854 auditis
1199 1779 1388 1886 partibus,
1405 1808 1475 1886 per
1488 1781 1630 1859 curiam
1651 1782 1794 1860 dictum
1813 1783 1934 1862 lirerat
1952 1786 2057 1890 quod

635 1933 831 2013 processus
850 1932 983 1982 eorum
1001 1907 1205 1985 videretur.
1223 1911 1354 1990 Dictus
1367 1940 1455 1990 uero
1469 1930 1690 2018 procurator
1707 1939 1925 2021 processum
1945 1943 2056 1994 suum

631 2039 736 2114 curie
752 2034 928 2126 tradidit,
949 2052 989 2112 et
1007 2035 1132 2115 dictus
1148 2039 1339 2118 lohannes
1358 2040 1453 2118 dixit
1471 2045 1576 2148 quod
1596 2043 1746 2121 nullum
1764 2069 1981 2151 processum
1998 2045 2057 2122 he-

630 2167 759 2254 hehat,
780 2165 851 2244 lori
874 2165 1135 2246 declinatorias
1152 2172 1426 2275 proponendo:
1445 2173 1534 2251 Viso
1561 2173 1676 2280 igitur
1696 2201 1764 2281 per
1783 2175 1927 2255 curiam
1955 2175 2054 2254 dicto

629 2321 826 2403 processu,
843 2296 946 2372 curie
958 2313 1085 2374 nostra
1098 2325 1317 2403 processum
1334 2299 1574 2408 hujusmodi,
1596 2319 1751 2409 propter
1770 2302 1939 2382 defectus
1954 2305 1991 2380 in
2009 2332 2055 2383 eo

629 2443 820 2533 repertos,
848 2427 1046 2530 anullapit,
1070 2426 1168 2505 salva
1192 2430 1352 2507 cuilibet
1373 2432 1470 2536 perti
1493 2432 1638 2510 actione
1665 2462 1755 2523 sua;
1782 2451 1819 2511 et
1842 2461 1955 2540 super
1983 2434 2055 2512 hoc

629 2555 734 2664 quod
749 2557 838 2634 dicti
854 2556 1021 2664 religiosi
1036 2556 1211 2637 hannitos
1221 2559 1331 2666 regui
1346 2560 1525 2638 dicuntur
1533 2579 1758 2670 receptasse,
1772 2563 1948 2644 dominus
1959 2567 2050 2652 Rex,

628 2685 784 2792 quando
800 2686 984 2776 voluerit,
1004 2688 1186 2794 precipiet
1203 2689 1345 2794 inquiri
1365 2691 1569 2768 veritatem.

684 2817 840 2894 Veneris
857 2834 945 2922 post
961 2815 1193 2895 Nativitatem
1211 2817 1376 2895 Domini.

684 3077 840 3156 XXVlll.
871 3077 986 3166 Cum,
1008 3077 1107 3155 inter
1121 3077 1240 3156 Adam
1255 3077 1401 3157 dictum
1410 3081 1620 3187 Espertim,
1635 3082 1683 3166 de
1694 3082 1872 3173 Parisios,
1891 3101 2051 3190 exparte

627 3235 722 3298 uua,
744 3226 784 3285 et
802 3207 1035 3314 Stephanum
1055 3206 1199 3286 dictum
1216 3209 1253 3286 le
1273 3209 1777 3300 Chnussier,.ex.altera„lis
1800 3229 1902 3294 mom
1921 3213 2053 3292 luisset

626 3337 955 3444 corampreposito
968 3337 1164 3416 Parisieusi
1175 3367 1291 3445 super
1305 3367 1352 3417 eo
1360 3341 1470 3446 quod
1487 3341 1610 3430 dictus
1622 3340 1742 3420 Adam
1756 3343 1907 3448 petebat
1922 3369 2052 3450 quam·

626 3468 712 3548 dam
733 3469 907 3557 domum,
923 3469 1031 3549 sitem
1047 3467 1226 3562 Peisius,
1241 3469 1341 3546 inter
1355 3469 1514 3548 domum
1525 3471 1644 3578 ipsius
1656 3471 1738 3550 Ade
1755 3489 1793 3550 et
1806 3474 1964 3555 domum
1979 3473 2053 3550 An·

626 3599 718 3678 dree
738 3599 786 3676 de
802 3599 972 3707 Gynach,
987 3598 1057 3678 sihi
1070 3599 1169 3678 trudi
1186 3617 1224 3677 et
1238 3600 1459 3689 deliberari,
1473 3601 1657 3684 tradendo
1672 3633 1714 3681 ec
1730 3601 1910 3682 solvendo
1927 3603 2051 3683 eidem

627 3731 817 3837 Stephano
829 3745 1017 3835 sumptim,
1029 3729 1157 3808 misiae
1172 3747 1214 3808 et
1224 3757 1402 3836 expensos
1415 3730 1492 3809 litis
1507 3749 1610 3816 mute
1627 3733 1881 3810 interdictum
1895 3733 2051 3837 Stepha-

624 3887 734 3949 num,
752 3875 914 3965 exparte
927 3885 1021 3948 uua,
1039 3877 1079 3937 et
1093 3859 1238 3937 dictum
1250 3859 1440 3939 Andream
1455 3861 1504 3942 de
1516 3861 1685 3969 Gynacb,
1703 3889 1747 3940 ex
1761 3861 1896 3950 altera,
1913 3888 2050 3967 propo·

624 4015 718 4068 neus
736 3989 789 4068 sic
807 3987 922 4066 fuisse
942 4006 1066 4068 actum
1082 4006 1121 4067 et
1138 4007 1363 4068 conventum
1385 3991 1483 4068 inter
1497 3991 1618 4098 ipsos,
1639 4008 1743 4098 parte
1761 3989 1851 4068 dicti
1869 3989 2047 4094 Stephani

626 4119 744 4196 dictas
768 4118 1037 4197 convenciones
1061 4136 1236 4226 negante,
1264 4137 1323 4207 et,
1349 4121 1566 4198 racionibus
1589 4120 1784 4228 pluribus,
1812 4138 2046 4225 proponente

624 4277 665 4328 se
680 4276 757 4326 non
767 4248 887 4325 teneri
903 4248 951 4326 ad
960 4248 1186 4327 tradendum
1201 4266 1239 4327 et
1255 4250 1545 4329 deliberandum
1561 4251 1686 4328 eidem
1697 4250 1778 4330 Ade
1791 4249 1948 4328 domum
1961 4276 2046 4355 pre-

625 4380 780 4469 dictam;
796 4378 935 4485 quihus
952 4379 1145 4457 hincinde
1162 4381 1380 4486 propositis,
1396 4382 1609 4488 prepositus
1626 4381 1833 4488 predictus,
1849 4407 1918 4486 per
1934 4407 2042 4457 suum

619 4510 825 4619 judicium,
847 4507 991 4587 dictum
1010 4509 1243 4616 Stephanum
1262 4512 1549 4618 condempnavit
1567 4511 1615 4589 ad
1633 4511 1873 4588 reddendum
1894 4526 1931 4586 et
1950 4509 2044 4588 deli·

621 4640 833 4722 berandum
847 4639 949 4718 dicto
962 4638 1389 4733 ildedictam‘domum,
1403 4641 1601 4724 reddendo
1617 4659 1656 4724 et
1674 4640 1853 4725 solvendo
1871 4639 1942 4746 ipsi
1958 4639 2042 4717 Ste-

621 4770 945 4879 phanosumptus,
961 4771 1089 4849 misius
1102 4789 1140 4850 et
1153 4799 1333 4880 expensas
1342 4772 1420 4852 litis
1430 4772 1615 4881 predicte,
1628 4788 1731 4852 mote
1743 4773 1842 4853 inter
1853 4767 2042 4848 Audacem

620 4917 660 4980 et
682 4900 917 5007 Stephanum
941 4900 1147 5008 predictosr
1163 4931 1189 4982 e
1210 4931 1288 5011 quo
1306 4903 1493 5013 judicato,
1520 4921 1711 5012 tamquam
1734 4901 1833 4983 salso„
1851 4917 1890 4978 ct
1908 4927 2038 5006 pravo,

621 5031 745 5111 diotrrs
770 5033 984 5139 Stephurm
1008 5032 1056 5112 ad
1080 5051 1249 5119 nostram
1269 5034 1417 5115 curiam
1436 5035 1662 5144 appellavit:
1688 5033 1837 5116 Auditis
1861 5031 1976 5140 igitur
2002 5031 2041 5108 in

619 5191 729 5243 cause
743 5163 842 5243 dicte
858 5164 1125 5272 eppellaciunis
1135 5165 1253 5244 dictis..
1263 5165 1452 5272 pertibus,
1471 5183 1509 5244 et
1523 5167 1609 5248 visis
1626 5192 1803 5274 processu
1820 5179 1858 5242 et
1870 5163 2039 5271 judicato

619 5294 813 5399 predictis,
829 5325 899 5404 per
916 5296 1020 5394 curie
1038 5313 1165 5378 nostre
1177 5296 1381 5405 judicium,
1397 5298 1686 5405 pronunciutum
1705 5296 1777 5376 suit
1795 5293 1938 5373 dictum
1953 5303 2040 5398 pre-'

621 5425 786 5526 positum
805 5425 903 5504 male
917 5426 1126 5536 judicasse,
1147 5443 1187 5506 et
1203 5428 1417 5535 predictum
1440 5428 1673 5536 Stephanum
1697 5427 1795 5506 hene
1820 5422 2035 5528 appellasse.
2057 5483 2059 5490 ,

1861 5575 1911 5635 er.

2094 1275 2144 1330 Pru

2148 1292 2225 1334 nrm
2238 1280 2280 1344 lv,

2156 1369 2218 1412 reor.
