5817 7292
898 1064 971 1137 640
1426 1110 1429 1117 »
1525 1064 1615 1137 tus
1644 1062 1785 1138 OLIM.

672 1212 859 1275 Prisiivstv,
897 1204 1007 1296 dieta,
1034 1221 1072 1281 et
1092 1203 1361 1310 condempnari
1388 1204 1552 1283 eundem
1578 1209 1768 1313 Rogerum
1794 1206 1841 1282 ad
1865 1206 2108 1285 reddendum
2133 1211 2200 1290 sibi
2223 1216 2319 1296 duas

732 1305 794 1346 mi
896 1363 1005 1414 zonas
1021 1352 1059 1413 et
1077 1364 1191 1413 unam
1213 1336 1428 1413 duodenam
1450 1335 1719 1414 cocleariorum
1738 1336 1899 1444 argenti,
1920 1366 2042 1415 unum
2061 1340 2259 1433 circulum,
2279 1365 2320 1425 et

896 1468 974 1545 duo
994 1466 1148 1545 monilia
1169 1466 1267 1554 auri,
1289 1496 1362 1573 que
1382 1497 1421 1545 se
1442 1468 1582 1545 babere
1602 1464 1727 1543 ldbuc
1746 1467 1847 1573 apud
1862 1496 1903 1545 se
1918 1467 2110 1547 consessus
2124 1470 2196 1549 luit
2211 1475 2251 1550 in
2261 1476 2323 1582 ju-

896 1598 994 1677 dicio
1018 1598 1139 1675 dictus
1160 1600 1328 1705 Rogerus
1351 1598 1399 1673 de
1419 1596 1573 1674 residuo
1592 1597 1793 1704 pignorum
1811 1599 2088 1705 predictorum,
2108 1621 2152 1680 ut
2172 1604 2323 1686 dicebat

895 1730 998 1807 idem
1015 1727 1224 1817 Johannes;
1248 1728 1462 1833 prepositus
1485 1754 1574 1803 vero
1594 1726 1827 1818 Parmensis,
1849 1730 1989 1807 auditis
2009 1732 2181 1837 parcium
2203 1738 2323 1815 racio-

895 1860 1007 1938 nibus
1032 1876 1070 1935 et
1094 1855 1389 1935 confessionibus
1410 1856 1646 1948 earumdem,
1672 1884 1820 1936 necnon
1840 1858 2147 1967 deposicionibus
2165 1867 2319 1943 testium

897 1993 983 2069 hinc
999 1990 1086 2066 inde
1101 1986 1371 2094 productorum
1391 2004 1430 2063 et
1447 2004 1580 2064 tenore
1597 1987 1792 2096 cujusdam
1812 1987 1937 2067 littere
1953 1991 2142 2069 Castelleti
2161 1994 2320 2104 diligen-

895 2141 953 2201 ter
962 2120 1154 2228 inspectis,
1168 2119 1456 2225 condempnavit
1469 2118 1609 2195 dictum
1619 2118 1829 2196 Jobannem
1841 2120 1890 2197 ad
1899 2121 2138 2199 reddendum
2148 2126 2315 2230 predicto

896 2257 1043 2359 Rogero
1068 2253 1245 2329 ducentas
1267 2249 1452 2327 sexdecim
1479 2248 1593 2328 libras
1615 2250 1859 2341 Parisienses,
1884 2269 1921 2328 et
1944 2252 2165 2359 adjudicavit
2187 2254 2310 2334 eidem

898 2385 1056 2463 domum
1072 2383 1278 2489 predictam
1296 2399 1487 2487 tamquam
1507 2380 1785 2487 ypothecatam,
1807 2408 1956 2459 necnon
1976 2411 2104 2477 zonas,
2120 2384 2312 2474 coclearia,

847 2574 852 2585 .
897 2514 1080 2591 circulum
1101 2530 1139 2589 et
1158 2511 1498 2620 moniliapredicta
1517 2509 1694 2600 tenenda,
1716 2512 1838 2590 donec
1857 2512 1929 2589 sibi
1950 2512 1998 2589 de
2018 2513 2127 2591 dictis
2147 2514 2314 2594 ducentis

897 2644 1085 2723 sexdecim
1109 2642 1216 2720 libris
1240 2640 1353 2718 luerit
1375 2639 1618 2730 satisfactum,
1644 2642 1846 2749 ipsumque
1871 2642 2082 2721 Jobannem
2106 2645 2147 2720 in
2166 2645 2316 2723 residuo

898 2775 1080 2852 dictarum
1099 2800 1331 2851 summarum
1352 2748 1555 2878 petitarum
1574 2771 1748 2861 absolvit,
1770 2772 2084 2878 condempnando
2107 2774 2318 2881 predictum

897 2908 1084 3012 Rogerum
1106 2905 1153 2981 ad
1172 2902 1412 2980 reddendum
1434 2901 1560 2979 eidem
1583 2900 1745 2980 Johanni
1763 2902 1987 3009 ypothecam
2008 2920 2046 2979 et
2064 2904 2221 3012 pignora
2236 2933 2319 3011 pre-

898 3036 1010 3125 dicta,
1032 3035 1136 3141 prius
1154 3050 1279 3110 tamen
1301 3032 1348 3109 de
1369 3032 1478 3108 dictis
1498 3032 1670 3109 ducentis
1686 3032 1873 3108 sexdecim
1891 3031 1998 3110 libris
2018 3034 2143 3110 cidem
2160 3037 2318 3143 Rogero,

898 3183 942 3245 ut
954 3166 1180 3270 premissum
1198 3182 1269 3252 est,
1287 3161 1488 3251 satisfact03
1504 3190 1614 3267 aquo
1625 3161 1813 3268 judicato,
1830 3178 2023 3268 tamquam
2034 3163 2127 3241 falso
2142 3181 2181 3240 et
2190 3192 2313 3270 pravo,

872 3334 879 3345 ·
897 3314 1054 3403 utraque
1069 3323 1154 3400 pars
1174 3292 1393 3401 appellavit:
1408 3293 1499 3371 Viso
1514 3293 1685 3399 igiturne
1701 3292 1900 3401 diligenter
1913 3292 2077 3399 inspecto
2095 3293 2194 3372 dicto
2211 3294 2318 3399 prin-

897 3424 1006 3531 cipali
1032 3450 1140 3500 cause
1163 3449 1358 3527 processu,
1379 3450 1447 3525 per
1472 3422 1576 3496 curie
1601 3438 1727 3499 nostre
1745 3421 1949 3528 judicium,
1975 3422 2114 3498 dictum
2136 3422 2207 3500 fuit
2225 3451 2314 3528 pre-

898 3555 1043 3632 dictum
1063 3550 1296 3659 prepositum
1323 3549 1423 3628 bene
1441 3549 1630 3656 judicasse
1654 3568 1693 3628 et
1714 3551 1831 3629 dictas
1855 3568 1975 3658 partes
1997 3551 2083 3629 hinc
2104 3551 2193 3628 inde
2213 3552 2312 3631 male

898 3682 1118 3791 appellasse,
1139 3698 1176 3758 et
1195 3680 1302 3787 quod
1315 3696 1474 3785 utraque
1494 3710 1578 3786 pars
1593 3682 1666 3759 boc
1683 3680 1911 3760 emendabit.

953 3814 1081 3893 Martis
1095 3827 1181 3918 post
1200 3809 1609 3919 Sanctumlieorgium.

954 3947 1006 4023 M.
1029 3942 1076 4021 de
1095 3944 1191 4019 Usco
1211 3940 1423 4048 reportavit.

954 4210 1014 4287 lx.
1045 4208 1146 4286 Mota
1166 4207 1431 4296 controversia,
1461 4236 1588 4285 coram
1608 4208 1799 4315 preposito
1822 4208 2106 4301 silvanectensi,
2124 4209 2221 4286 inter
2234 4211 2320 4287 Ysa-

898 4339 1027 4418 bellim
1048 4357 1085 4417 et
1105 4339 1313 4418 Johannam
1333 4339 1388 4417 les
1408 4341 1616 4431 Pravostes,
1633 4367 1676 4416 ex
1690 4368 1765 4416 una
1782 4358 1904 4448 parte,
1920 4358 1958 4419 et
1972 4358 2161 4420 curatores
2172 4370 2241 4419 seu
2253 4344 2320 4419 ad-

898 4471 1169 4549 ministratores
1181 4471 1370 4549 bonorum
1388 4468 1552 4577 Templi,
1566 4486 1605 4548 et
1619 4470 1829 4578 specialiter
1845 4472 2048 4549 Renerium
2060 4470 2107 4550 de
2123 4472 2314 4558 Credulio,

899 4600 1016 4678 civem
1046 4601 1377 4689 Silvanectensem,
1399 4602 1438 4677 in
1467 4618 1650 4707 quantum
1677 4631 1764 4679 eum
1795 4604 1932 4711 tangit,
1962 4604 2111 4681 racione
2138 4602 2317 4680 adminis-

896 4732 1072 4808 tracionis
1090 4731 1280 4810 bonorum
1306 4732 1395 4809 dicti
1415 4731 1585 4837 Templi,
1607 4730 1679 4809 sibi
1700 4732 1900 4810 commisse
1916 4734 1955 4809 in
1972 4732 2120 4810 ballivis
2134 4733 2315 4811 Silvanec-

896 4864 1010 4952 tensi‚
1034 4890 1077 4938 ex
1099 4862 1229 4953 altera,
1255 4892 1367 4969 super
1387 4890 1432 4939 eo
1452 4862 1557 4970 quod
1582 4862 1682 4939 dicte
1706 4862 1885 4941 mulieres
1907 4862 2081 4941 dicebant
2099 4891 2139 4940 se
2159 4862 2311 4953 debere,

891 4992 978 5100 jure
999 4992 1244 5083 hereditario,
1266 5010 1454 5100 tamquam
1471 4992 1717 5100 proximiores
1736 4995 1912 5084 heredes,
1935 4994 2136 5072 succedere
2155 4994 2315 5071 lobanni

898 5124 946 5201 de
966 5124 1131 5213 Mouret,
1153 5123 1344 5214 defuncto,
1367 5124 1558 5230 quondam
1584 5152 1715 5201 earum
1733 5141 1883 5230 patruo,
1913 5123 1953 5200 in
1979 5125 2141 5231 quadam
2170 5152 2319 5201 masura

897 5282 985 5332 cum
1008 5256 1084 5333 suis
1106 5255 1361 5362 pertinenciis,
1393 5254 1462 5330 sita
1489 5256 1538 5332 ad
1561 5254 1825 5334 molendinum
1845 5255 1933 5335 vadi
1962 5253 2010 5333 de
2040 5256 2197 5344 Clarois,
2212 5255 2318 5362 juxta

897 5384 1191 5492 Compendium‚
1205 5412 1317 5491 quam
1330 5411 1517 5462 masuram
1532 5384 1656 5464 dictus
1669 5386 1859 5465 lohannes
1873 5386 2039 5477 Mouret,
2051 5402 2222 5493 tempore
2237 5414 2320 5493 quo
