5817 7292
913 1088 987 1163 era
1496 1084 1588 1160 nes
1616 1084 1756 1159 onnu
1873 1171 1878 1185 ,

686 1244 873 1311 numustv,
913 1230 1081 1310 Guidoni
1103 1228 1265 1318 Odardi,
1287 1228 1400 1305 militi
1421 1247 1459 1306 et
1477 1228 1690 1335 Aymerico,
1712 1224 1795 1331 ejus
1808 1226 1956 1330 nepoti,
1978 1226 2083 1304 curia
2097 1246 2222 1309 nosne
2236 1234 2337 1317 dicta

748 1337 812 1381 lato.

914 1362 1076 1468 dampna
1095 1358 1228 1437 texerit
1246 1358 1293 1435 ad
1309 1359 1533 1468 quingentas
1552 1375 1590 1434 et
1610 1357 1742 1433 decern
1762 1353 1878 1432 libras
1901 1384 1964 1433 sex
1983 1356 2126 1437 solidos
2144 1362 2338 1446 Turonen-

911 1519 986 1581 ses,
1015 1508 1052 1567 et
1077 1484 1197 1568 dictos
1224 1488 1354 1566 fratres
1382 1486 1669 1594 condempnavit
1694 1486 1742 1562 ad
1767 1480 1990 1563 solvendum
2014 1487 2152 1567 dictam
2177 1499 2336 1598 pecunie

910 1621 1176 1728 quantitatem,
1203 1646 1271 1725 pro
1292 1618 1465 1724 dampnis
1484 1615 1722 1724 hujusmodi,
1740 1614 1850 1693 militi
1872 1632 1910 1693 et
1924 1616 2120 1725 Aymerico
2137 1624 2333 1727 predictis,

910 1751 1066 1860 prestito
1095 1752 1200 1857 prius
1222 1748 1268 1825 ab
1295 1750 1360 1826 eis
1371 1749 1587 1855 juramento
1612 1747 1660 1825 de
1684 1746 1891 1853 quantitate
1910 1749 2090 1853 predicta.
2122 1750 2222 1830 Dicti
2246 1784 2334 1835 reno

911 1882 1019 1961 miles
1041 1899 1079 1961 et
1097 1910 1229 1988 nepos,
1252 1882 1290 1957 in
1310 1881 1416 1956 'curia
1435 1896 1628 1985 presentes
1641 1878 1794 1968 ,metim
1818 1877 1916 1997 dicta
1936 1879 2098 1985 dampna
2113 1910 2178 1960 sua
2187 1884 2335 1990 jurave-

911 2028 1000 2089 runt
1018 2040 1138 2118 usque
1157 2011 1205 2087 ad
1225 2010 1469 2118 quantitatem
1488 2009 1695 2116 predictam
1716 2027 1755 2086 et
1769 2009 1879 2086 ultra.

843 2176 850 2183 ·
968 2142 1117 2221 Sabbati
1137 2142 1305 2249 predicta
1318 2158 1404 2246 post
1416 2140 1651 2230 Brandones,
1668 2166 1767 2217 anno
1787 2139 1945 2217 decimo.

967 2405 1057 2482 CVI.
1088 2405 1186 2483 Cum
1198 2404 1297 2480 inter
1311 2402 1491 2480 Jacobum
1506 2402 1554 2479 de
1570 2402 1767 2489 Chartaut,
1784 2428 1829 2477 es
1846 2425 1921 2479 una
1934 2419 2051 2508 parte,
2069 2421 2108 2481 et
2119 2405 2328 2485 iohannem

913 2533 1093 2641 Prepositi
1108 2533 1156 2610 de
1169 2533 1538 2622 Castro-Nanthonis‚
1557 2559 1601 2610 ex
1614 2532 1741 2625 altera,
1753 2532 1901 2639 quaetio
1919 2550 2137 2627 verteremr,
2149 2536 2329 2616 innostra

911 2665 1028 2751 curia,
1055 2690 1168 2770 super
1194 2689 1240 2740 eo
1265 2663 1369 2771 quod
1398 2662 1520 2740 dictus
1540 2663 1698 2741 Jacobus
1727 2664 1804 2741 duo
1831 2663 1933 2769 paria
1956 2664 2183 2756 litterarum,
2204 2667 2326 2776 sigilio

912 2792 1103 2871 Castelleti
1115 2792 1331 2871 Parisiensis
1343 2790 1604 2901 sigillatamm3
1616 2793 1761 2900 priores
1775 2792 2074 2900 videlicetsnper
2088 2794 2228 2875 debato
2241 2796 2331 2875 duo

911 2950 997 3001 rum
1015 2923 1181 3002 millium
1200 2940 1448 3032 nogentarom
1469 2922 1676 3031 et‘triginta
1692 2924 1812 3011 trium
1830 2922 2012 3001 librarum
2030 2950 2095 3002 sex
2119 2926 2330 3005 solidorum

912 3073 949 3133 et
968 3072 1052 3134 octo
1074 3056 1315 3133 denariorum
1335 3054 1615 3144 Parisiensium,
1642 3082 1687 3131 ex
1706 3054 1921 3132 venditione
1945 3056 2125 3146 nemoris3
2145 3058 2332 3135 secundas

913 3212 1018 3276 vero,
1038 3213 1151 3292 super
1165 3186 1294 3265 debito
1315 3187 1481 3265 duorum
1495 3184 1658 3262 millium
1669 3184 1849 3263 librarum
1867 3186 2146 3276 Parisiensium,
2164 3211 2330 3263 excausa

913 3317 1052 3405 mutui,
1082 3332 1208 3394 contra
1238 3316 1452 3423 predictum
1474 3316 1689 3393 'iohannem
1722 3315 1873 3421 petebat
1898 3315 2107 3394 executioni
2134 3315 2323 3406 mandari3

912 3444 1012 3523 dicto
1020 3446 1207 3534 iohanne,
1221 3447 1336 3525 adsui
1350 3446 1626 3536 defensionem,
1639 3476 1660 3523 e
1673 3448 1859 3524 contrario
1870 3462 2100 3551 proponente
2109 3444 2215 3551 quod
2226 3443 2322 3551 ipse,

913 3575 960 3653 de
976 3575 1153 3683 predictis
1170 3576 1326 3653 summis
1340 3576 1533 3664 omnibus,
1550 3577 1732 3683 integram
1749 3575 2030 3654 satisfactionem
2045 3572 2182 3652 iecerat
2199 3575 2326 3652 eidem

911 3704 968 3783 vel
989 3706 1069 3814 ejus
1087 3724 1189 3785 certo
1211 3707 1404 3797 mandato,
1434 3724 1472 3785 et
1493 3707 1613 3814 quod,
1634 3736 1703 3814 per
1721 3707 2020 3813 compulsionem
2033 3705 2328 3813 justiciariorum

911 3835 1056 3915 domini
1076 3837 1201 3944 Regis,
1223 3838 1301 3943 ipse
1322 3835 1480 3916 solverat
1500 3837 1625 3915 eidem
1645 3866 1818 3942 magnam
1839 3837 1999 3943 pecunie
2022 3864 2208 3913 summam
2232 3835 2330 3913 nitra

911 3966 1082 4044 debitum
1102 3966 1142 4043 in
1168 3992 1244 4075 quo
1270 3966 1351 4073 ipse
1372 3966 1473 4045 dicto
1494 3966 1633 4046 Jacobo
1657 3983 1803 4073 poterat
1823 3966 1944 4045 teneri
1963 3965 2115 4044 racione
2130 3965 2331 4072 premisse

910 4124 1014 4185 mm,
1029 4120 1344 4203 quamsummam
1363 4097 1604 4175 excedentem
1621 4096 1693 4176 sibi
1709 4096 1816 4193 reddi
1826 4097 1999 4203 petebat,
2015 4096 2099 4203 ipso
2118 4097 2158 4173 in
2176 4096 2327 4174 residuo

910 4224 1110 4305 absoluto:
1135 4226 1322 4317 Tandem,
1345 4227 1483 4306 auditis
1500 4218 1590 4306 hinc
1613 4228 1700 4306 inde
1721 4228 1942 4335 propositis,
1966 4244 2004 4305 et
2019 4226 2196 4333 inquisita
2217 4253 2329 4332 snper

909 4355 1098 4462 predictis,
1114 4358 1251 4435 vocatis
1264 4358 1444 4464 partibus,
1461 4358 1614 4467 plenius
1624 4360 1790 4448 veritate,
1803 4358 1953 4465 visaque
1964 4357 2138 4463 inquesta
2148 4355 2325 4461 predicta,

910 4488 1012 4564 curia
1025 4504 1153 4565 nostm
1163 4486 1375 4594 predictum
1387 4490 1598 4567 iohannem
1617 4485 1757 4567 atotali
1774 4488 1921 4576 debito,
1935 4487 1974 4564 in
1987 4485 2166 4594 predictis
2181 4486 2328 4564 duabus

909 4614 1042 4695 litteris
1057 4634 1249 4707 contento,
1270 4620 1420 4724 penitus
1438 4619 1612 4708 absolvit,
1633 4637 1671 4697 et
1680 4618 1967 4725 condempnavit
1983 4618 2130 4696 dictum
2146 4616 2323 4694 Jacobum

910 4746 957 4824 ad
966 4748 1205 4825 reddendum
1219 4748 1344 4825 eidem
1354 4750 1516 4827 Johanni
1527 4749 1619 4828 duas
1631 4750 1774 4828 litteras
1787 4750 1985 4855 predictas,
1999 4745 2325 4855 etquadringintas

909 4894 946 4953 et
968 4878 1211 4986 quadraginta
1233 4905 1367 4957 novem
1391 4877 1730 4959 libraetresdecim
1754 4877 1894 4957 solidos
1913 4896 1952 4957 et
1972 4895 2137 4986 quatuor
2154 4874 2325 4953 denarios

836 5051 841 5071 κ
909 5008 1145 5097 Parisicnees,
1166 5036 1279 5115 quam
1299 5038 1507 5100 summam,
1526 5039 1595 5116 per
1615 5010 1826 5117 inquestam
1847 5004 2052 5115 predictam
2077 5007 2177 5085 curie
2199 5022 2327 5083 nostre

906 5138 1073 5217 constitit
1095 5138 1259 5217 eundem
1287 5138 1484 5229 iacobum,
1501 5140 1569 5219 nei
1591 5141 1673 5249 ejus
1693 5140 1932 5231 mandatum,
1951 5139 2107 5216 racione
2136 5136 2328 5213 execucio-

906 5267 963 5343 nis
990 5268 1171 5347 dictarum
1200 5268 1429 5360 litterarum,
1455 5269 1542 5376 plus
1566 5271 1696 5349 debito
1715 5271 1888 5349 levavisse
1906 5298 1927 5347 a
1946 5266 2324 5373 Johannepredicto,

908 5399 1177 5503 resemavitqne
1189 5398 1290 5477 curia
1303 5414 1428 5475 nostra
1446 5399 1546 5478 dicto
1559 5401 1699 5479 Jacobo
1711 5402 1828 5509 quod,
1843 5426 1956 5509 super
1967 5398 2086 5476 misiis
2101 5413 2140 5475 ct
2155 5396 2327 5499 dampnis
