5817 7292
1016 1132 1285 1239 nuouurus
1313 1148 1376 1221 ΕΤ
1402 1132 1610 1221 ascens.
1955 1150 2029 1223 aso

613 1290 753 1370 haltere
767 1288 928 1369 intendit
944 1291 983 1367 in
994 1308 1093 1369 terra
1109 1288 1334 1380 Guillerma,
1355 1288 1469 1365 amite
1481 1317 1565 1375 sue,
1580 1304 1620 1365 et
1633 1287 1722 1364 dicti
1735 1289 1884 1366 comitis
1898 1290 2030 1367 Arme-
2069 1298 2198 1353 anacim
2210 1298 2253 1360 W·

613 1421 727 1511 araci,
741 1448 855 1529 (μω
870 1422 1068 1529 amana
1082 1422 1121 1497 a
1135 1419 1368 1509 cautious,
1386 1418 1666 1527 qumana,
1679 1418 2032 1497 Guillcrmasitalli-
2130 1390 2194 1435 ¹⁸⁰⁰·

614 1570 697 1660 gata
719 1582 806 1631 cum
826 1552 928 1632 dicto
948 1553 1085 1631 comite
1108 1552 1334 1644 Armeniaci,
1357 1550 1569 1628 utineam
1587 1578 1713 1626 mcum
1735 1549 1775 1625 in
1794 1578 1908 1656 quem
1935 1551 2034 1630 dicta

614 1700 714 1761 terra
728 1684 845 1761 exiret
859 1682 907 1762 de
923 1712 1038 1763 manu
1053 1684 1152 1761 dicta
1161 1682 1372 1763 Guillerme
1382 1708 1451 1789 per
1461 1698 1623 1759 mortem
1635 1680 1695 1758 vel
1709 1682 1749 1757 in
1761 1682 1835 1759 vita
1844 1680 2033 1790 ejusdem,

616 1813 837 1894 liceatdicto
846 1816 975 1895 comiti
989 1815 1096 1905 Fuxi,
1107 1842 1176 1921 pro
1185 1815 1272 1921 jure
1283 1814 1388 1923 quod
1401 1806 1441 1889 in
1457 1840 1501 1891 ea
1512 1811 1677 1891 intendit
1685 1813 1841 1902 babere,
1852 1814 2036 1922 assignare

614 1944 664 2021 ad
681 1944 819 2023 dictam
833 1962 971 2023 terram
983 1944 1043 2023 vel
1057 1972 1139 2021 eam
1153 1972 1375 2051 recuperare
1390 1943 1515 2022 modis
1524 1961 1563 2021 et
1572 1942 1642 2021 viis
1654 1944 1793 2049 quibus
1806 1942 1878 2021 sibi
1891 1944 2035 2035 liceret,

615 2075 827 2153 secundum
846 2074 1161 2157 consuetudinem
1182 2072 1422 2161 Gathalonie,
1446 2100 1523 2151 non
1547 2072 1718 2181 olnstante
1738 2092 2039 2153 assecuramento

618 2205 808 2312 predicto,
824 2232 938 2312 quam
954 2204 1267 2311 protestacionem
1284 2203 1463 2281 dominus
1482 2206 1559 2281 Rex
1578 2232 1656 2281 non
1680 2204 1846 2295 admisit,
1868 2206 1937 2284 sed
1956 2232 2039 2285 eam

612 2362 788 2443 expresse
804 2334 944 2443 repulit
953 2352 1146 2443 tamquam
1160 2334 1294 2413 hetam
1310 2350 1439 2412 contra
1452 2336 1767 2413 consuetudinem
1781 2336 1885 2414 curie
1896 2337 2040 2416 domini

616 2467 738 2575 Regis.
758 2468 903 2545 Ta'men
923 2466 972 2542 de
991 2465 1110 2573 gracia
1130 2465 1280 2572 speciali
1300 2464 1479 2544 dominus
1493 2466 1569 2542 Rex
1584 2465 1782 2558 concessit,
1799 2466 1888 2543 licet
1901 2494 1979 2545 non
1993 2467 2042 2545 sit

616 2596 727 2675 stilus
745 2598 867 2690 curie,
889 2596 994 2704 quod
1016 2596 1114 2673 dicta
1132 2597 1375 2702 protostacio,
1397 2596 1514 2673 modo
1533 2624 1612 2701 quo
1630 2624 1743 2702 supra
1762 2598 1944 2704 scriptum
1965 2615 2039 2684 est,

618 2728 805 2805 inseratur
819 2727 858 2803 in
869 2726 1292 2805 littereassecnramenti
1307 2725 1481 2832 predicti.
1499 2724 1635 2803 Actum
1649 2726 1752 2831 apud
1767 2726 2039 2813 Silvanectum,

620 2856 683 2935 die
702 2857 831 2935 martis
849 2874 937 2963 post
954 2856 1246 2957 Penthecosten,
1264 2883 1364 2936 anno
1382 2855 1647 2934 trecentesimo
1666 2882 1782 2933 nono.

675 3118 786 3198 XXV.
817 3116 1030 3197 senescallo
1049 3116 1284 3209 Tholosano,
1310 3118 1493 3195 salutem:
1517 3118 1776 3198 Mandavimus
1796 3120 1916 3211 vobis,
1939 3122 2045 3229 quod

620 3248 807 3358 adjunctis
833 3248 1028 3329 vobiscum
1055 3250 1185 3357 judice
1214 3248 1357 3356 majore
1389 3266 1426 3325 et
1457 3250 1634 3357 maffistro
1662 3250 1843 3343 Bardino,
1868 3280 2046 3359 procura-

620 3396 704 3457 tore
727 3396 857 3459 nostro
869 3379 1110 3469 Tholosanis,
1131 3378 1191 3456 vel
1210 3404 1345 3456 eorum
1364 3377 1502 3467 altero,
1518 3378 1675 3457 videatis
1690 3380 1903 3487 judicatum
1925 3382 1964 3458 in
1980 3408 2048 3460 no-

621 3510 770 3589 vissime
790 3509 971 3617 preterito
985 3508 1219 3616 parlamento
1236 3509 1377 3587 factum
1395 3510 1495 3585 inter
1512 3508 1670 3588 dilectos
1689 3528 1729 3587 et
1745 3510 1880 3589 fideles
1898 3531 2048 3593 nostros

619 3641 800 3719 comitem
814 3641 925 3733 Furi,
940 3668 985 3718 ex
998 3668 1072 3717 una
1084 3656 1209 3747 parte,
1226 3658 1265 3718 ct
1279 3640 1459 3718 comitem
1470 3638 1682 3719 Armeniaci
1692 3659 1732 3719 et
1743 3640 1826 3749 ejus
1837 3661 2045 3736 consortes,

621 3769 813 3861 exaltem,
831 3787 886 3861 ct,
906 3786 1050 3848 servato
1065 3787 1198 3849 tenore
1210 3768 1368 3877 judicati
1382 3770 1559 3876 predicti,
1575 3771 1714 3849 vocatis
1727 3770 1898 3876 partibus
1913 3790 1952 3849 et
1966 3774 2048 3853 aliis

622 3901 838 3991 evocandis,
856 3901 1054 4009 inquiratis
1069 3900 1116 3978 de
1133 3900 1248 4008 plano
1267 3902 1314 3979 de
1333 3900 1507 4007 dampnis
1520 3930 1589 4007 per
1602 3902 1747 3978 dictum
1761 3901 1938 3978 comitem
1955 3904 2048 3981 Furi

622 4048 664 4108 et
683 4056 772 4109 satos
787 4031 902 4111 illatis
915 4032 1030 4122 villis,
1056 4049 1095 4111 et
1115 4030 1337 4109 hominibus
1353 4031 1443 4108 dicti
1460 4032 1610 4110 comitis
1621 4031 1849 4121 Armeniaci,
1867 4033 2051 4140 archicpi-

623 4162 726 4268 scopi
742 4163 1017 4273 Auritanensis,
1035 4179 1075 4241 et
1087 4163 1206 4241 eciam
1220 4162 1373 4250 nostris,
1394 4192 1470 4270 que
1484 4163 1572 4241 ville
1587 4162 1779 4241 nominate
1792 4164 1931 4241 suntin
1944 4164 2049 4272 judi-

625 4308 708 4371 cato
724 4276 909 4400 predicto,
927 4310 983 4383 et,
1001 4294 1178 4400 inquisita
1194 4294 1245 4371 sic
1257 4320 1327 4401 per
1340 4320 1406 4372 vos
1420 4294 1577 4371 veritate
1594 4293 1643 4371 de
1659 4293 1848 4373 dictorum
1865 4293 2050 4400 dampno·

626 4448 711 4499 mm
724 4424 947 4529 quantitate,
963 4422 1150 4531 dictisque
1166 4424 1339 4531 dampnis
1352 4454 1421 4531 per
1437 4452 1503 4503 vos
1514 4424 1646 4504 taxatis
1661 4426 1845 4533 usquead
1862 4452 2050 4503 summam

626 4580 701 4659 que
728 4550 843 4631 luerit
866 4554 1021 4633 cuilibet
1045 4554 1284 4645 exsolvenda,
1306 4556 1519 4663 predictum
1545 4555 1724 4633 comitem
1747 4556 1842 4633 Furi
1862 4556 1967 4633 omni
1990 4584 2052 4633 ex-

627 4682 825 4761 cusacione
843 4685 1037 4805 proposita
1056 4702 1097 4762 et
1113 4684 1285 4792 qualibet
1304 4684 1563 4793 appellacione
1581 4687 1717 4794 rojecta
1737 4684 2052 4765 efficacitercom-

626 4812 776 4918 pellatis
787 4813 836 4892 ad
846 4813 1088 4893 reddendum
1101 4815 1212 4894 dictis
1224 4815 1325 4893 uillis
1340 4834 1378 4894 et
1390 4816 1611 4896 hominibus
1625 4817 1846 4894 earumdem
1858 4816 2049 4906 villarum,

627 4944 837 5023 secundum
859 4946 965 5052 quod
988 4946 1029 5023 in
1050 4946 1152 5025 dicto
1172 4947 1396 5054 exprimitur
1414 4947 1603 5056 judicato,
1625 4946 1787 5055 dampna
1808 4948 1977 5055 predicta
1999 4949 2053 5029 sic

628 5101 696 5179 per
714 5102 779 5153 vos
798 5074 975 5183 inquisita
995 5094 1033 5155 et
1052 5078 1239 5167 estimata,
1266 5095 1306 5155 et
1329 5078 1377 5155 ad
1400 5078 1654 5155 edificandum
1674 5104 1815 5157 omnes
1833 5080 1994 5187 capellas
2015 5097 2054 5158 et

628 5202 865 5283 fundandum
882 5206 1106 5313 capellanias
1119 5225 1157 5286 et
1169 5206 1415 5286 assidendum
1429 5209 1603 5288 redditus
1614 5211 1835 5288 earumdem
1851 5209 2054 5317 dequibus

629 5334 844 5413 continetur
869 5335 908 5413 in
924 5335 1094 5445 judicato
1120 5338 1310 5444 predicto,
1340 5339 1391 5415 ita
1413 5338 1519 5446 quod
1542 5339 1637 5417 inlra
1661 5368 1820 5426 annum,
1842 5366 1864 5415 a
1883 5339 1946 5415 die
1967 5340 2053 5415 date

631 5465 867 5568 presencium
881 5466 1178 5562 numerandum,
1197 5469 1366 5577 predicta
1385 5470 1513 5549 omnia
1528 5469 1760 5579 integraliter
1774 5470 1851 5546 sint
1864 5466 2053 5574 completa
