5817 7292
1025 1084 1293 1194 nnontrns
1320 1104 1384 1177 ar
1411 1085 1619 1179 procas.
1961 1110 2034 1183 ars

611 1277 691 1327 rem
718 1265 756 1326 et
778 1248 952 1327 scabinos
974 1246 1194 1356 hujusmodi
1215 1262 1379 1353 ceperat,
1403 1264 1441 1324 et
1461 1263 1588 1353 captos
1607 1246 1647 1321 in
1666 1273 1733 1322 sua
1752 1244 1916 1350 prisione
1941 1247 2036 1327 deti·
2073 1258 2258 1320 natumst,

610 1380 740 1473 nebat,
763 1398 800 1457 et
824 1380 931 1488 quod
951 1380 1040 1458 dicti
1060 1378 1180 1487 major
1199 1395 1238 1457 et
1257 1378 1413 1470 scabini,
1435 1394 1608 1485 pretextu
1627 1377 1727 1453 dicte
1750 1376 2032 1483 appellacionis,
2135 1352 2197 1394 ’Μ’

610 1540 679 1619 per
697 1514 933 1619 prepositum
952 1528 1126 1591 nostrum
1148 1511 1478 1617 Sancti-Hiquerii,
1500 1539 1568 1588 sua
1587 1537 1655 1587 seu
1666 1508 1795 1585 ballivi
1809 1511 1928 1586 nostri
1949 1511 2036 1588 Am-

609 1644 1045 1733 bianensisaurtoritate,
1062 1644 1102 1720 in
1115 1642 1212 1721 facto
1223 1643 1443 1751 hujusmodi
1459 1642 1724 1751 procedentes,
1743 1660 2037 1748 procuraverunt

610 1802 650 1853 se
670 1776 797 1853 adicti
817 1775 1011 1855 senescalli
1027 1776 1192 1882 prisione
1211 1776 1364 1863 extrahi,
1385 1775 1477 1852 etin
1495 1775 1653 1882 majorie
1669 1788 1708 1850 et
1725 1774 1938 1851 scabinatus
1950 1802 2037 1879 pre-

609 1934 789 2015 suspensa
804 1909 874 1987 sibi
889 1907 1219 1986 administratione
1236 1908 1388 2015 reponi,
1407 1895 1447 1984 et
1459 1908 1566 2013 quod
1582 1907 1705 1984 dictus
1719 1905 1945 2013 prepositus,
1963 1906 2034 1982 hiis

608 2066 685 2116 non
701 2056 916 2129 contentus,
934 2038 1145 2117 nonnullos
1164 2039 1281 2144 ipsius
1300 2039 1493 2116 senescalli
1513 2038 1702 2127 subditos,
1724 2066 1893 2115 asserens
1912 2038 2033 2143 quod,

607 2167 647 2243 in
661 2169 923 2275 appellationis
935 2170 1103 2275 predicte
1117 2168 1369 2277 prejudicium
1386 2186 1423 2245 et
1436 2188 1563 2247 nostre
1573 2169 1829 2277 juridictionis
1843 2186 2036 2276 contemp-

606 2316 704 2393 tum,
724 2300 845 2379 multa
866 2302 1147 2393 commiserant,
1168 2316 1331 2408 ceperat,
1352 2318 1391 2378 et
1410 2319 1537 2408 captos
1556 2302 1751 2379 detinebat
1769 2304 1896 2379 minus
1909 2303 2032 2410 juste-3

605 2459 737 2509 verum
755 2434 962 2543 burgenses
980 2433 1136 2542 quidam
1159 2433 1257 2511 dicte
1276 2432 1362 2510 ville
1382 2433 1421 2509 in
1442 2433 1673 2510 contrarium
1693 2451 1933 2511 asseruerunt
1946 2462 2035 2541 pro·

604 2564 724 2667 posita
743 2594 811 2671 per
833 2566 976 2643 dictum
1001 2565 1249 2643 senescallum
1271 2564 1426 2641 veritate
1451 2592 1594 2651 carere,
1618 2581 1655 2661 et
1673 2566 1781 2669 plura
1799 2594 1869 2669 per
1889 2548 2034 2642 dictum

605 2694 853 2773 senescallum
876 2714 916 2773 et
936 2714 1065 2803 gentes
1085 2724 1188 2783 suas,
1212 2696 1251 2771 in
1273 2711 1532 2800 contemptum
1547 2693 1822 2800 jurisdictionis
1844 2713 1971 2771 nostre
1996 2714 2034 2771 et

604 2825 858 2931 prejudicium
875 2826 973 2903 dicte
989 2825 1266 2932 appellacionis,
1284 2841 1503 2931 attemptata
1519 2842 1557 2900 et
1570 2824 1779 2932 gravamina
1791 2824 1893 2901 illata
1906 2854 2034 2931 qum

605 2952 782 3059 plurima,
804 2984 845 3032 ac
865 2956 965 3062 ipsos
987 2956 1170 3063 majorem
1192 2973 1230 3034 et
1249 2944 1425 3034 scabinos¹
1444 2973 1575 3061 gentes
1599 2972 1760 3045 nostras,
1783 2972 1822 3032 et
1839 2954 2033 3061 potissime

603 3084 755 3162 Petrum
778 3087 825 3163 de
842 3087 1064 3193 Oysemont,
1086 3115 1207 3164 unum
1222 3087 1271 3163 de
1286 3086 1534 3164 servientibus
1554 3087 1708 3176 nostris,
1725 3087 1887 3193 turpiter
1897 3105 2033 3165 tracta-

602 3232 683 3291 tum
701 3233 739 3291 et
759 3216 889 3292 multis
909 3217 1056 3321 injuriis
1074 3216 1250 3293 affectum
1267 3216 1405 3305 fuisse;
1423 3246 1538 3322 super
1556 3217 1734 3322 predictis
1752 3218 2029 3307 mandavimus,

601 3344 812 3423 secundum
834 3342 1048 3421 articulosa
1067 3343 1236 3449 partibus
1255 3344 1457 3447 superbiis
1474 3346 1696 3433 tradendos,
1713 3364 1790 3423 tam
1818 3346 1865 3423 de
1886 3350 2032 3426 meritis

603 3474 703 3552 dicte
713 3472 997 3581 appellacionis,
1012 3488 1142 3549 utrum
1152 3500 1221 3577 per
1231 3471 1374 3549 curiam
1391 3490 1559 3550 nostmm
1575 3474 1724 3551 admitti
1742 3475 1894 3565 debeat,
1916 3504 2030 3584 quam

602 3631 716 3712 super
727 3604 892 3712 injuriis,
902 3601 1095 3711 violenciis
1110 3619 1148 3681 et
1158 3604 1337 3681 rescussis
1352 3602 1545 3709 predictis,
1558 3604 1760 3712 diligenter
1771 3606 1912 3711 inquiri
1925 3609 2030 3686 :Visa

601 3734 717 3841 igitur
736 3736 908 3842 inquesta
922 3762 1038 3840 super
1057 3734 1131 3813 boc
1150 3732 1197 3810 de
1216 3734 1394 3812 mandato
1415 3752 1544 3811 nostro
1563 3734 1658 3811 lacta
1672 3752 1712 3811 et
1727 3736 1928 3841 diligenter
1946 3764 2030 3813 exa-

503 3882 509 3889 '
601 3865 758 3954 minata,
774 3894 842 3971 per
856 3866 960 3943 curie
973 3882 1100 3943 nostre
1116 3863 1316 3971 judicium,
1340 3863 1485 3949 dictum
1501 3864 1575 3941 luit
1589 3882 1628 3941 et
1645 3864 1936 3970 pronunciatum
1950 3864 2031 3943 dic·

600 4012 678 4073 tam
705 3996 1000 4104 appellacionem
1026 4024 1104 4075 non
1130 4024 1209 4075 esse
1235 3995 1528 4083 admittendam,
1551 4010 1590 4071 et
1611 3994 1718 4101 quod
1743 3994 1833 4070 dicti
1853 3996 1974 4100 major
1993 4014 2031 4073 et

601 4125 740 4205 scabini
752 4128 802 4205 ad
812 4128 938 4207 locum
949 4127 1163 4234 predictum
1175 4126 1417 4205 remittentur
1431 4126 1471 4203 in
1483 4125 1552 4203 illo
1566 4142 1663 4203 statu
1680 4126 1719 4202 in
1732 4154 1809 4231 qno
1818 4126 1891 4231 ipsi
1905 4144 2026 4214 erant,

600 4276 772 4365 tempore
788 4260 886 4339 dicte
907 4260 1171 4367 appellacionis
1186 4259 1341 4349 emisse,
1363 4276 1416 4347 et,
1437 4260 1526 4365 quia
1545 4276 1704 4363 constat,
1724 4287 1794 4365 per
1812 4260 1949 4336 dictam
1971 4260 2028 4335 in·

601 4408 783 4495 questam,
805 4390 1018 4497 predictum
1037 4390 1283 4471 senescallum
1298 4407 1336 4469 et
1354 4407 1485 4498 gentes
1501 4418 1587 4468 suas
1601 4389 1729 4497 plures
1747 4388 2027 4467 inobedieucias

602 4521 832 4599 commisisse
848 4538 976 4599 contra
988 4540 1120 4630 gentes
1139 4539 1301 4615 nostras,
1315 4520 1878 4628 etspecialitcrdicto-servienti
1896 4539 2026 4599 nostro

598 4678 668 4757 per
692 4651 835 4731 litteras
853 4652 980 4731 ballivi
1000 4655 1120 4731 nostri
1139 4652 1400 4731 Ambunensis
1419 4651 1563 4731 ibidem
1583 4652 1755 4730 instituto
1774 4651 1904 4758 plures
1927 4652 2024 4759 inju-

598 4783 671 4860 rias
684 4782 870 4873 intulisse,
885 4768 954 4891 per
966 4784 1067 4863 idem
1076 4784 1266 4893 judicium
1282 4784 1404 4861 dictus
1416 4782 1643 4861 senescallus
1656 4781 1728 4860 fuit
1741 4783 1854 4861 nobis
1865 4783 1904 4858 in
1917 4780 2025 4859 mille

599 4910 705 4991 libris
724 4942 923 5020 parvorum
942 4916 1226 4994 Turoneneium
1240 4914 1555 5022 condempnatus,
1574 4942 1646 5020 pro
1666 4913 1842 5004 emenda,
1865 4930 1904 4991 et
1923 4913 2024 4991 dicto

598 5042 789 5133 servienti,
811 5045 851 5121 in
874 5043 1003 5154 viginti
1029 5044 1137 5125 libris
1165 5044 1333 5154 ejusdem
1355 5060 1525 5135 monete,
1546 5072 1616 5151 pro
1636 5042 1785 5152 injuriis
1803 5044 1875 5122 sibi
1898 5040 2021 5120 illatis.

653 5172 806 5253 Sabbati
822 5174 1001 5281 predicta.

653 5304 754 5409 Roya
771 5306 983 5410 reportavit.
