5817 7292
1004 1111 1270 1222 aroteras
1296 1130 1362 1202 ur
1387 1114 1594 1204 esoces
1932 1128 2002 1201 su

590 1269 662 1347 lata
673 1268 837 1376 quadam
852 1268 1152 1378 interloqutoria,
1166 1270 1206 1347 in
1218 1266 1387 1377 predicta
1395 1272 1499 1348 curia
1510 1267 1721 1360 castelleti,
1735 1294 1805 1373 pro
1815 1268 1917 1347 dicto
1929 1296 2010 1347 ma·
2046 1284 2177 1341 ranam
2188 1282 2234 1343 w,

589 1399 707 1508 gistro
728 1398 934 1480 Guillelmo
954 1418 993 1479 et
1012 1418 1139 1479 contra
1157 1401 1372 1509 predictum
1392 1402 1625 1492 Johannem,
1645 1398 1747 1476 idem
1762 1397 1970 1492 Johannes,
1988 1431 2011 1477 a
2107 1376 2171 1421 '''''

590 1528 690 1607 dicta
708 1528 995 1639 interloqutoria
1017 1532 1062 1609 ad
1082 1548 1248 1612 nostram
1269 1532 1409 1609 curiam
1429 1529 1645 1639 appellavit3
1665 1529 1804 1607 auditis
1821 1528 1950 1636 igitur,
1970 1531 2010 1607 in

591 1684 700 1737 causa
711 1659 975 1767 appellacionis
986 1662 1169 1767 predicte,
1186 1661 1317 1741 multis
1335 1661 1566 1754 racionibus,
1583 1660 1672 1737 hinc
1685 1677 1725 1737 et
1737 1660 1843 1749 inde,
1856 1660 2012 1737 tandem

590 1789 694 1868 idem
717 1791 906 1869 lohannes
929 1820 951 1867 a
975 1792 1075 1871 dicta
1101 1791 1360 1899 appellacione
1385 1791 1587 1881 recedens,
1608 1789 1730 1869 voluit
1757 1808 1797 1869 et
1824 1790 2013 1867 consensit

587 1920 695 2027 quod
715 1920 763 1999 de
778 1920 891 2029 plano
909 1938 1036 2000 nostra
1054 1923 1155 2000 curia
1174 1923 1385 2031 inquireret
1398 1924 1609 2011 veritatem,
1626 1938 1757 2001 utrum
1775 1922 1856 2027 ipse
1873 1920 2014 1999 lohan-

590 2076 657 2127 nes
677 2051 834 2129 haberet
847 2052 907 2130 vel
923 2052 1100 2131 habuerit
1114 2054 1239 2161 aliqua
1258 2052 1453 2143 debonis,
1472 2081 1542 2159 pro
1560 2052 1700 2160 wihus
1718 2054 1821 2131 idem
1837 2051 2014 2161 magister

587 2178 816 2259 Guillelmus
838 2182 877 2259 in
898 2182 1079 2287 predictis
1098 2182 1281 2261 sexcentis
1301 2183 1424 2271 libris,
1443 2184 1542 2260 dicte
1567 2185 1754 2273 Romane,
1775 2183 1897 2261 luerat
1920 2209 2013 2261 con·

590 2308 829 2417 dempnatus,
852 2326 905 2399 et,
927 2311 999 2388 nisi
1015 2310 1234 2389 ostenderet
1249 2313 1368 2391 bonas
1384 2313 1557 2391 raciones
1571 2331 1699 2391 contra
1715 2313 1859 2392 dictum
1875 2314 2013 2424 magis-

587 2454 689 2517 trum
711 2437 962 2520 Guillelmum
981 2468 1097 2548 quare
1120 2442 1167 2519 de
1186 2441 1295 2519 dictis
1314 2440 1428 2520 bonis
1445 2444 1566 2520 teneri
1586 2469 1664 2522 non
1686 2444 1844 2523 deberet
1864 2446 2010 2535 eidem,

587 2586 713 2647 nostra
734 2570 837 2646 curia
854 2596 967 2675 super
991 2572 1064 2647 hiis
1084 2571 1132 2648 de
1156 2570 1268 2676 plano
1292 2599 1398 2647 suam
1420 2571 1559 2648 laceret
1578 2575 1837 2651 voluntatem:
1863 2573 2013 2653 Auditis

589 2699 704 2805 igitur
726 2698 932 2805 superbiis
956 2699 1140 2775 dictarum
1161 2700 1330 2805 parcium
1349 2700 1579 2793 racionibus,
1602 2718 1642 2779 et
1659 2728 1774 2808 super
1792 2702 1936 2780 eisdem
1944 2704 2014 2780 in·

588 2845 720 2935 questa
736 2826 846 2921 lacta,
862 2827 910 2905 de
930 2828 1109 2907 mandato
1127 2846 1269 2917 nostro,
1284 2830 1386 2907 etad
1401 2829 1542 2907 cunam
1562 2848 1730 2909 nostram
1749 2849 1953 2939 reportata,
1974 2849 2013 2911 et

587 2958 790 3067 diligenter
800 2959 886 3051 usa,
896 2976 1167 3065 compertoque
1178 2984 1340 3066 peream
1353 2960 1460 3067 quod
1470 2960 1573 3038 idem
1584 2962 1774 3041 lohannes
1786 2962 1883 3041 dicta
1897 2962 2008 3054 bona,

588 3114 657 3194 pro
681 3089 822 3196 quibus
844 3088 967 3167 dictus
985 3090 1162 3197 magister
1184 3088 1414 3170 Gaillelmus
1439 3091 1606 3197 predicte
1625 3093 1808 3183 Romane,
1835 3110 2012 3201 utsupra

589 3220 734 3298 dictum
753 3236 826 3310 est,
847 3219 969 3299 luerat
989 3220 1304 3328 condempnatus,
1321 3219 1468 3312 habuit,
1487 3222 1620 3300 levavit
1633 3236 1673 3299 et
1688 3222 1831 3330 recepit
1847 3224 1888 3302 in
1905 3250 2013 3303 suos·

587 3378 661 3459 que
676 3380 767 3431 usus
781 3352 953 3459 proprios
972 3352 1169 3441 convertit,
1187 3368 1226 3428 et
1244 3350 1368 3429 adhuc
1387 3353 1504 3430 habet
1520 3370 1560 3429 et
1579 3352 1742 3443 detinet,
1758 3380 1830 3431 nec
1844 3354 2011 3461 aliquam

587 3481 834 3561 sufficientem
859 3482 1048 3561 racionem
1069 3480 1277 3561 ostenderit
1295 3499 1424 3560 contra
1445 3481 1590 3561 dictum
1608 3486 1829 3591 magistrum
1850 3483 2013 3564 Guillel-

587 3638 709 3707 mum,
727 3640 842 3720 quare
861 3612 908 3691 ad
928 3613 1168 3691 reddendum
1188 3640 1256 3691 seu
1276 3612 1553 3691 restituendum
1571 3613 1696 3691 eidem
1717 3612 1817 3690 dicta
1833 3612 1934 3692 bona
1951 3613 2012 3692 vel

588 3770 721 3820 eorum
736 3743 901 3821 valorem
919 3743 1077 3819 minime
1096 3758 1279 3829 teneatur,
1296 3769 1366 3848 per
1382 3743 1484 3819 curie
1501 3758 1628 3820 nostre
1642 3740 1848 3849 judicium,
1866 3742 2011 3821 dictum

588 3867 659 3945 fuit
673 3868 793 3975 quod,
812 3897 882 3975 pro
895 3869 1021 3949 valore
1038 3870 1225 3950 dictorum
1239 3868 1447 3960 honorum,
1469 3870 1660 3977 predictus
1671 3870 1863 3947 lohannes
1876 3869 2013 3947 reddet

592 3996 692 4075 dicto
711 3999 889 4107 magistro
908 3998 1113 4079 Guillelmo
1133 4016 1321 4077 sexcentas
1339 3999 1454 4079 libras
1473 4000 1708 4091 Pariaienses,
1724 3998 1765 4077 in
1782 3996 1908 4077 valore
1927 4023 2011 4079 mo-

589 4144 676 4205 nete
688 4156 762 4237 que
783 4128 956 4207 manebat
973 4157 1074 4208 anno
1090 4128 1245 4207 Domini
1264 4128 1469 4209 millesimo
1490 4129 1749 4209 ducentesimo
1767 4131 2010 4238 nonagesimo

590 4284 708 4348 nono,
726 4274 781 4349 et,
801 4257 849 4337 de
870 4259 1055 4365 expensis,
1073 4257 1247 4364 dampnis
1267 4276 1306 4336 et
1321 4259 1440 4337 misiis
1462 4288 1556 4368 quas
1573 4260 1696 4337 dictus
1713 4258 1889 4368 magister
1902 4258 2011 4339 Guil-

588 4385 740 4481 lelmus,
763 4390 957 4470 occasione
972 4389 1049 4467 litis
1067 4416 1181 4497 super
1197 4389 1388 4497 premissis
1400 4390 1502 4469 inter
1514 4390 1616 4497 ipsos
1635 4387 1783 4467 diucius
1801 4386 1954 4496 agitate,
1970 4418 2011 4468 se

589 4516 720 4597 fecisse
744 4519 913 4610 dicebat,
940 4520 1161 4627 dictumque
1185 4520 1396 4598 Johannem
1419 4519 1491 4600 sibi
1511 4520 1717 4629 superbiis
1741 4517 2012 4625 condempnari

589 4648 757 4755 petebat,
777 4648 850 4729 fuit
869 4649 991 4729 dictus
1004 4650 1211 4741 lohannes,
1228 4678 1296 4757 per
1310 4650 1412 4729 idem
1427 4651 1530 4731 curie
1545 4649 1884 4760 nostrejudicittm,
1903 4649 2013 4729 abso·

590 4776 705 4859 lutus.

644 4909 808 4991 Sabbato
822 4930 909 5020 post
925 4912 1187 4992 lnvencionem
1203 4913 1339 4993 Sancte
1354 4913 1496 4993 Crucis.

645 5039 692 5120 G.
715 5042 763 5121 de
783 5044 878 5123 Uaco
895 5044 1108 5151 reportavit.

647 5301 769 5382 LXVI.
800 5304 901 5381 Mota
914 5303 992 5394 lite,
1008 5305 1048 5381 in
1062 5306 1164 5385 curia
1178 5322 1315 5396 nostra,
1332 5306 1373 5383 in
1384 5302 1649 5412 appellacionis
1662 5330 1782 5393 m
1793 5302 1893 5381 inter
1904 5298 2015 5379 relic·

592 5444 669 5503 tam
683 5431 780 5507 Petri
795 5431 946 5525 Heliou,
958 5436 1135 5514 tutricem
1151 5436 1357 5515 liberorum
1372 5435 1633 5515 communium
1647 5433 1729 5541 ejus
1741 5448 1780 5510 et
1795 5430 1884 5509 dicti
1898 5426 2010 5518 Petri,

1833 5604 1883 5666 7²·
1968 5578 1973 5589 ’
