5817 7292
914 1089 987 1164 526
1079 1109 1080 1114 ’
1495 1083 1587 1156 Lus
1617 1082 1757 1156 OLlM.

690 1259 817 1311 eninm
830 1252 873 1315 tv,
912 1255 1047 1311 omncs
1075 1228 1243 1306 raciones
1270 1253 1373 1316 suas,
1401 1225 1611 1303 secundnm
1636 1219 1810 1302 tenorem
1835 1221 1936 1300 dicte
1964 1223 2267 1319 interlocutorio,
2287 1229 2338 1306 ad
2448 1215 2454 1220 ’

749 1347 811 1392 ¹³¹⁰·
912 1363 1028 1438 finem
1048 1357 1266 1436 annullandi
1287 1357 1405 1434 dictos
1421 1356 1610 1445 delectus,
1629 1371 1667 1431 et
1684 1355 1790 1460 quod
1808 1353 1888 1460 ipse
1903 1353 2168 1434 admitteretur
2187 1357 2235 1433 ad
2247 1386 2337 1464 pro-

910 1490 1131 1598 ponendum
1151 1516 1284 1565 omnes
1309 1515 1393 1564 suas
1417 1485 1656 1592 exceptiones
1674 1485 1944 1591 peremptorias
1965 1486 2005 1562 in
2024 1515 2133 1566 causa
2152 1486 2337 1593 predicta,

910 1621 1012 1700 dicto
1034 1619 1232 1726 Dyonisio,
1259 1646 1302 1694 ex
1334 1617 1509 1704 adverso,
1535 1631 1771 1722 proponente
1795 1615 1918 1721 quod,
1949 1619 2101 1696 attentis
2126 1617 2337 1698 defectibus

909 1751 1086 1858 predictis
1111 1768 1149 1827 et
1173 1748 1254 1826 aliis
1278 1746 1526 1856 quibusdam,
1553 1775 1622 1853 per
1648 1746 1772 1852 ipsum
1793 1748 2013 1854 propositis,
2042 1749 2255 1828 secundum
2278 1765 2336 1826 te·

909 1877 1042 1960 norem
1074 1881 1173 1960 dicte
1199 1877 1498 1966 interlocutorio,
1529 1876 1653 1955 dictus
1679 1877 1879 1956 Gervasius
1903 1902 1982 1957 non
2006 1897 2103 1970 erat,
2129 1880 2336 1986 superbos

908 2012 1138 2100 andiendus,
1152 2039 1222 2088 nec
1234 2009 1283 2086 ad
1295 2007 1653 2096 hocadmittendnt;
1673 2008 1828 2086 tandem
1843 2009 1907 2088 die
1923 2010 2103 2120 assignata
2118 2010 2335 2088 adaudien·

909 2143 1001 2220 dmn
1012 2143 1076 2251 jus
1095 2170 1208 2248 super
1225 2140 1432 2248 premissis,
1456 2139 1581 2216 dictus
1598 2139 1830 2244 prepositus,
1851 2140 1928 2218 visa
1940 2141 2117 2247 primitus
2133 2140 2332 2220 interlocu-

907 2274 1004 2350 toria
1019 2273 1204 2380 predicta,
1220 2270 1482 2378 pronunciavit
1499 2269 1605 2376 quod
1621 2267 1745 2348 daus
1764 2269 1963 2350 Gervasius
1976 2300 2055 2349 non
2069 2271 2331 2349 admitteretur

908 2404 957 2480 ad
970 2402 1263 2511 proponendum
1276 2401 1418 2508 aliquas
1433 2400 1603 2478 raciones
1617 2416 1748 2478 contra
1764 2399 1936 2478 defectu
1946 2402 2147 2506 predictos,
2159 2418 2199 2479 et
2208 2399 2328 2508 quod,

905 2535 1041 2613 virtute
1067 2533 1254 2611 dictorum
1279 2530 1517 2619 defectuum,
1541 2530 1729 2610 ceciderat
1752 2558 1773 2607 a
1796 2531 1875 2609 suis
1900 2532 2159 2638 peremptoriis
2188 2559 2338 2638 propo—⁴

906 2665 1055 2754 nendis;
1073 2692 1094 2740 a
1109 2690 1186 2769 quo
1200 2662 1386 2768 judicato,
1409 2661 1533 2738 dictus
1552 2662 1767 2752 Gervasius,
1789 2679 1969 2768 tanquam
1988 2693 2010 2740 a
2028 2663 2119 2742 salso
2139 2680 2178 2740 et
2196 2690 2327 2768 prave,

905 2793 951 2870 ad
970 2810 1135 2870 nostram
1157 2792 1298 2869 curiam
1311 2790 1510 2898 appellavit
1526 2822 1535 2868 ε
1551 2790 1700 2870 Auditis
1719 2792 1835 2900 igitur
1848 2795 2032 2899 partibus,
2050 2795 2090 2872 in
2103 2822 2213 2872 causa
2232 2794 2331 2873 dicte

904 2921 1184 3029 appellationis,
1208 2937 1247 2998 et
1264 2921 1343 2998 viso
1362 2948 1542 3028 processu
1560 2921 1751 3027 predicto,
1775 2951 1845 3029 per
1863 2925 1965 3002 curie
1980 2942 2107 3003 nostre
2117 2924 2328 3033 judicium,

904 3053 1048 3130 dictum
1067 3050 1141 3128 luit
1161 3051 1306 3129 dictum
1323 3052 1558 3157 prepositum
1577 3051 1676 3129 bene
1685 3052 1875 3160 judicasse
1895 3071 1935 3132 et
1948 3053 2091 3134 dictum
2110 3055 2331 3134 Gervasium

904 3184 1000 3261 male
1016 3181 1236 3288 appellasse,
1260 3198 1300 3259 et
1311 3181 1417 3287 quod
1431 3183 1511 3288 ipse
1530 3183 1603 3263 hoc
1615 3183 1843 3262 emendabit.

959 3314 1059 3392 Jovis
1072 3331 1158 3418 post
1174 3312 1438 3390 Reminiscere.

959 3445 1003 3520 R.
1025 3443 1072 3519 de
1088 3442 1272 3520 Tiboutot
1286 3443 1498 3547 reportavit.

960 3573 1151 3650 Remissus
1165 3573 1237 3651 luit
1255 3597 1453 3679 processus
1472 3573 1521 3651 ad
1534 3570 1781 3680 prepositum.

957 3839 1067 3916 XXV.
1100 3837 1181 3915 Lite
1202 3855 1320 3927 mota,
1342 3838 1382 3914 in
1403 3839 1505 3916 curia
1526 3856 1670 3928 nostra,
1692 3838 1791 3915 inter
1814 3838 2015 3945 majorem,
2031 3838 2176 3945 juratos
2196 3854 2235 3915 et
2254 3837 2327 3916 bo·

900 3969 1024 4046 mines
1038 3967 1085 4046 de
1105 3970 1213 4057 Fara,
1231 3986 1393 4077 exparte
1407 3997 1501 4058 una,
1518 3987 1558 4048 et
1577 3970 1757 4048 dilectum
1777 3987 1816 4070 et
1830 3969 1984 4048 fidelem
1998 3986 2170 4048 nostrum
2184 3970 2326 4074 episco-

774 4087 778 4096 ’
900 4128 992 4206 pum
1013 4098 1319 4192 Laudunensem,
1345 4129 1389 4178 ex
1408 4098 1538 4189 altera,
1562 4127 1745 4207 supereo
1768 4101 1873 4208 quod
1896 4101 1984 4180 dieti
2006 4102 2137 4209 major,
2150 4100 2266 4208 jurati
2286 4117 2325 4177 et

900 4229 1089 4320 homines,
1112 4248 1320 4309 asserentes
1339 4259 1378 4309 se
1401 4259 1481 4310 esse
1501 4233 1541 4310 in
1560 4232 1696 4310 saisina
1714 4233 1882 4339 piscandi
1908 4233 1948 4310 in
1970 4233 2107 4340 riparia
2131 4231 2322 4323 d’llcberi,

900 4359 1074 4438 dicebant
1093 4390 1132 4438 se
1160 4362 1330 4440 turbatos
1348 4361 1489 4470 injuste
1506 4392 1620 4471 super
1644 4364 1718 4442 lroc
1737 4394 1805 4471 per
1830 4364 2048 4472 episcopum
2070 4364 2321 4452 antedictum,

899 4491 1095 4595 capiendo,
1110 4521 1228 4598 perse
1243 4521 1310 4572 seu
1321 4512 1452 4600 gentes
1466 4521 1567 4587 suas,
1585 4496 1772 4602 quosdam
1784 4496 1960 4576 homines
1972 4496 2071 4574 dicte
2081 4494 2169 4574 ville
2182 4495 2323 4602 piscan-

898 4638 954 4698 tes
974 4621 1013 4698 in
1033 4623 1167 4730 riparia
1186 4623 1368 4730 predicta,
1390 4657 1507 4732 quare
1526 4628 1706 4734 petebant
1720 4628 1996 4708 recredenciam
2012 4627 2060 4706 de
2074 4628 2183 4706 dictis
2196 4626 2318 4704 homi-

898 4751 1024 4846 nibus,
1045 4782 1113 4859 per
1132 4784 1287 4833 manum
1307 4774 1473 4836 nostram
1489 4759 1623 4837 factem
1643 4760 1809 4852 eisdem,
1825 4759 1874 4838 ad
1893 4759 2207 4838 deliberacionem
2227 4783 2318 4836 con·

896 4883 1006 4972 verti,
1029 4901 1067 4962 et
1085 4885 1186 4966 dicto
1204 4887 1379 4994 episcopo
1402 4889 1566 4969 inhiberi
1583 4921 1632 4970 ne
1650 4891 1753 4997 ipsos
1776 4892 1823 4970 de
1841 4909 1969 4970 cetero
1986 4892 2115 4971 turbet
2127 4890 2168 4966 in
2184 4889 2320 4966 saisina

895 5014 1079 5117 predicta,
1102 5015 1202 5094 dicto
1223 5018 1397 5125 episcopo
1420 5022 1652 5100 contrarium
1674 5039 1886 5102 asserente:
1909 5022 1995 5101 Visa
2014 5023 2130 5130 igitur
2146 5022 2321 5127 inquere

895 5171 1008 5252 super
1036 5145 1110 5224 hoc
1138 5146 1186 5224 de
1216 5149 1394 5227 mandato
1423 5168 1553 5232 nostro
1585 5152 1696 5244 lacta,
1731 5184 1799 5261 per
1823 5171 1951 5233 nostre
1978 5155 2082 5232 curie
2106 5152 2317 5263 judicium,

896 5273 1039 5354 dictum
1056 5274 1127 5354 luit
1146 5277 1268 5356 dictos
1289 5279 1468 5387 majores,
1492 5284 1640 5390 juratos
1668 5301 1707 5362 et
1733 5284 1908 5364 homines
1928 5285 2185 5364 intencionem
2209 5307 2316 5360 suam

893 5433 1006 5512 super
1025 5407 1098 5488 lroc
1112 5407 1341 5490 sufficienter
1352 5411 1545 5517 probasse,
1563 5431 1602 5493 et
1612 5415 1818 5496 inhibitum
1833 5413 1906 5494 luit
1921 5443 1970 5494 ne
1984 5415 2107 5496 diuus
2121 5416 2319 5521 episeopus
