5817 7292
843 1139 890 1209 50
1420 1137 1511 1212 aas
1542 1137 1682 1212 omn.

615 1287 801 1350 rmsmu
841 1277 1028 1358 arruns
1052 1279 1262 1369 Pacatula,
1285 1279 1480 1360 nntius
1498 1281 1557 1358 aa·
1573 1280 1813 1373 amatas,
1834 1217 2026 1361 amatu
2044 1292 2083 1354 a
2104 1275 2264 1356 ausoa-

677 1381 739 1423 Μ’
842 1439 944 1500 mus,
961 1409 1143 1518 ejusdlii,
1159 1428 1197 1488 et
1212 1413 1434 1491 Remundus
1444 1411 1488 1490 ta·
1498 1411 1632 1501 Greu,
1651 1410 1817 1490 eundem
1828 1410 1982 1488 Petrum
1997 1409 2133 1487 diversi
2149 1410 2263 1487 mode

840 1559 1175 1634 tormentaverunt,
1197 1539 1373 1620 videlicet
1394 1543 1521 1622 condis
1545 1571 1681 1651 magno
1710 1540 2088 1649 ponderelapidum,
2110 1540 2194 1617 ovis
2207 1568 2265 1616 ca-

839 1671 926 1752 lidis
942 1688 979 1750 et
995 1672 1097 1778 igne,
1114 1690 1362 1780 propterque
1373 1690 1581 1764 tormenta,¹
1599 1673 1766 1750 membra
1783 1672 1872 1751 dicti
1887 1665 1987 1749 Petri
2004 1671 2097 1748 laete
2111 1669 2264 1749 lucrum

839 1803 1065 1908 impotencia
1080 1819 1117 1880 et
1134 1803 1302 1896 inutilia,
1319 1805 1546 1892 sicut-dixit,
1563 1821 1603 1883 et
1622 1833 1755 1882 eorum
1773 1803 2261 1884 occasionotosmontorum

839 1936 1017 2041 expendit
1035 1936 1074 2012 in
1094 1936 1258 2021 medicis.
1272 1954 1310 2014 et
1329 1936 1411 2014 aliis
1431 1935 1649 2016 necessariis
1666 1953 1853 2014 trecentas
1872 1935 2259 2022 libres'luronenses,

840 2065 938 2142 sicut
963 2064 1074 2154 dixit,
1095 2067 1272 2170 petentis·
1285 2065 1447 2144 curiales
1471 2083 1621 2147 nostros
1646 2084 1683 2143 et
1712 2065 1806 2144 alios
1831 2065 2004 2172 superius
2029 2063 2261 2152 nominatos,

841 2225 912 2301 pro
927 2196 1190 2303 dampnissibi
1210 2196 1339 2284 illatis,
1359 2195 1632 2303 condempnari
1650 2197 1691 2274 in
1711 2196 1890 2274 trecentis
1906 2194 2014 2274 libris
2028 2195 2262 2271 Turonensi-

840 2326 927 2416 bus,
943 2344 980 2403 et
994 2325 1065 2404 sibi
1079 2327 1271 2406 emendari
1285 2329 1467 2436 predicta,
1485 2346 1599 2435 prout
1612 2346 1710 2405 esset
1720 2356 1932 2406 consonum
1946 2323 2104 2414 racioni;
2117 2353 2262 2431 nosque

841 2471 953 2565 super
971 2459 1150 2565 predictis
1170 2461 1473 2538 mandaverimus
1489 2460 1646 2568 inquiri:
1663 2460 1851 2549 Tandem,
1867 2459 1941 2536 visa
1961 2459 2131 2564 inquesta
2151 2485 2264 2562 super

842 2591 914 2666 boc
933 2588 1026 2665 lacta
1048 2607 1085 2667 et
1103 2590 1302 2698 diligenter
1322 2591 1544 2682 examinata,
1562 2591 1758 2667 inventum
1774 2607 1830 2667 est
1849 2589 1954 2695 quod
1971 2589 2093 2666 dictus
2112 2589 2260 2678 Petrus,

841 2737 1036 2802 tonsuram
1060 2720 1288 2800 uhahitum
1314 2719 1491 2798 deserens
1509 2719 1715 2808 clericales,
1739 2749 1806 2826 per
1825 2722 1982 2797 Petrum
2004 2719 2052 2796 de
2075 2718 2260 2806 Cliniaco,

841 2849 1090 2929 Guillalmum
1112 2849 1291 2956 Toiligot,
1308 2853 1544 2928 Bennardum
1565 2852 1793 2941 Constancii,
1811 2851 2015 2929 servientes
2028 2866 2178 2926 nostros
2196 2849 2266 2926 ibi-

842 2981 949 3071 dem3
971 2981 1082 3072 itam,
1103 3002 1171 3087 per
1191 2981 1396 3059 Geraldum
1418 2982 1613 3060 Piscatoris
1635 2997 1673 3058 et
1691 2979 1942 3059 Guillelmum
1959 2981 2006 3059 de
2026 2978 2261 3066 Genebedis,

842 3111 1020 3218 predictis
1034 3129 1074 3192 et
1085 3111 1385 3219 aliisrgeneribus
1398 3130 1677 3190 tormentorum
1693 3113 1814 3189 extitit
1826 3128 2094 3200 tormentatus,
2110 3127 2265 3218 propter

841 3244 950 3349 quod
968 3243 1572 3349 eosdemcondempuavimusac
1588 3243 1704 3318 eciem
1727 3242 2048 3347 condempnemus
2069 3241 2116 3316 ad
2135 3269 2265 3318 emen·

842 3373 927 3447 dam
944 3372 1197 3477 pecuniariam
1212 3370 1323 3448 nobis
1339 3389 1377 3448 et
1393 3371 1494 3449 dicto
1508 3373 1618 3449 Petro
1635 3371 1854 3450 Tholosano
1868 3373 2123 3477 prestandum,
2142 3387 2269 3478 taran,

842 3503 1035 3583 demeum
1068 3502 1116 3578 de
1143 3502 1349 3608 quantitate
1373 3503 1572 3581 bonorum
1591 3502 1794 3610 cujuslibet
1811 3503 1978 3608 ipsorum
1997 3501 2181 3579 fuerimus
2205 3503 2260 3576 in·

841 3634 1007 3722 formati3
1023 3633 1199 3739 quocirca
1213 3634 1438 3712 mandamus
1450 3631 1960 3741 vobisquatinusdiligenter
1973 3661 2037 3710 vos
2052 3630 2262 3710 informetis

842 3764 889 3840 de
918 3763 1123 3870 quantitate
1149 3764 1340 3842 bonorum
1370 3765 1557 3845 dictorum
1587 3764 1966 3870 condempnatorum
1997 3765 2104 3855 item,
2134 3781 2261 3842 contra

842 3894 1061 4000 magistrum
1086 3895 1354 4002 Berengerium
1384 3896 1431 3974 de
1459 3896 1644 3984 Galliaco,
1664 3894 1876 3972 Arnaldum
1901 3895 1949 3972 de
1977 3893 2201 3974 Geneberiis
2226 3913 2263 3973 et

844 4023 1065 4115 Arualdum,
1084 4024 1167 4132 ejus
1184 4021 1583 4115 filium1‚,Remundum
1599 4024 2024 4114 leGneua,renonciun1
2039 4023 2263 4101 servientem

839 4155 1072 4245 vtttsttove,
1095 4153 1321 4247 Arnaldum‚
1344 4157 1526 4239 nuncium
1547 4157 1637 4235 dicti
1656 4155 1892 4262 Bereugerii,
1921 4153 2090 4233 lolinum
2111 4173 2150 4232 et
2174 4155 2264 4234 alios

838 4315 935 4393 quos
962 4286 1086 4370 dictus
1115 4289 1246 4372 Petrus
1273 4288 1434 4374 durarit,
1447 4288 1720 4379 nominandos,
1749 4287 1887 4366 vocatis
1912 4287 2002 4394 ipsis
2026 4303 2064 4363 et
2089 4284 2172 4362 aliis
2198 4287 2264 4393 qui

839 4415 981 4496 fuerint
1008 4420 1205 4508 evocandi,
1235 4437 1275 4498 et
1295 4438 1408 4526 prout
1436 4421 1485 4499 ad
1511 4449 1577 4498 vos
1594 4420 1774 4505 noveritis
1796 4419 1986 4527 pertinere
2014 4418 2062 4495 de
2086 4417 2265 4522 predictis

839 4547 1039 4628 tormentis
1062 4548 1164 4628 dicto
1185 4552 1295 4628 Petro
1321 4550 1450 4640 illatis,
1474 4552 1679 4663 diligenter
1696 4552 1890 4629 veritatem
1911 4547 2124 4655 inquiratis,
2152 4548 2260 4631 item,

841 4675 1052 4754 informetis
1080 4706 1145 4754 vos
1178 4679 1226 4756 de
1254 4681 1461 4787 quantitate
1494 4680 1685 4762 bonorum
1712 4683 1882 4790 ipsorum
1913 4696 1958 4756 et
1978 4679 2139 4759 aliorum
2166 4701 2261 4779 quos

841 4837 954 4915 super
974 4807 1047 4884 hiis
1068 4807 1274 4916 culpabiles
1293 4811 1525 4905 inveneritis,
1548 4831 1587 4892 et
1605 4814 1759 4893 iuterim
1777 4813 1878 4890 bona
1891 4807 2263 4915 ¹prodictonummon-

843 4940 1132 5046 dampnatorum
1153 4959 1191 5020 et
1211 4939 1457 5050 culpabilium
1479 4945 1604 5023 omnia
1627 4946 1675 5023 ad
1694 4971 1850 5022 manum
1872 4955 2037 5016 nostram
2057 4935 2204 5043 ponatis
2226 4951 2263 5010 et

843 5071 996 5148 eosdem
1017 5087 1145 5179 captos
1164 5075 1337 5166 teneatis,
1359 5076 1500 5184 absque
1519 5076 1690 5184 periculo
1709 5099 1913 5178 corporum
1929 5085 1968 5148 et
1985 5066 2260 5154 membrorum,

842 5227 1040 5309 quousque
1056 5202 1161 5282 aliud
1181 5234 1202 5281 a
1221 5204 1333 5285 nobis
1348 5207 1566 5312 receperitis
1580 5208 1621 5286 in
1637 5201 1841 5290 mandatis,
1863 5215 1978 5307 prout
1990 5215 2117 5278 tamen
2137 5198 2186 5276 ad
2200 5225 2265 5276 vos

842 5330 1241 5437 noveritispertiuere,
1264 5333 1502 5443 etquicquid
1516 5363 1629 5443 super
1645 5333 1719 5412 hoc
1734 5329 1896 5413 feceritis
1910 5327 2089 5435 gentibus
2105 5329 2261 5417 nostris,

841 5461 1001 5546 Parisius
1020 5460 1280 5552 existentibus,
1303 5464 1476 5544 celeriter
1495 5462 1716 5542 rescribatis.
