5817 7292
854 1102 928 1172 236
1434 1099 1525 1174 LES
1554 1099 1693 1174 OLIM.

632 1245 818 1310 retinnit,
855 1257 1111 1345 sumptorum,
1131 1257 1263 1345 petens
1281 1239 1329 1316 ad
1348 1241 1420 1316 hoc
1440 1240 1583 1318 dictum
1605 1241 1825 1348 magistrum
1844 1240 2110 1337 Guillelmum,
2129 1264 2172 1325 ut
2190 1245 2271 1326 offi-

691 1339 754 1380 nu.
856 1370 988 1448 cialem
1004 1387 1191 1461 nostrum,
1208 1399 1276 1475 per
1291 1371 1393 1448 curie
1409 1389 1535 1449 nostre
1551 1371 1756 1478 judicium,
1773 1372 2061 1480 condempnari,
2079 1375 2179 1454 dicto
2193 1407 2273 1454 ma-

854 1506 969 1609 gistro
977 1500 1184 1580 Guillelmo
1193 1500 1235 1577 in
1241 1502 1470 1579 eontrarium
1479 1561 1488 1590 ,
1498 1501 1672 1606 pluribus
1682 1502 1913 1591 racionihus,
1927 1523 2162 1610 proponente
2172 1535 2211 1584 se
2226 1509 2274 1586 ad

855 1633 929 1708 hoe
938 1659 1016 1710 non
1026 1630 1166 1710 teneri:
1178 1631 1347 1708 Tandem
1357 1693 1366 1722 ,
1377 1630 1517 1709 auditis
1532 1630 1620 1708 hine
1635 1631 1725 1708 inde
1740 1633 1957 1738 propositis,
1970 1651 2008 1712 et
2017 1635 2101 1714 visis
2112 1637 2273 1742 quadam

856 1762 1041 1868 inquests,
1061 1761 1108 1836 de
1128 1760 1305 1838 mandato
1324 1761 1428 1838 curie
1447 1778 1573 1840 nostre
1592 1760 1685 1840 sacta
1703 1791 1816 1870 super
1835 1764 1925 1856 hoe,
1943 1781 1981 1842 et
1993 1767 2160 1872 quodam
2169 1768 2274 1874 judi-

856 1910 937 1970 oato
957 1891 1059 1969 curie
1077 1907 1205 1970 nostre
1219 1919 1334 1997 super
1349 1892 1422 1968 hoc
1436 1890 1622 1981 exhibito,
1639 1893 1820 1997 percurie
1834 1894 2178 2002 nostrejudicium,
2198 1898 2274 1976 die·

854 2041 937 2099 tnm
951 2022 1023 2100 fuit
1039 2022 1381 2128 etprouunciatum
1395 2021 1500 2128 quod
1513 2023 1635 2100 dictus
1648 2024 1824 2130 magister
1842 2024 2084 2116 Guillelmus,
2101 2029 2166 2133 qui
2183 2045 2273 2108 tuuc

854 2153 1036 2259 temporis
1052 2151 1219 2230 officium
1235 2169 1406 2230 nostrum
1424 2153 1592 2260 gerebat,
1606 2153 1741 2232 reddet
1757 2155 1925 2260 predicte
1941 2159 2105 2236 Romane
2121 2183 2272 2241 sexcen-
2310 2215 2314 2222 -

855 2289 911 2361 tas
930 2282 1045 2405 libras
1063 2281 1309 2371 Parisienses,
1326 2283 1398 2360 suh
1411 2283 1536 2360 valore
1556 2301 1707 2363 monete
1724 2287 1910 2365 currentis
1928 2303 2095 2392 tempore
2115 2287 2179 2367 illo
2194 2318 2269 2396 quo

846 2413 1073 2499 ,dictazbona
1090 2431 1195 2519 capta
1214 2413 1382 2501 fuerunt,
1400 2414 1575 2492 videlicet
1589 2444 1690 2495 anno
1703 2417 1859 2502 Domini
1877 2417 2077 2496 millesimo
2092 2418 2271 2498 dueente-

856 2546 952 2622 simo
966 2545 1208 2652 nonagesimo
1223 2572 1345 2632 nono,
1355 2543 1451 2622 salva
1464 2544 1566 2622 dieto
1577 2546 1754 2654 magistro
1765 2546 1971 2628 Guillelmo
1987 2549 2131 2627 actione
2145 2569 2272 2628 contra

856 2675 1057 2753 servientes
1077 2674 1167 2751 dicti
1187 2673 1378 2752 Castelleti
1398 2675 1517 2752 nostri
1536 2675 1752 2756 Parisiensis
1773 2678 1952 2757 etlilium
1968 2676 2066 2754 dicte
2086 2667 2268 2770 Romane,

856 2834 899 2881 ac
918 2833 1048 2881 omnes
1067 2803 1159 2881 alios
1178 2805 1244 2910 qui
1264 2805 1312 2882 de
1332 2804 1440 2882 dietis
1459 2804 1570 2882 bonis
1589 2805 1733 2912 aliquid
1752 2808 1934 2914 recepisse
1955 2806 2142 2896 dicuntur.

905 2935 1077 3012 sabbato
1096 2950 1181 3011 ante
1200 2935 1434 3013 Nativitatem
1453 2934 1623 3014 Domini.

912 3067 1013 3172 Roya
1032 3064 1246 3170 reportarit.

913 3328 1038 3408 XVIL·
1053 3327 1152 3406 Cum
1170 3357 1296 3405 eomes
1315 3328 1655 3409 'Autissiodorensis
1675 3347 1714 3406 et
1731 3329 1961 3436 Tomodori,
1987 3329 2114 3408 dicens
2133 3357 2173 3406 se
2193 3357 2271 3410 esse

857 3460 897 3534 in
921 3460 1056 3536 saisina
1079 3458 1207 3567 gardia
1231 3459 1449 3537 monasterii
1474 3460 1696 3540 monialium
1719 3459 1766 3536 de
1786 3459 2085 3547 liuban-Monte,
2107 3475 2207 3538 etse
2231 3489 2273 3539 ao

857 3588 1139 3695 predecessores
1151 3617 1238 3665 suos
1250 3587 1290 3665 in
1303 3588 1437 3666 saisina
1448 3587 1616 3694 predicta
1630 3587 1743 3664 luisse
1756 3616 1778 3664 a
1790 3604 1961 3694 tempore
1977 3587 2082 3693 cnjus
2097 3589 2272 3667 contrarii

857 3721 1039 3797 memoria
1058 3748 1137 3797 non
1156 3719 1296 3808 existit,
1311 3719 1609 3828 quodquedinte
1626 3717 1821 3826 religiose,
1836 3718 1959 3824 ipsum
1978 3747 2094 3822 super
2109 3718 2183 3796 hoc
2201 3719 2273 3796 im-

856 3850 1066 3956 pediendo,
1087 3851 1223 3959 injuste
1245 3867 1283 3927 et
1301 3850 1350 3928 de
1374 3878 1471 3927 novo
1496 3849 1740 3928 adunaverant
1763 3877 1801 3926 se
1821 3877 1902 3926 esse
1927 3848 1974 3927 de
1999 3865 2125 3926 nostra
2147 3848 2274 3954 gardia

857 3981 1021 4087 speciali,
1037 3982 1210 4088 periisset
1224 3981 1369 4059 dietum
1384 3980 1703 4087 impedimentum
1718 3979 1897 4068 amoveri,
1915 3979 2052 4058 ballivo
2066 3979 2273 4058 Senouensi

857 4114 1133 4203 mandavimus,
1160 4114 1298 4191 vocatis
1322 4111 1536 4201 evocandis,
1561 4137 1673 4216 super
1696 4111 1769 4189 hoe
1786 4111 1979 4188 veritatem
1999 4109 2170 4216 inquiri:
2190 4110 2275 4188 Visa

858 4244 970 4352 igitur
988 4245 1159 4352 inquesta
1177 4272 1290 4351 super
1308 4244 1382 4321 hoc
1400 4242 1509 4331 lacta,
1529 4269 1607 4320 nou
1624 4241 1695 4320 fuit
1711 4242 1904 4320 inventum
1920 4241 2086 4347 aliquem
2104 4239 2275 4320 defenso-

858 4403 937 4451 rem
951 4404 1018 4481 pro
1034 4375 1159 4460 nobis,
1174 4375 1238 4480 qui
1250 4375 1314 4480 jus
1327 4391 1500 4453 nostrum
1515 4371 1790 4478 in'hujusmodi
1806 4371 2044 4460 defenderet,
2060 4372 2098 4448 in
2114 4399 2156 4448 ea
2171 4397 2274 4448 oom-

858 4503 1040 4610 paruisse,
1055 4532 1126 4580 nec
1140 4502 1285 4609 aliquos
1298 4521 1411 4582 testes
1428 4531 1496 4610 pro
1512 4519 1615 4608 parte
1631 4519 1757 4579 nostra
1774 4501 1832 4578 vel
1850 4502 2033 4579 dictarum
2052 4499 2274 4580 monialium

859 4633 899 4708 in
916 4661 958 4711 ea
971 4632 1085 4710 fnisse
1099 4632 1316 4739 productos,
1333 4651 1373 4711 et
1386 4634 1544 4722 ideireo,
1560 4658 1631 4739 per
1645 4630 1747 4709 curie
1763 4647 1890 4713 nostre
1900 4630 2105 4737 judicium,
2129 4629 2273 4706 dictum

855 4762 930 4839 fuit
949 4764 1051 4870 quod
1072 4763 1171 4840 diota
1189 4762 1360 4869 inquesta
1378 4765 1428 4842 ad
1445 4791 1599 4870 presens
1617 4789 1694 4840 non
1713 4761 1956 4869 judicabitur,
1975 4761 2042 4838 sed
2059 4758 2190 4836 veritas
2210 4783 2273 4834 su-

858 4922 926 5000 per
935 4895 1008 4970 hoc
1022 4893 1172 5000 plenius
1184 4893 1406 5000 inquiretur,
1419 4910 1457 4972 et
1467 4892 1724 4972 committetur
1734 4891 1921 4998 aliquibus
1932 4889 2104 4998 ydoneis,
2116 4886 2198 4994 qui,
2209 4913 2275 4964 vo·

860 5040 940 5101 cato
957 5023 1090 5102 ballivo
1112 5025 1320 5105 senonensi
1341 5053 1410 5131 pro
1423 5023 1550 5114 nohis,
1565 5022 1673 5100 dictis
1692 5022 1877 5130 religiosis
1900 5039 1938 5100 et
1954 5021 2035 5100 aliis
2059 5016 2272 5104 evocandis,

859 5154 1066 5232 secundum
1087 5154 1279 5246 articulos,
1302 5154 1511 5261 apartibus
1530 5171 1607 5232 tam
1628 5153 1785 5236 traditos
1808 5181 1922 5259 quam
1939 5150 2159 5237 tradendos,
2181 5146 2275 5224 reci·

859 5284 960 5391 piant
982 5286 1149 5391 parcium
1169 5285 1432 5393 probationes,
1453 5304 1492 5364 et
1511 5285 1720 5392 inquestam
1744 5283 1981 5390 hujusmodi,
2000 5310 2075 5360 una
2096 5305 2180 5356 curn
2203 5274 2274 5354 alia

858 5416 1041 5520 predicta,
1061 5417 1163 5496 curie
1179 5415 1332 5495 mittant
1349 5418 1398 5496 ad
1410 5415 1679 5523 judicandum,
