5817 7292
1028 1114 1300 1223 scontros
1325 1112 1626 1207 nrrnocts.
1989 1130 2039 1204 os

613 1278 775 1370 utendo,
793 1304 864 1386 pro
881 1272 1048 1355 custodia
1065 1272 1164 1352 dicte
1181 1271 1287 1362 ville:
1305 1272 1546 1365 dicentem,
1566 1272 1724 1351 exsecto
1738 1270 1975 1381 hujusmodi,
1992 1272 2041 1351 ad
2078 1282 2209 1338 Parum
2222 1282 2265 1347 tv.

614 1410 814 1493 emendam
843 1407 1007 1515 aliquam
1025 1406 1156 1485 multis
1177 1404 1391 1484 racionibus
1417 1432 1495 1483 non
1513 1405 1634 1482 teneri
1656 1435 1666 1482 a
1688 1404 1875 1495 Tandem,
1903 1404 2041 1483 auditis
2140 1376 2203 1417 m

613 1545 782 1652 parcium
801 1540 1017 1619 racionibus
1035 1539 1125 1615 hinc
1140 1554 1178 1615 et
1197 1534 1306 1628 inde,
1329 1553 1368 1614 et
1386 1536 1560 1643 inquesta
1578 1535 1820 1616 demandato
1836 1552 1967 1611 nostro
1983 1562 2042 1613 su·

613 1702 687 1780 per
699 1673 773 1752 boc
792 1672 902 1762 facts,
924 1671 1058 1748 visast
1078 1668 1280 1777 diligenter
1300 1669 1522 1759 examinata,
1544 1666 1633 1744 visis
1646 1668 1764 1743 eciam
1780 1665 1915 1741 litteris
1929 1666 2042 1772 regiis

613 1804 652 1882 in
672 1807 843 1913 inquesta
862 1801 1028 1910 predicta
1048 1800 1262 1906 productis,
1282 1798 1472 1907 predictos
1487 1798 1662 1877 consules
1678 1814 1717 1876 et
1734 1818 1868 1875 eorum
1883 1797 2042 1904 compli-

614 1963 691 2030 ces,
719 1964 788 2043 per
813 1933 916 2011 curie
944 1949 1072 2009 nostre
1096 1930 1305 2039 judicium,
1335 1930 1563 2010 absolvimus
1590 1958 1611 2007 a
1636 1928 1815 2037 predictis
1842 1929 2042 2036 propositis
2077 2006 2080 2011 .

614 2081 740 2146 contra
762 2066 878 2172 ipsos,
903 2063 977 2139 hoo
998 2060 1186 2168 siquidem
1215 2060 1410 2139 observato
1435 2059 1540 2167 quod
1565 2085 1633 2166 per
1655 2058 1875 2168 hujusmodi
1894 2058 2043 2164 judica-

611 2214 714 2289 tum,
742 2222 851 2272 cause
875 2190 1074 2301 principali
1101 2219 1216 2301 snper
1241 2192 1440 2272 consulatu
1466 2190 1568 2269 dicte
1592 2190 1699 2279 ville,
1727 2208 1765 2268 et
1789 2190 1870 2299 ejus
1889 2191 2042 2300 juribus

612 2326 712 2405 inter
727 2342 1009 2433 procuratorem
1025 2342 1197 2403 nostrum
1212 2340 1252 2401 et
1267 2324 1387 2403 dictos
1402 2322 1614 2432 religiosos,
1631 2352 1677 2403 ex
1690 2352 1766 2401 uno
1779 2340 1904 2431 parte,
1922 2343 1961 2402 et
1973 2354 2042 2431 per

613 2456 733 2536 diotos
755 2456 947 2549 consules,
976 2484 1021 2534 ex
1044 2454 1175 2548 altera,
1203 2482 1331 2534 coram
1354 2454 1465 2535 nobis
1483 2454 1684 2561 pendenti,
1706 2455 1857 2533 nullum
1873 2455 2042 2563 prejudi-

612 2588 714 2669 cium
734 2604 937 2697 generetur

565 2736 570 2741 '
669 2719 798 2798 Martis
818 2732 903 2823 post
922 2716 1267 2795 Annunciacionem
1287 2714 1455 2795 Domini.

669 2848 791 2927 Monti
810 2847 1024 2954 reportavit.

669 3106 793 3187 XLIII.
814 3108 914 3188 Cum
927 3105 1086 3183 incausa
1095 3118 1214 3195 mota,
1227 3132 1354 3184 coram
1362 3105 1571 3184 senescallo
1585 3124 1714 3185 nostro
1726 3104 2038 3216 petragoricensi,
2113 3200 2120 3212 ·

612 3243 712 3321 inter
723 3256 1005 3348 procuratorem
1016 3253 1204 3325 nostrum,
1221 3263 1290 3342 pro
1306 3234 1433 3327 nobis',
1449 3264 1495 3313 ex
1509 3264 1586 3313 una
1599 3254 1721 3343 pute,
1740 3254 1779 3313 et
1789 3237 2039 3322 Guillelmum

612 3391 652 3452 et
669 3370 903 3451 bernardum
923 3368 1163 3456 de'Buxeria‚
1185 3366 1333 3457 fratres,
1364 3395 1408 3443 ex
1427 3365 1561 3459 altera,
1586 3396 1701 3475 super
1719 3369 1794 3446 boc
1812 3370 1918 3475 quod
1936 3368 2040 3446 idem

612 3520 834 3610 procurator
864 3516 994 3579 nostor
1024 3497 1212 3578 asserebat
1238 3498 1344 3604 qnod
1370 3496 1461 3575 dicti
1485 3497 1637 3589 fratres,
1663 3500 1704 3577 in
1732 3500 1900 3607 quodam
1926 3500 2040 3578 furno

613 3648 742 3711 nostro
760 3632 832 3710 sito
853 3632 892 3709 in
910 3630 1037 3709 barrio
1059 3630 1107 3709 de
1128 3630 1324 3717 Lauscrta,
1347 3644 1448 3707 extra
1467 3657 1615 3718 muros,
1640 3658 1760 3737 prope
1780 3630 1941 3708 domum
1960 3660 2041 3709 ma·

612 3764 717 3869 gistri
740 3762 897 3841 Arnaldi
925 3760 1156 3868 Carpentarii
1185 3777 1224 3839 et
1247 3788 1364 3867 prope
1392 3759 1551 3838 domum
1573 3758 1729 3839 Arnaldi
1757 3761 1805 3838 de
1830 3762 2037 3869 Campiras,

614 3892 818 3971 utebantur
835 3894 1002 3973 Iurnoria
1020 3894 1067 3970 de
1087 3891 1319 3999 quoquondo
1334 3910 1487 3998 panem,
1502 3908 1541 3971 ct
1552 3893 1738 3998 portando
1756 3910 1795 3969 et
1813 3894 2040 4001 reportando

613 4050 750 4129 panem
770 4023 810 4099 in
832 4024 934 4101 dicto
953 4024 1065 4101 Iuruo
1082 4023 1350 4130 coquentibus,
1368 4050 1410 4099 ac
1424 4022 1672 4130 percipiendo
1691 4022 1789 4099 duos
1806 4023 1979 4101 tortellos
1993 4023 2041 4101 de

614 4152 789 4261 quolibet
811 4152 864 4231 ibi
888 4182 1025 4261 panem
1051 4154 1336 4261 dequoquente,
1364 4176 1450 4231 cum
1476 4152 1540 4261 jus
1568 4153 1642 4231 boc
1672 4151 1834 4229 faciendi
1864 4180 1944 4231 non
1973 4153 2042 4229 ha·

612 4284 764 4376 herent,
790 4299 835 4361 ut
856 4284 959 4363 idem
985 4301 1206 4391 procurator
1230 4282 1394 4371 dicebat,
1417 4300 1552 4388 petens
1572 4310 1640 4362 cos
1657 4280 1851 4387 prohiberi
1873 4310 1924 4360 ne
1943 4282 2042 4362 diota

612 4414 780 4495 furneria
809 4412 858 4495 de
887 4428 1013 4493 cetero
1040 4431 1248 4503 uterentur,
1278 4412 1351 4491 lata
1375 4412 1509 4491 luisset
1532 4412 1729 4493 diffinitiva
1757 4414 1947 4493 sentencia
1973 4441 2043 4520 per

615 4546 760 4625 dictum
778 4544 1026 4626 senescallum
1043 4573 1112 4651 pro
1131 4544 1241 4623 nobis
1261 4561 1302 4623 et
1317 4562 1450 4624 contra
1468 4544 1591 4623 dictos
1608 4574 1709 4633 reos,
1732 4545 1823 4623 dicti
1841 4546 1897 4623 rei
1916 4574 1937 4622 a
1956 4573 2043 4653 pre-

615 4676 713 4757 dicta
732 4677 938 4769 sentencia,
953 4694 1135 4785 tanquam
1150 4677 1197 4755 ab
1211 4678 1357 4786 iniqua,
1374 4676 1423 4755 ad
1436 4706 1507 4756 nos
1521 4676 1768 4785 appellantes,
1785 4677 1954 4787 judicem
1968 4677 2041 4757 sibi

614 4809 694 4887 dari
718 4810 759 4887 in
785 4838 894 4892 caum
913 4809 1180 4916 appellacionis
1202 4809 1423 4920 hujusmodi
1443 4807 1713 4916 impetrarunt3
1735 4811 1802 4917 qui
1817 4810 1953 4919 judex,
1975 4840 2042 4889 vo-

614 4941 703 5019 catis
719 4940 907 5049 partibus,
926 4970 1040 5048 super
1058 4941 1224 5048 ipsarum
1244 4942 1409 5021 articulis
1431 4942 1625 5019 veritatem
1643 4940 1853 5048 inquisivit,
1872 4960 1911 5019 ct
1927 4968 2043 5051 nego·

616 5072 716 5151 oium
736 5073 957 5183 hujusmodi
976 5072 1185 5181 perlectum
1202 5074 1249 5153 ad
1265 5074 1408 5153 cunum
1425 5090 1593 5153 nostram
1612 5072 1780 5151 remisitt
1799 5072 1897 5153 Visis
1914 5074 2040 5182 igitur,

615 5230 682 5310 per
704 5205 845 5282 curiam
871 5223 1056 5295 nostram,
1077 5222 1155 5283 tarn
1174 5205 1388 5312 principalis
1409 5234 1523 5313 quam
1541 5203 1805 5314 appellacionis
1826 5232 1939 5283 rause
1955 5234 2042 5311 pre·

618 5334 714 5413 dicte
733 5336 849 5442 partis
867 5337 1064 5445 utriusque
1083 5334 1320 5444 processibus
1340 5354 1377 5414 et
1397 5335 1596 5446 diligenter
1619 5336 1851 5427 examinatis,
1872 5362 2041 5445 pronun·

536 5569 543 5585 ·
617 5464 756 5544 cineum
780 5466 869 5557 luit,
894 5496 963 5574 per
981 5470 1084 5547 orrie
1110 5484 1237 5547 nostre
1259 5467 1469 5577 judicium,
1496 5468 1597 5545 male
1617 5467 1910 5575 proeunciatum
1926 5464 2041 5543 luisse
