5817 7292
1025 1120 1293 1228 snoutrns
1319 1135 1382 1208 nr
1408 1120 1617 1210 esoces.
1956 1133 2031 1209 sis

613 1273 730 1352 dicta:
752 1276 875 1383 Super
892 1277 1069 1383 predictis
1089 1298 1127 1356 et
1150 1306 1263 1385 super
1281 1276 1398 1382 ipsius
1416 1276 1624 1383 Raymondi
1650 1275 1947 1368 defensionibus,
1965 1305 2034 1382 per
2070 1297 2200 1357 Parnm
2215 1304 2258 1367 tv,

613 1433 700 1483 eum
721 1407 923 1513 propositis
946 1409 994 1485 ad
1018 1437 1124 1487 suam
1148 1407 1402 1486 innocenciam
1430 1434 1545 1513 super
1568 1405 1642 1482 hoc
1663 1401 1951 1493 ostendendam,
1977 1408 2034 1483 in·
2132 1393 2194 1437 ¹³⁰⁹·

612 1551 741 1642 questa
760 1535 853 1614 facta
878 1555 915 1614 et
935 1557 1061 1617 nostre
1082 1540 1184 1618 curie
1204 1555 1408 1645 reportata,
1429 1538 1505 1614 visa
1526 1555 1567 1612 et
1588 1534 1789 1642 diligenter
1809 1538 2030 1625 examinata,

610 1666 700 1772 quia
715 1667 830 1744 nichil
843 1687 1035 1774 repertum
1049 1669 1120 1747 luit
1134 1686 1263 1748 contra
1279 1669 1419 1745 dictum
1434 1665 1696 1774 Raymcndum
1714 1693 1828 1770 super
1842 1665 1916 1742 hoc
1932 1665 2035 1742 suffi-

612 1796 755 1874 cienter
764 1798 981 1904 probatum,
999 1801 1133 1890 immo,
1149 1796 1418 1907 reperta-fuerit
1433 1798 1551 1906 ipsius
1564 1797 1772 1904 Raymondi
1794 1798 1842 1874 de
1857 1795 2033 1903 predictis

611 1928 682 2004 sibi
703 1929 889 2036 impositis
907 1931 1127 2009 innocencia
1147 1930 1377 2010 sufficienter
1394 1932 1566 2036 probata,
1588 1956 1657 2036 per
1675 1929 1777 2006 curie
1794 1946 1922 2006 nostre
1936 1929 2035 2035 judi·

612 2058 714 2136 cium
728 2059 851 2136 dictus
866 2062 1106 2168 Raymondus
1120 2061 1285 2139 Barberii
1305 2090 1326 2137 a
1346 2060 1524 2166 predictis
1541 2061 1614 2138 sibi
1635 2059 1820 2165 impositis
1835 2059 1955 2136 extitit
1969 2060 2033 2136 ab·

611 2187 767 2264 solutus.
1200 2203 1205 2211 '

665 2318 822 2396 Veneris
841 2338 927 2398 ante
946 2324 1084 2402 Remos
1103 2325 1328 2401 Palmarum.

668 2447 736 2554 [M.
758 2451 835 2528 Yvo
854 2450 922 2558 de]
946 2454 1170 2530 Laudunaco
1189 2455 1400 2560 reportavit.

668 2709 808 2788 LXXX.
839 2713 920 2790 Lite
943 2730 1061 2802 mota,
1085 2739 1209 2790 coram
1238 2705 1441 2789 senescallo
1466 2691 1773 2817 Petregoricensi,
1794 2713 1891 2788 inter
1913 2711 2037 2791 homi·

610 2865 678 2916 nes
697 2839 909 2918 habitantes
924 2843 963 2918 in
976 2835 1171 2949 parrochia
1191 2843 1238 2918 de
1260 2841 1490 2948 Creyshaco,
1505 2867 1580 2915 una
1597 2867 1682 2916 cum
1698 2858 1939 2946 procuratore
1954 2871 2036 2920 nos

610 2986 670 3046 tro
691 2969 789 3048 dicte
810 2971 1042 3062 senescalfie,
1061 3002 1104 3051 ex
1122 2991 1226 3079 perte
1246 3001 1336 3060 una,
1361 2989 1398 3048 et
1418 2967 1594 3048 comitem
1614 2969 1972 3078 Petregoricensem,
1992 3002 2035 3050 ex

610 3099 745 3193 altera,
759 3129 930 3207 supereo
942 3103 1047 3208 quod
1062 3104 1132 3210 ipsi
1148 3103 1326 3181 dicebant
1336 3101 1443 3209 quod
1453 3117 1584 3208 gentes
1597 3101 1688 3178 dicti
1702 3101 1849 3180 comitis
1861 3121 2036 3208 ceperant

609 3229 655 3306 ab
671 3229 814 3309 eisdem
830 3233 1050 3311 hominibus
1065 3234 1237 3342 pignora,
1255 3233 1403 3310 racione
1423 3232 1617 3339 cujusdem
1636 3229 1740 3308 tallie
1760 3233 1850 3338 ipsis
1870 3233 2036 3311 homini-

609 3361 681 3438 bus
701 3389 720 3438 a
740 3362 917 3469 gentibus
938 3363 1026 3440 dicti
1049 3365 1197 3443 comitis
1217 3362 1384 3442 indebite
1404 3363 1598 3468 imposite,
1620 3378 1658 3438 et
1685 3361 1732 3438 de
1758 3361 1873 3452 novo,
1896 3381 1934 3440 et
1952 3382 2037 3470 post

608 3490 903 3598 appellacionem
927 3523 995 3602 per
1016 3493 1135 3573 dictos
1162 3496 1337 3572 homines
1360 3494 1407 3572 ad
1427 3493 1675 3572 senescallum
1695 3492 1907 3599 predictum
1927 3495 2038 3572 emis-

609 3651 686 3698 sem
712 3623 758 3700 eb
780 3625 977 3702 audiencia
1000 3628 1147 3704 comitis
1169 3626 1394 3733 supradicti,
1421 3653 1536 3732 quare
1557 3623 1736 3731 petebant
1763 3624 1860 3701 dicta
1882 3625 2037 3733 pignora

609 3751 679 3829 sibi
692 3753 801 3830 reddi
822 3773 860 3832 et
878 3757 1046 3846 restitui3
1065 3757 1165 3836 dicto
1179 3759 1318 3835 comite
1336 3758 1376 3832 in
1391 3757 1622 3833 contrarium
1634 3772 1841 3843 asserente,
1862 3755 2038 3860 etplurcs

609 3883 777 3962 raciones
796 3885 844 3960 ad
864 3887 922 3962 sui
949 3887 1209 3966 defensionem
1227 3904 1464 3995 proponente
1484 3917 1493 3961 ε
1512 3887 1619 3963 Facta
1640 3911 1754 3989 super
1773 3884 1846 3960 hoc
1863 3883 2036 3989 inquesta

610 4011 854 4092 demandato
882 4015 970 4092 dicti
992 4017 1203 4108 senescalli,
1219 4035 1263 4094 et
1291 4018 1339 4095 de
1365 4016 1543 4092 mandato
1562 4030 1692 4090 nostro
1720 4011 2035 4119 adjudicandum

609 4143 711 4220 curie
729 4162 855 4224 nostre
870 4162 1074 4253 reportata,
1090 4149 1166 4224 visa
1183 4166 1221 4226 et
1238 4149 1439 4256 diligenter
1454 4146 1675 4232 examinate,
1697 4145 1785 4251 quia
1806 4143 1896 4221 dicti
1917 4145 2036 4222 homi

609 4300 677 4352 nes
694 4291 732 4352 et
745 4295 965 4383 procurator
978 4296 1107 4358 noster
1121 4280 1376 4357 intencionem
1395 4307 1501 4356 suam
1519 4304 1634 4383 super
1650 4277 1724 4353 hoc
1735 4276 1892 4353 minime
1905 4274 2038 4382 prolia·

610 4423 760 4495 verunt,
776 4435 845 4514 per
858 4407 1047 4517 judicium
1068 4411 1170 4489 curie
1193 4429 1320 4490 nostre
1346 4409 1470 4488 dictus
1490 4435 1616 4486 comes
1636 4406 1709 4484 luit
1731 4408 1778 4485 ab
1798 4407 2035 4513 impeticione

608 4536 775 4642 predicta
796 4567 925 4618 corum
947 4539 1149 4620 absolutus.

664 4666 821 4746 Veneris
841 4688 925 4748 ante
945 4675 1080 4752 Ramos
1101 4675 1329 4752 Palmarum.
1406 4701 1431 4732 ¹·

666 4796 773 4876 Croci
789 4804 999 4908 reportavit.

665 5059 820 5140 LXXXI.
852 5065 950 5144 Cum
968 5067 1238 5149 denunciatum
1253 5071 1401 5160 luisset,
1417 5087 1545 5149 contra
1557 5074 1758 5158 Yssrnum,
1775 5069 1972 5147 dominum
1987 5068 2034 5145 de

607 5189 786 5301 Lusegio‚
806 5198 917 5302 quod
940 5198 1042 5277 idem
1063 5201 1226 5294 lsernus,
1248 5229 1336 5279 cum
1360 5220 1589 5280 armatorum
1606 5198 1873 5291 multitudine,
1897 5199 2037 5277 coadu-

607 5337 692 5398 nato
716 5352 822 5404 more
852 5328 997 5422 hostili,
1030 5349 1158 5409 contra
1183 5332 1423 5410 Almaninum
1444 5332 1492 5412 de
1516 5331 1693 5420 Bennios,
1716 5331 1937 5409 existentem
1965 5327 2037 5405 sub

609 5450 705 5529 selva
723 5458 837 5562 garda
857 5459 974 5570 regia,
997 5463 1181 5543 insultum
1203 5464 1309 5556 lecit,
1333 5464 1504 5575 ejusdem
1523 5463 1712 5542 Almaoini
1731 5462 1899 5542 boerism
1921 5485 2036 5564 espu-

696 5627 750 5670 nss
772 5629 854 5673 οιιιι.
878 5633 924 5674 ιιι.
1871 5611 1911 5674 60
