5817 7292
1039 1117 1309 1228 naucerus
1334 1133 1400 1210 ur
1422 1133 1631 1209 Procas.
1972 1139 2046 1212 ars
2146 1133 2149 1138 ·

681 1281 883 1362 Dominica
903 1306 978 1388 qua
998 1295 1170 1357 cantatur
1183 1309 1193 1355 r
1206 1276 1338 1356 ludica
1352 1304 1426 1354 me.
1457 1301 1460 1308 ’

681 1409 855 1490 Boeellus
872 1408 1087 1519 reportavit.

682 1675 789 1788 LXX.
818 1672 962 1750 Ballivo
981 1672 1265 1760 matisconensi,
1284 1699 1386 1761 crim,
1409 1667 1456 1748 ad
1480 1670 1696 1749 instanciam
1718 1667 1844 1746 dilecti
1864 1685 1902 1746 et
1922 1669 2048 1748 fidelis

624 1805 741 1883 nostri
758 1804 923 1910 episcopi
938 1803 1144 1890 Eduensis‚
1160 1803 1461 1881 mandaverimus
1475 1801 1614 1908 inquiri
1628 1819 1756 1879 utrum
1772 1799 1964 1907 expediret
1980 1827 2048 1878 no-
2077 1844 2082 1853 ,

624 1933 736 2012 biset
753 1933 873 2039 patrie
893 1934 998 2039 quod
1011 1933 1100 2009 villa
1119 1933 1168 2009 de
1185 1931 1399 2022 Manteion,
1419 1961 1507 2008 cum
1533 1931 1610 2008 suis
1625 1931 1866 2037 pertinenciis
1885 1949 1923 2008 et
1943 1931 2048 2009 babi-

623 2061 825 2151 tatoribus,
844 2091 919 2169 que
936 2061 1320 2142 hactenusconsuevit
1333 2059 1415 2138 esse
1431 2062 1479 2138 de
1497 2079 1658 2139 ressorto
1674 2060 1927 2150 Karoli-Loci‚
1950 2081 2047 2166 esset

625 2194 673 2270 de
694 2211 857 2271 ressorto
876 2193 1090 2270 castellanis
1106 2192 1484 2298 Sancti-lamgulpbi,
1499 2209 1538 2270 et
1555 2210 1684 2270 utrum
1707 2193 1780 2271 boc
1796 2193 1876 2270 sine
1895 2193 2048 2272 alterius

622 2322 834 2430 prejudicio
854 2324 936 2402 lieri
952 2341 1096 2430 posset,
1113 2341 1154 2401 et
1166 2349 1253 2412 nos,
1269 2324 1345 2400 visa
1363 2325 1536 2429 inquesta
1550 2348 1666 2430 super
1679 2325 1753 2404 boc
1767 2323 1880 2413 facta,
1896 2351 2048 2402 conces·

622 2453 783 2530 serimus
795 2448 844 2530 dc
856 2455 977 2562 gracia
989 2454 1141 2561 speciali
1154 2455 1260 2561 quod
1272 2445 1465 2533 dictavilla
1480 2454 1528 2531 de
1543 2454 1753 2544 Montelou,
1768 2455 1999 2560 pertinencie
2008 2475 2047 2533 et

623 2582 854 2660 habitatores
863 2585 1035 2691 ejusdem
1052 2583 1157 2673 ville,
1171 2585 1246 2662 sint
1261 2586 1309 2662 de
1324 2601 1487 2661 ressorto
1503 2580 1847 2694 Sancti-langulphi
1863 2586 2045 2692 quamdiu

622 2730 749 2790 nostre
763 2713 947 2820 placuerit
958 2715 1159 2804 voluntati,
1177 2713 1520 2790 mandamusrobis
1533 2715 1711 2819 quatinus
1727 2715 1893 2820 predicta
1906 2715 2047 2792 faciatis

624 2841 813 2919 observari
832 2842 996 2922 firmiter
1004 2861 1053 2920 et
1069 2844 1209 2931 teneri,
1231 2843 1354 2922 donec
1372 2870 1487 2949 super
1506 2843 1579 2921 boc
1600 2841 1703 2920 aliud
1724 2871 1744 2920 a
1763 2843 1874 2922 nobis
1893 2871 2047 2950 recepe-

623 2972 706 3049 ritis
724 2973 764 3048 in
782 2973 978 3050 mandatis.

679 3102 751 3180 Die
771 3119 870 3180 sexta
890 3103 1039 3210 Aprilis.

680 3365 804 3441 txxl.
835 3363 933 3443 Cum
954 3381 1035 3443 orta
1060 3381 1158 3443 esset
1180 3365 1368 3442 discordia
1389 3365 1488 3440 inter
1508 3364 1725 3470 episcopum
1743 3366 2044 3456 Noviomensem‚

624 3521 667 3570 ca
681 3511 787 3600 parte
800 3523 894 3589 una,
912 3513 951 3573 et
962 3486 1191 3588 lebannem,
1213 3494 1457 3573 castellanum
1473 3493 1631 3603 Nigelle‚
1651 3495 1829 3587 militem,
1853 3525 1897 3572 ex
1914 3497 2044 3584 altera,

623 3593 807 3730 super⁰eo
822 3627 933 3733 ¹quod
957 3628 1081 3704 dictus
1099 3624 1324 3705 castellanus
1341 3625 1495 3734 petebat
1514 3625 1619 3733 quod
1638 3625 1752 3733 prisie
1779 3629 1827 3706 de
1856 3628 2049 3736 quadrigis

623 3773 662 3834 et
673 3757 783 3837 bonis
793 3759 889 3849 suis,
901 3787 970 3865 per
980 3759 1125 3838 dicarm
1138 3759 1356 3864 episcopum
1368 3785 1435 3836 sen
1448 3774 1579 3865 gentes
1588 3783 1675 3836 suas
1687 3757 1781 3835 facte
1797 3759 1835 3834 in
1845 3755 1935 3833 villa
1947 3760 2050 3836 d'Er·

444 3929 461 3964 ο
582 3971 588 3986 ,
624 3886 728 3975 cbin,
744 3887 896 3964 racione
915 3889 1076 3995 calceye,
1096 3887 1286 3966 turbando
1303 3903 1342 3964 et
1358 3887 1603 3994 impediendo
1623 3888 1672 3964 de
1691 3913 1788 3965 novo
1810 3887 1953 3963 dictum
1973 3915 2050 3963 cas-

474 4045 490 4072 ·
622 4010 822 4104 tellanum,
850 4034 895 4093 ut
918 4016 1085 4108 dicebat,
1113 4017 1153 4096 in
1177 4045 1244 4096 sua
1267 4019 1402 4098 saisina
1428 4014 1547 4095 libere
1571 4017 1790 4094 transeundi
1812 4044 1881 4123 per
1904 4016 2047 4094 dictum

623 4141 774 4235 locum,
794 4145 865 4222 sibi
889 4147 1012 4252 quitte
1033 4165 1072 4225 et
1084 4147 1205 4226 libere
1218 4147 1483 4240 redderentur,
1508 4145 1683 4254 gentibus
1701 4145 1792 4224 dicti
1809 4147 1976 4253 episcopi
1992 4146 2050 4223 di-

624 4272 796 4352 centibus
808 4274 850 4353 in
862 4277 1092 4354 eontrarium
1112 4279 1257 4355 dictum
1275 4279 1493 4384 episcopum
1509 4293 1548 4353 et
1561 4275 1847 4382 predecessores
1863 4304 1953 4355 suos
1968 4305 2049 4356 esse

624 4421 663 4481 et
676 4403 791 4483 luisse
803 4407 843 4482 in
854 4407 952 4484 bona
973 4408 1122 4496 saisina,
1136 4425 1457 4513 atantotempore
1470 4409 1517 4486 de
1532 4435 1609 4514 quo
1622 4407 1805 4485 memoria
1820 4435 1897 4488 non
1909 4408 2046 4498 existit,

624 4519 983 4642 capiendi,³lerandi
1003 4555 1042 4615 et
1058 4539 1266 4646 recipiendi
1290 4539 1431 4617 dictam
1459 4538 1645 4649 calceyam
1670 4537 1717 4618 ab
1741 4539 1921 4617 omnibus
1946 4557 2049 4616 tran-

624 4666 823 4746 seuntibus
846 4698 914 4775 per
940 4669 1086 4748 dictum
1110 4671 1254 4759 locum,
1281 4687 1359 4748 tam
1384 4657 1576 4749 nobilibus
1597 4697 1712 4778 quam
1738 4669 1988 4758 innobilibus,
2011 4689 2051 4749 et

624 4799 742 4874 eciam
757 4803 1060 4894 eos'arrestandi,
1074 4818 1113 4879 et
1127 4801 1378 4909 compellendi
1390 4801 1552 4882 rebelles
1566 4801 1737 4882 nolentes
1750 4801 1894 4882 solvere
1910 4801 2048 4879 dictm

624 4927 825 5038 ealeeyamz
845 4932 931 5012 Visa
950 4919 1139 5041 inquesta,
1160 4959 1275 5040 super
1293 4935 1366 5012 boc
1386 4935 1435 5013 de
1453 4935 1633 5012 mandato
1653 4949 1783 5012 nostro
1802 4932 1910 5022 lacta,
1934 4948 1973 5011 ct
1992 4931 2051 5009 di-

623 5057 785 5169 ligenter
803 5065 1026 5156 examinata,
1046 5066 1136 5172 quia
1162 5065 1356 5142 inventum
1380 5083 1438 5142 est
1463 5065 1608 5144 dictum
1635 5061 1876 5144 castellanum
1903 5091 1983 5142 esse
2010 5064 2049 5140 iu

623 5187 725 5269 bona
738 5195 871 5275 saisina
886 5197 1106 5276 transeundi
1119 5197 1238 5276 libere
1252 5195 1453 5306 quadrigas
1467 5223 1553 5276 suas
1565 5225 1653 5275 cum
1670 5195 1782 5276 bonis
1796 5197 1874 5276 suis
1887 5223 1957 5303 per
1971 5193 2049 5272 dic-

623 5335 706 5397 tum
723 5308 851 5402 locum
869 5329 1012 5436 absque
1024 5327 1217 5408 solucione
1230 5327 1396 5438 calceye‚
1412 5355 1483 5434 per
1493 5329 1597 5407 curie
1611 5345 1738 5408 nostre
1747 5328 1953 5437 judicium,
1973 5325 2049 5401 dic-

625 5462 708 5523 tum
727 5451 799 5568 fuit
812 5457 1024 5562 predictum
1040 5459 1284 5538 castellanum
1303 5457 1445 5539 debere
1461 5487 1657 5538 remanere
1674 5459 1713 5535 in
1730 5485 1796 5534 sua
1813 5456 1947 5533 saisina
1969 5479 2049 5558 pre-

1869 5621 1918 5684 tr.

2086 1307 2215 1364 Pmcrrrs
2264 1353 2270 1375 ,

2147 1401 2210 1444 1³08.
