5817 7292
991 1096 1257 1206 soootrss
1282 1115 1345 1187 nr
1372 1096 1577 1189 raocss.
1920 1118 1994 1193 ooo

633 1258 730 1335 lovis
749 1256 926 1365 predicta.
2035 1268 2165 1325 Portam
2176 1268 2222 1335 tv,

635 1389 734 1497 Roya
755 1387 967 1494 reportavit.
2096 1362 2160 1405 ¹⁸¹⁰'

620 1518 798 1596 llemissa
819 1535 875 1597 est
895 1519 942 1597 ad
961 1516 1245 1625 perficiendum.

632 1776 756 1855 LXIV.
786 1776 884 1855 Cum
904 1775 1147 1883 Raymundus
1166 1774 1335 1853 Durandi
1352 1790 1390 1853 et
1408 1774 1636 1853 bertrandus
1651 1774 1707 1851 de
1720 1774 1907 1881 Goyman,
1925 1774 2002 1851 sin-

577 1904 651 1983 dici
669 1904 917 1984 universitatis
937 1923 975 1983 et
988 1922 1249 2013 procuratores
1268 1906 1513 2013 singularium
1533 1932 1779 2013 personarum
1801 1903 1910 1983 castri
1926 1906 2003 1986 Vo-

441 2052 445 2057 “
577 2033 735 2128 lubrice,
753 2035 792 2110 in
808 2034 972 2142 quodam
988 2033 1154 2123 articulo,
1177 2034 1277 2111 inter
1295 2051 1454 2145 ceteros,
1477 2033 1775 2141 proposuissent,
1797 2062 1923 2113 coram
1943 2064 2002 2114 se·

576 2162 738 2242 nescallo
754 2164 1000 2253 Belli-Cadri,
1020 2164 1125 2270 quod
1142 2164 1289 2241 Marcus
1309 2164 1356 2241 de
1373 2163 1646 2241 Sancta-Cruce
1664 2162 1801 2240 multas
1815 2163 2002 2244 inferebat

575 2293 783 2384 molestias,
799 2293 1010 2402 gravamina
1031 2311 1069 2371 et
1082 2294 1245 2401 jacturas
1261 2294 1494 2371 universitati
1511 2311 1549 2371 et
1562 2294 1781 2372 hominibus
1797 2294 1898 2372 dicte
1913 2295 2001 2375 ville

575 2420 791 2513 Volobrice,
810 2423 982 2501 faciendo
1000 2439 1037 2501 et
1046 2424 1214 2531 juvando
1230 2424 1278 2500 de
1294 2438 1403 2500 nocte
1419 2423 1594 2501 homines
1606 2423 1764 2501 transire
1782 2424 1997 2516 Rodanum,

575 2548 788 2631 deferentes
804 2551 1016 2631 billonnem
1036 2569 1074 2629 et
1091 2570 1282 2631 monetam
1302 2552 1533 2658 prohibitam
1552 2568 1591 2628 et
1610 2551 1727 2629 eciam
1743 2553 1916 2632 animalia
1932 2556 2003 2635 bo·

575 2681 659 2758 vina
682 2683 839 2759 transire
865 2681 1074 2787 prohibita,
1095 2710 1169 2787 que
1193 2682 1338 2770 omnia,
1361 2698 1405 2757 ut
1423 2680 1494 2786 ipsi
1515 2681 1705 2771 dicebant,
1727 2683 1929 2777 cedebant,
1952 2687 2000 2763 ad

576 2812 817 2891 commodum
846 2812 1046 2889 hominum
1068 2812 1264 2891 comitatus
1287 2804 1496 2902 Provincia,
1520 2812 1626 2918 quod
1650 2829 1729 2889 erat
1752 2812 1792 2890 in
1822 2842 2002 2925 magnum
2133 2801 2141 2815 ⁸

575 2940 828 3050 prejudicium
851 2959 951 3020 terre
971 2958 1097 3019 nostre
1123 2957 1161 3019 et
1180 2939 1394 3048 periculum
1414 2939 1486 3018 loci
1506 2941 1722 3031 Volobrice,
1743 2959 1787 3020 ut
1804 2942 1877 3049 ipsi
1897 2944 2001 3023 dice-

574 3069 677 3163 bant,
696 3088 734 3149 et
748 3071 864 3177 quod,
880 3100 966 3149 cum
978 3070 1147 3177 predicta
1158 3071 1211 3147 sic
1228 3098 1267 3149 se
1282 3069 1479 3161 baberent,
1496 3087 1540 3148 ut
1556 3070 1741 3163 dicebant,
1758 3089 1798 3150 et
1808 3072 1901 3152 boni
1916 3102 2002 3181 pre-

575 3201 667 3279 sidis
686 3201 885 3281 interesset
904 3201 951 3280 ab
971 3200 1150 3280 indebitis
1172 3201 1481 3309 oppressionibus
1500 3199 1665 3280 relevare
1685 3201 1891 3311 subjectos,
1912 3233 2001 3312 sup-

576 3331 806 3439 plicaverunt
819 3333 909 3410 dicti
920 3332 1062 3438 syndici
1074 3333 1176 3411 dicto
1188 3330 1411 3421 senescallo,
1428 3333 1469 3408 in
1479 3331 1658 3438 predictis
1668 3334 1740 3411 sibi
1752 3334 1799 3411 de
1811 3354 2000 3440 oportuno

575 3463 744 3541 remedio
759 3463 964 3569 provideri,
980 3463 1133 3542 tandem
1151 3462 1273 3542 dictus
1292 3461 1519 3541 senescallus
1538 3462 1727 3541 mandavit
1741 3465 1917 3571 magistro
1933 3464 2003 3543 Ar-

576 3592 691 3671 naldo
710 3593 758 3670 de
774 3594 917 3703 Puyeto
933 3612 991 3687 ut,
1011 3624 1124 3703 super
1138 3594 1317 3702 predictis
1335 3595 1374 3671 in
1395 3594 1496 3671 dicto
1515 3593 1674 3673 articulo
1694 3594 2002 3683 contrariarum

576 3739 714 3828 quanta
725 3742 853 3829 posset
865 3724 1082 3829 diligencia,
1097 3725 1307 3833 inquireret
1321 3724 1534 3811 veritatem,
1553 3723 1691 3803 vocatis
1702 3749 1817 3827 super
1828 3723 1903 3799 boc
1917 3752 2004 3803 evo-

578 3850 722 3942 candis;
738 3851 830 3929 lacta
844 3854 959 3961 igitur
974 3882 1087 3960 super
1101 3854 1173 3932 hoc
1188 3854 1379 3961 inquesta,
1397 3870 1435 3929 et
1451 3850 1499 3929 ad
1517 3852 1661 3930 dictum
1675 3850 1924 3930 senescallum
1945 3882 2003 3931 re·

578 3994 722 4084 portata
745 3998 783 4059 et
803 3982 982 4088 inspecta,
1004 3983 1091 4091 quia
1112 3982 1229 4061 nichil
1251 3982 1298 4061 de
1317 3981 1497 4087 predictis
1516 3982 1716 4088 probatum
1734 3981 1855 4059 extitit
1874 3999 2002 4060 contra

579 4105 724 4185 dimum
741 4111 930 4201 Marcum,
947 4112 1050 4190 idem
1069 4111 1315 4201 senescallus,
1330 4140 1444 4218 super
1455 4111 1641 4190 contentis
1657 4111 1697 4189 in
1713 4110 1814 4191 dieto
1828 4110 2000 4205 articulo,

578 4237 856 4316 sentencialiter
875 4240 1033 4319 absolvit
1053 4241 1238 4332 eundem,
1255 4240 1467 4349 quemlibet
1482 4242 1671 4321 dictorum
1687 4241 1944 4350 syndioomm,
1962 4242 2003 4319 in

577 4366 793 4475 quindecim
809 4368 916 4448 libris
930 4371 1237 4462 Turonensibus,
1254 4370 1355 4449 dicto
1369 4372 1513 4460 Marco,
1527 4399 1597 4478 pro
1612 4368 1784 4476 dampnis
1798 4370 1877 4449 suis
1891 4386 1930 4448 et
1946 4371 2004 4447 in·

577 4514 732 4589 teresse,
760 4516 798 4576 et
821 4500 947 4590 nobis,
978 4501 1018 4577 in
1045 4500 1318 4611 quinquaginta
1343 4500 1465 4591 libris,
1491 4502 1659 4607 ipsorum
1686 4500 1912 4608 quemlibet,
1931 4530 2002 4609 pro

579 4627 738 4705 emenda
762 4646 904 4719 nostra,
936 4659 1004 4737 per
1034 4660 1141 4709 suam
1169 4632 1413 4722 sentenciam,
1441 4630 1772 4739 condempnando,
1798 4632 2002 4740 quemdam

579 4758 695 4835 eciam
714 4755 951 4867 Aymoricum
966 4762 1159 4870 Boniparis
1172 4762 1343 4853 nomine,
1365 4762 1453 4869 quia
1470 4762 1613 4840 dictum
1630 4762 1832 4841 articulum
1847 4762 2004 4840 dietave-

578 4904 650 4977 rat,
676 4888 787 4969 nobis
806 4890 847 4967 iu
867 4908 1018 4970 contum
1040 4892 1149 4971 libris
1167 4892 1468 4983 Turonensibus,
1489 4920 1559 4999 pro
1586 4894 1748 4971 emenda
1769 4909 1912 4984 nostra,
1934 4921 2003 4999 per

578 5044 684 5095 suam
698 5023 939 5111 sentenciam,
957 5023 1254 5131 condempnavit,
1268 5052 1289 5101 a
1302 5052 1380 5132 quo
1388 5023 1560 5132 judicato
1573 5023 1716 5131 syndici
1733 5040 1772 5101 et
1784 5022 2002 5131 Aymerieus

577 5148 735 5253 predicti
751 5152 800 5230 ad
814 5171 980 5232 nostram
994 5156 1134 5232 curiam
1149 5146 1401 5263 appellarunt:
1413 5156 1503 5235 Viso
1518 5156 1633 5265 igitur
1643 5182 1821 5263 processu
1831 5156 2001 5264 predicto

579 5292 617 5355 et
634 5277 834 5388 diligenter
849 5285 1067 5374 examinato,
1080 5312 1148 5392 per
1162 5285 1263 5363 curie
1277 5300 1402 5363 nostre
1410 5284 1766 5393 judicium,dictum
1776 5283 2003 5391 luitpredio-

580 5421 662 5485 tum
676 5413 923 5493 senescallum
938 5414 1037 5493 bene
1052 5417 1338 5523 pronunciasse,
1358 5433 1540 5523 quantum
1558 5418 1608 5496 ad
1621 5416 1796 5525 syndicos
1808 5412 2002 5521 supradic-

664 5580 715 5623 tes
736 5584 821 5630 otiu.
843 5588 889 5629 ur.
1835 5584 1873 5646 7²
