5817 7292
846 1087 919 1158 202
1285 1142 1290 1150 .
1422 1083 1522 1156 [ΕΞ
1545 1081 1685 1156 Obllll.

621 1235 751 1295 restim
764 1238 808 1300 tv,
845 1252 895 1303 ue
921 1252 1007 1302 cum
1027 1221 1211 1315 Rebano,
1233 1221 1392 1303 domino
1411 1223 1461 1302 de
1485 1223 1711 1332 Creseqnes,
1728 1222 1816 1300 rima
1837 1251 1924 1314 saro,
1951 1239 2132 1328 tanquam
2158 1224 2261 1306 fatuo

681 1330 745 1374 Μ
845 1373 883 1434 et
901 1354 1138 1460 dissipatores
1158 1353 1571 1462 alirprisoontraberet,
1593 1354 1836 1434 denmrendn·
1848 1351 1978 1431 nullos
1996 1373 2263 1435 essecontrac-

844 1486 991 1594 tunqui
1011 1485 1151 1565 tierent
1166 1516 1254 1564 cum
1274 1487 1430 1576 eodem,
1454 1487 1648 1566 aesidem.
1663 1487 1837 1593 episcopo
1863 1486 1980 1564 modo
2002 1484 2132 1563 debito
2152 1485 2265 1594 signi·

842 1617 990 1698 flentem
1012 1635 1051 1694 et
1069 1645 1137 1724 per
1155 1617 1303 1695 litteras·
1323 1617 1470 1696 domini
1492 1617 1602 1727 Regis
1626 1617 1701 1696 sibi
1720 1635 1921 1708 ostensam,
1942 1616 2046 1695 idem
2066 1616 2264 1725 episcopus

840 1749 888 1828 ab
909 1748 1045 1828 eodem
1066 1748 1237 1826 domino,
1250 1766 1409 1840 emerat,
1430 1750 1550 1855 prima
1576 1750 1672 1838 rice,
1694 1749 1960 1858 proprietatem
1985 1749 2187 1857 cujusdam*
2201 1779 2264 1858 gr·

839 1880 941 1986 geria
960 1904 1074 1985 qnam
1093 1907 1121 1956 a
1134 1877 1236 1956 dictu
1256 1877 1417 1956 domino
1433 1878 1544 1959 idem
1558 1880 1754 1987 episcopus
1772 1895 1964 1987 receperat
1982 1908 2060 1986 pro
2072 1897 2171 1957 certa
2197 1909 2263 1988 pe-

841 2009 1183 2116 cuniaquantitats,
1193 2007 1586 2119 videlicetqningenta
1593 2010 1769 2120 jornalia,
1783 2028 1861 2087 tam
1870 2028 1970 2088 terre
1983 2009 2261 2118 arabilieqnsm

839 2139 1060 2228 hoscorum,
1081 2139 1140 2218 rel
1159 2139 1276 2231 circa3
1298 2139 1414 2230 item,¹
1428 2143 1594 2220 secunda
1618 2143 1712 2235 rice,
1735 2159 1866 2250 postea
1890 2158 2045 2220 centum
2068 2158 2110 2218 et
2131 2141 2260 2249 viginti

835 2271 998 2376 jornalia
1015 2289 1113 2349 terre
1132 2269 1285 2348 arabilis
1297 2270 1355 2348 rel
1370 2271 1483 2361 cirne,
1499 2290 1537 2350 et
1549 2272 1820 2381 qninquaginta
1837 2289 1875 2350 et
1888 2299 1952 2350 mx
1963 2270 2125 2379 jornalia
2144 2273 2257 2378 prati,

839 2402 900 2480 rel
917 2404 1028 2494 circa,
1050 2420 1093 2480 et
1107 2431 1243 2508 aquarn
1262 2430 1338 2508 quc
1356 2403 1450 2480 fluit:
1466 2404 1519 2480 de
1533 2404 1901 2510 Smmmbugnmino
1916 2402 2018 2510 apud
2032 2404 2255 2510 Creseqnes‚

838 2531 1013 2640 pluribus
1027 2531 1413 2638 racionibumpetebrt·
1426 2534 1799 2612 dictesurendiciones
1814 2532 1939 2610 nullas
1946 2533 2202 2640 pronunciari,
2221 2551 2259 2612 et

839 2663 1020 2741 dictarum
1032 2690 1162 2740 rerum
1172 2663 1361 2756 saisinam,
1384 2665 1538 2743 nomine
1557 2665 1647 2743 dicti
1661 2665 1829 2756 heredis,
1846 2664 1918 2742 sibi
1937 2663 2035 2742 tradi
2056 2681 2095 2741 et
2114 2663 2260 2742 delibe-

837 2794 928 2880 rari,
948 2793 1048 2870 dicto
1065 2792 1240 2900 episcopo
1253 2793 1390 2872 multas
1401 2796 1573 2874 raciones
1583 2795 1624 2872 in
1637 2796 1868 2874 contrarium
1883 2811 2119 2902 proponente
2134 2825 2142 2870 ε
2158 2795 2259 2870 Tan-

835 2925 938 3015 dem,
954 2923 1197 3002 anditistbino
1208 2924 1304 3003 iude·
1316 2927 1537 3032 propositis,
1559 2943 1598 3004 et
1612 2927 1785 3034 inquesta
1799 2950 1913 3034 super
1931 2925 2005 3003 biis
2020 2924 2257 3002 demandato

836 3055 938 3132 curie
951 3071 1076 3132 nostre
1092 3052 1202 3144 facta,
1222 3083 1371 3132 necnon
1380 3056 1517 3134 litteris
1530 3057 1629 3134 dicte
1645 3057 1797 3136 defense
1811 3057 1898 3135 risis
1909 3074 1947 3133 et
1960 3055 2163 3166 diligenter
2177 3085 2259 3132 cxs-

835 3185 1003 3277 minatis,
1023 3214 1091 3292 per
1102 3185 1205 3262 curie
1219 3185 1557 3293 nostrejudicium,
1578 3187 1721 3264 dictum
1735 3186 1808 3264 fuit
1818 3203 1856 3263 et
1867 3187 2160 3292 pronunciatum
2171 3215 2259 3264 ven-

835 3317 1007 3398 diciones·
1014 3315 1216 3422 pradinas,
1230 3315 1481 3420 tamprimam
1494 3316 1844 3423 quamssecundam
1866 3315 2023 3422 penitus·
2037 3343 2118 3393 esse
2135 3316 2257 3396 nullas

835 3465 873 3527 et
890 3447 1044 3528 nullius.
1054 3446 1216 3524 existere
1231 3445 1441 3533 firmitatis,
1451 3463 1492 3528 et
1509 3445 1615 3553 quod
1635 3446 1822 3526 dictarum
1839 3475 1969 3526 renim
1980 3445 2149 3524 secundo
2166 3475 2257 3525 ren-

834 3578 996 3656 ditacnm
1008 3575 1136 3654 totalis
1147 3575 1284 3659 saisina
1296 3575 1581 3667 dictedomine,
1599 3577 1856 3686 nomineque
1873 3606 2002 3686 supra,
2019 3576 2131 3685 plene
2148 3595 2187 3656 et
2200 3579 2256 3656 in·

832 3706 1238 3815 tegreedeliberabitun
1260 3724 1299 3786 et
1316 3708 1423 3816 quod
1433 3707 1475 3786 in
1489 3708 1555 3786 tali
1568 3709 1979 3817 saisimmrumtprimo
1995 3709 2252 3798 venditantur,

833 3864 948 3945 quam
960 3835 1128 3918 babebat
1140 3837 1265 3916 dictus
1282 3839 1462 3917 dominus
1479 3839 1768 3946 temporetdicte
1777 3840 1903 3946 prime·
1913 3836 2161 3929 vendicionis,
2177 3837 2256 3945 ipsa

831 3986 1056 4074 reponetur„
1544 4037 1548 4049 .

887 4101 1409 4182 Venerisanre·Narivirasen
1423 4102 1589 4181 Domini.

832 4272 857 4311 ,·
886 4230 1296 4340 Boceblmtreporlfltlt.

886 4496 1012 4576 XXVI.
1044 4498 1142 4577 Cum
1161 4498 1329 4577 Andreas
1350 4500 1396 4577 de
1416 4497 1634 4592 Chambon,
1653 4517 1837 4579 mercator
1852 4497 2148 4588 Aurelianensis,
2168 4527 2255 4576 oon-

829 4642 887 4702 tra
914 4625 1139 4706 Gaufridum
1169 4631 1381 4736 Quarterii,
1407 4631 1664 4710 bostelarium
1685 4633 1742 4710 de*
1763 4631 1944 4722 Parisius,
1972 4658 2187 4739 proponens
2213 4655 2252 4704 se

829 4786 949 4865 nuper
964 4759 1194 4866 hospitatum
1214 4759 1328 4840 fuisse
1348 4791 1466 4869 penes
1487 4764 1631 4841 dictum
1647 4763 1889 4853 Gaulridum,
1912 4781 1951 4840 et
1965 4789 2093 4840 secum
2108 4757 2251 4834 ibidem

828 4905 993 4993 portasse
1014 4907 1052 4967 et
1071 4891 1286 4981 immisisse,
1303 4894 1511 4973 scientibus
1531 4895 1797 4975 stridentibus
1816 4921 1930 4972 uxore
1952 4910 1989 4970 et
2007 4889 2146 4968 familia
2161 4885 2251 4964 dicti

827 5017 1016 5114 Goulridis
1047 5023 1535 5138 quaedembereoiasbene
1557 5025 1750 5135 sigillatas,
1780 5027 1820 5110 in
1846 5025 1993 5132 qetbus
2011 5037 2119 5108 emm
2142 5019 2253 5126 qnin-

824 5168 942 5258 ssrnte.
957 5155 1201 5263 etsemgintr
1218 5156 1313 5242 libre
1328 5157 1575 5249 rabatense„
1594 5184 1690 5267 quer
1703 5156 1940 5246 besacieeeic
1954 5151 2151 5261 sigillatas.
2163 5177 2252 5239 eurr

823 5281 993 5386 predicta
1009 5287 1171 5393 pecunie
1188 5287 1292 5372 intus
1310 5288 1507 5383 cantante,
1530 5290 1608 5398 ipse
1627 5289 1753 5396 posuit
1771 5289 1815 5372 in.
1832 5284 1996 5393 quadem
2013 5283 2124 5369 archa
2144 5281 2252 5390 cujus

824 5412 963 5505 &rem
984 5417 1057 5507 sibi
1075 5416 1230 5508 tradidit
1250 5418 1349 5502 dicta
1372 5402 1549 5510 mouet·
1562 5422 1672 5506 archs
1698 5419 1859 5507 firman,
1881 5445 2009 5506 ereum
2031 5415 2252 5502 cistertien-
