5817 7292
1036 1060 1303 1168 nnoulrns
1328 1079 1393 1152 ur
1418 1061 1626 1154 rnocls.
1971 1087 2040 1157 301

623 1247 749 1298 coram
769 1219 870 1295 dicto
890 1216 1028 1294 ballivo
1048 1217 1087 1292 in
1106 1235 1204 1294 statu
1220 1246 1306 1308 suo,
1327 1236 1367 1295 et
1383 1217 1488 1325 quod
1503 1219 1666 1326 dampna
1682 1218 1754 1295 sibi
1769 1249 1838 1325 per
1854 1222 1927 1298 hoc
1945 1222 2046 1302 illata
2085 1235 2268 1300 Percurrit,

622 1350 874 1428 redderentur
884 1348 1046 1438 eisdem,
1060 1347 1163 1424 dicta
1178 1349 1660 1430 comitissam-contrarium
1675 1369 1911 1456 proponente
1922 1355 2044 1459 quod,
2102 1361 2108 1374 '
2148 1329 2210 1368 Μ’

622 1497 699 1557 tam
720 1480 769 1556 de
784 1482 872 1588 jure
893 1508 1007 1586 quam
1028 1477 1075 1556 de
1095 1505 1167 1555 usu
1187 1496 1225 1556 et
1244 1481 1517 1558 consuetudine
1536 1479 1711 1570 notoriis,
1735 1481 1801 1557 diu
1821 1481 1988 1560 obtentis
2009 1501 2047 1559 et

623 1609 842 1699 observatis,
864 1610 1076 1715 specialiter
1095 1609 1134 1685 in
1154 1610 1257 1686 curia
1276 1609 1373 1685 dicte
1393 1609 1648 1701 Vide-Nove,
1671 1611 1761 1686 dicti
1781 1611 1946 1721 religiosi
1967 1641 2045 1690 non

623 1759 798 1848 poterant
818 1741 946 1818 venire
972 1741 1019 1817 ad
1043 1740 1256 1847 predictum
1281 1739 1481 1832 ballivum,
1501 1758 1694 1846 tamquam
1719 1742 1768 1817 ad
1791 1744 2043 1849 superiorem,

623 1874 695 1950 nisi
711 1901 779 1978 per
790 1871 1084 1980 appellacionem
1099 1899 1120 1948 a
1133 1868 1225 1949 salso
1241 1889 1280 1948 et
1292 1899 1406 1977 pravo
1416 1870 1563 1978 judicio
1576 1870 1635 1948 vel
1648 1899 1669 1946 a
1683 1870 1832 1949 delectu
1844 1874 1957 1981 juris,
1976 1875 2048 1952 dic-

622 2004 670 2080 tis
687 2004 871 2111 religiosis
891 2003 929 2078 in
949 2003 1177 2079 contrarium
1200 2001 1478 2092 asserentibus3
1499 1999 1671 2092 tandem,
1694 2000 1830 2078 auditis
1849 2003 1938 2080 hinc
1958 2005 2047 2082 inde

623 2134 840 2239 propositis,
863 2133 987 2210 dictus
1011 2131 1172 2210 ballivus
1198 2131 1458 2239 pronunciavit
1478 2111 1596 2208 dictes
1622 2129 1815 2238 religiosos
1842 2158 1919 2209 non
1939 2161 2047 2238 posse

623 2291 691 2342 nec
712 2264 849 2342 debere
870 2263 1007 2342 acutia
1022 2265 1120 2342 dicte
1140 2264 1328 2342 comitisse
1348 2262 1474 2341 venire
1495 2261 1699 2367 adipsum,
1715 2278 1907 2368 tamquam
1927 2265 1976 2340 ad
1990 2295 2048 2342 su·
2108 2313 2112 2320 ·

622 2396 827 2501 periorem,
839 2425 909 2503 pro
929 2393 1082 2472 defectu
1091 2396 1205 2503 juris,
1221 2395 1293 2472 nisi
1309 2423 1376 2499 per
1396 2391 1712 2499 appellacionem;
1731 2420 1843 2499 aquo
1856 2394 2043 2500 judicato,

621 2543 810 2632 tamquam
823 2523 915 2603 salso
930 2541 968 2601 et
975 2553 1105 2631 pravo,
1117 2524 1208 2602 dicti
1221 2522 1385 2630 religiosi
1395 2523 1444 2598 ad
1458 2521 1599 2598 curiam
1609 2538 1773 2598 nostram
1786 2522 2022 2628 appellarunt
2036 2557 2044 2600 :

622 2654 810 2743 Tandem,
827 2653 922 2759 facta
947 2655 1121 2763 inquesta
1134 2655 1188 2731 de
1213 2653 1391 2730 mandato
1415 2651 1520 2729 curie
1546 2667 1672 2728 nostre
1697 2679 1811 2758 super
1833 2655 2043 2759 premissis,

623 2783 699 2862 visa
716 2803 754 2861 et
771 2785 974 2894 diligenter
994 2789 1216 2877 examinata,
1233 2785 1370 2862 auditis
1384 2785 1475 2862 hinc
1490 2784 1578 2862 inde
1593 2783 1813 2888 propositis,
1829 2788 2048 2890 pronuncia·

622 2930 706 2990 tum
726 2912 815 3004 suit,
833 2946 902 3023 per
916 2917 1018 2993 curie
1040 2934 1166 2994 nostre
1182 2917 1387 3024 judicium,
1403 2915 1546 2993 dictum
1566 2913 1746 2991 ballivum
1766 2913 1864 2992 bene
1881 2945 2047 3022 pronun-

622 3044 751 3135 ciasse,
769 3063 807 3121 et
820 3045 940 3123 dictos
960 3046 1154 3154 religiosos
1170 3046 1268 3123 male
1288 3045 1511 3153 appellasse,
1529 3062 1565 3122 et
1580 3045 1653 3121 hoc
1670 3044 1941 3123 emendabunt.

678 3177 834 3253 Veneris
853 3193 938 3284 post
956 3176 1187 3254 Brandones.

679 3307 905 3414 Pasquerius
923 3307 1136 3413 reportavit.

677 3572 799 3648 XLlIl.
830 3572 928 3650 Cum
942 3571 1134 3648 lohannes
1147 3570 1197 3646 de
1211 3569 1333 3655 Levis,
1349 3568 1528 3646 dominus
1544 3568 1766 3675 Mirapiscis,
1782 3568 1982 3675 incepisset
1998 3573 2049 3648 in=

621 3702 770 3806 quirere
788 3719 916 3778 contra
931 3703 1118 3807 quosdam
1134 3699 1309 3778 homines
1321 3698 1409 3777 ville
1424 3699 1644 3805 Mirapiscis,
1663 3726 1836 3804 supereo
1856 3701 1962 3806 quod
1979 3701 2048 3778 do-

623 3857 728 3905 mum
754 3832 920 3940 magistri
944 3830 1098 3908 Amaldi
1118 3831 1214 3907 Picis
1233 3831 1305 3908 nisi
1329 3831 1479 3910 fuerant
1503 3829 1655 3906 diruere
1679 3846 1718 3906 et
1738 3831 1943 3934 quemdam
1966 3833 2047 3938 ejus

622 3959 769 4036 vineam
789 3961 990 4068 extirpare,
1011 3961 1220 4038 inhibitum
1243 3959 1375 4036 luisset
1398 3987 1466 4064 per
1484 3975 1768 4066 procuratorem
1794 3977 1965 4038 nostrum
1991 3991 2048 4040 se-

622 4089 798 4167 nescallie
825 4091 1129 4171 Carcassonensis
1152 4090 1328 4202 gentibus
1352 4089 1498 4167 domini
1523 4088 1728 4196 supradicti
1749 4118 1797 4169 ne
1818 4091 1978 4196 amplius
1998 4093 2046 4170 de

522 4303 529 4315 ,
623 4220 720 4297 dicta
740 4249 849 4297 causa
873 4238 1159 4329 cognoscerent,
1181 4251 1268 4299 cum
1289 4220 1379 4298 dicti
1399 4220 1528 4297 delicti
1549 4220 1718 4328 cognicio
1739 4239 1777 4298 et
1796 4222 1968 4327 punicio,
1991 4253 2047 4300 ra-

623 4351 730 4426 cione
751 4349 955 4427 delacionis
975 4379 1168 4429 armorum
1192 4368 1230 4428 et
1248 4350 1440 4428 lractionis
1460 4351 1558 4456 pacis
1579 4349 1626 4428 ad
1647 4379 1716 4427 nos
1736 4350 1861 4428 solum
1881 4355 2047 4458 pertine-

622 4498 697 4569 ret,
720 4499 763 4557 ut
783 4480 946 4570 dicebat3
969 4511 1081 4588 aqua
1101 4482 1259 4589 quidem
1285 4481 1517 4560 inhibicione
1539 4499 1758 4587 procurator
1782 4483 1872 4559 dicti
1900 4484 2045 4561 domini

622 4610 827 4718 Mirapiscis
853 4611 1072 4718 appellavit,
1102 4641 1177 4720 qua
1201 4611 1458 4718 appellacioue
1484 4628 1677 4718 tamquam
1697 4610 1827 4689 frivola
1853 4641 1929 4691 non
1957 4614 2046 4691 obs-

621 4757 742 4829 tante,
758 4743 807 4818 de
821 4742 997 4819 mandato
1010 4743 1205 4822 senescalli
1218 4743 1336 4820 nostri
1352 4742 1657 4820 Carcassonensis
1670 4739 1979 4848 luit-inquisitum
1998 4745 2045 4822 de

621 4873 834 4978 premissis,
859 4889 898 4948 et
916 4890 1070 4978 postea,
1091 4874 1305 4981 prepositus
1329 4891 1421 4950 tunc
1445 4872 1494 4950 de
1513 4871 1699 4949 Anversio
1716 4888 1754 4949 et
1774 4889 1904 4950 cantor
1926 4872 2046 4950 Aure-

622 5000 815 5091 lianensis,
836 5003 884 5078 ad
912 5020 1036 5108 partes
1055 5003 1138 5080 illas
1157 5004 1308 5082 anobis
1327 5003 1452 5090 missi,
1478 5001 1617 5079 dictam
1638 5018 1874 5080 resumentes
1894 5000 2046 5107 inques·

620 5149 716 5222 tam,
736 5161 818 5208 eam
838 5131 990 5210 cuidam
1010 5135 1264 5212 commissario
1282 5133 1522 5211 tradiderunt
1541 5131 1809 5238 perficiendam
1825 5146 1863 5208 et
1873 5129 2045 5235 judican-

621 5263 726 5354 dam,
738 5291 862 5340 coram
874 5293 951 5370 quo
962 5282 1183 5369 procurator
1195 5266 1285 5343 dicti
1296 5264 1442 5344 domini
1457 5263 1662 5371 Mirapiscis
1672 5261 1900 5367 comparuit,
1912 5279 2044 5366 petens

621 5394 762 5470 curiam
783 5395 831 5471 de
852 5395 961 5474 dictis
985 5397 1202 5475 hominibus
1221 5397 1360 5474 remitti
1382 5396 1429 5472 ad
1454 5395 1655 5476 dominum
1680 5421 1808 5482 suum,
1831 5387 2042 5466 exhibendo
