5817 7292
972 1017 1239 1127 snoutras
1265 1036 1327 1109 ar
1355 1022 1564 1113 esoces.
1901 1040 1976 1114 575

559 1179 614 1257 les
628 1177 726 1259 clare
741 1176 1007 1284 reperirentur,
1020 1179 1107 1269 etsi
1120 1178 1227 1286 quod
1237 1176 1398 1257 dubium
1409 1205 1524 1284 super
1535 1178 1611 1257 hoc
1620 1192 1979 1268 occmreretnostre
2015 1192 2201 1260 rumara,

559 1310 662 1389 curie
684 1304 893 1417 reportari,
906 1327 1008 1389 certo
1026 1338 1141 1418 super
1161 1310 1235 1389 hoc
1256 1307 1405 1391 anobis
1422 1307 1678 1391 commissario
1700 1308 1902 1414 deputato3
1920 1310 1980 1391 iu·

2077 1286 2140 1331 181⁰.

559 1456 691 1548 questa
703 1438 817 1547 igitur
826 1466 940 1547 super
949 1439 1039 1529 hoc,
1055 1438 1194 1519 vocatis
1208 1438 1423 1529 evocandis,
1435 1466 1504 1546 per
1516 1467 1605 1519 eum
1619 1436 1731 1531 iacta,
1747 1437 1872 1519 dictus
1883 1466 1981 1519 com·

558 1570 766 1663 missarius,
782 1585 938 1676 propter
953 1568 1114 1647 dubium
1129 1568 1235 1677 quod
1251 1569 1292 1647 iu
1308 1568 1529 1677 hujusmodi
1543 1568 1700 1677 negocio
1713 1568 1786 1651 sibi
1800 1570 1979 1659 occurrit,

560 1700 772 1808 inquestam
787 1698 948 1779 eandem
962 1716 1090 1780 nostre
1105 1698 1207 1779 curie
1221 1698 1469 1807 judicandam
1482 1698 1641 1791 remisit,
1650 1698 1768 1778 dictas
1780 1714 1905 1805 partes
1918 1698 1984 1777 ad-

553 1830 743 1937 jornande
760 1830 936 1922 Parisius,
952 1830 1220 1911 adridendum
1241 1830 1380 1909 dictam
1396 1831 1609 1940 inquestam
1622 1829 1801 1936 judicari,
1816 1829 1866 1909 ad
1877 1828 1982 1909 diem

558 1960 707 2039 ballivis
717 1961 951 2039 Turonensis
963 1961 1148 2067 presentis
1161 1960 1380 2067 parlamenti
1394 1991 1403 2036 ε
1419 1961 1506 2039 Visa
1516 1961 1640 2066 igitur,
1656 1984 1725 2065 per
1737 1960 1880 2039 curiam
1895 1987 1984 2041 nos

557 2108 668 2182 tram,
689 2091 736 2171 de
752 2118 937 2171 consensu
952 2091 1117 2197 partium
1136 2090 1410 2197 predictarum,
1428 2091 1527 2169 dicta
1540 2089 1714 2197 inquesta
1728 2106 1767 2169 et
1781 2088 1984 2197 diligenter

557 2222 779 2313 examinata,
796 2222 835 2299 in
855 2238 1039 2328 quantum
1058 2222 1178 2329 tangit
1196 2221 1385 2328 predictos
1405 2221 1638 2327 Stephanum
1659 2238 1699 2301 et
1714 2219 1979 2311 Guillclmum,

556 2351 656 2459 quia,
669 2380 737 2458 per
747 2380 849 2445 eam,
863 2351 981 2431 nichil
999 2353 1193 2433 inventum
1210 2352 1283 2431 suit
1297 2350 1529 2432 sufficienter
1540 2353 1741 2458 probatum
1758 2370 1889 2431 coutm
1902 2380 1984 2433 eos·

559 2482 646 2561 dem
670 2482 905 2589 Stephanum
926 2499 964 2561 et
982 2478 1231 2563 Guillslmum
1253 2508 1366 2587 super
1383 2498 1507 2561 morte
1526 2482 1695 2586 predicta
1714 2482 1805 2559 dicti
1818 2483 1980 2569 Perrcti,

557 2610 644 2717 ipsi,
663 2639 776 2717 super
787 2613 879 2701 hoc,
901 2628 1111 2717 pernostra
1130 2610 1233 2689 curie
1239 2610 1449 2717 judicium,
1469 2610 1632 2691 absoluti
1644 2609 1811 2689 hrerunt.

612 2740 777 2821 Sabbato
793 2755 880 2847 post
897 2739 1165 2819 intencionem
1186 2741 1319 2819 Sancte
1339 2740 1483 2819 Crucis.

612 2871 664 2949 M.
684 2871 717 2947 J.
738 2871 786 2950 de
806 2869 1015 2978 Hospitalis
1035 2869 1152 2949 hahet
1171 2870 1278 2949 istam
1294 2870 1522 2977 inquestam,
1543 2887 1587 2951 ut
1605 2871 1698 2950 dicit
1717 2872 1768 2951 M.
1789 2873 1832 2951 R.
1852 2872 1904 2951 de
1921 2874 1984 2951 Pe·

557 3000 671 3081 uallis.

534 3298 535 3303 ¹
611 3266 721 3345 LXX.
752 3264 869 3355 Cum,
901 3265 941 3343 in
970 3292 1081 3343 causa
1105 3264 1296 3370 pendente
1323 3291 1450 3343 corant
1481 3263 1701 3343 custodibus
1726 3265 1983 3345 nundinarum

477 3436 480 3441 ¹
557 3397 775 3505 Campania,
789 3424 904 3505 super
916 3394 1081 3503 quadm
1093 3394 1254 3502 pecunie
1268 3395 1496 3502 quantitate,
1510 3395 1612 3473 inter
1624 3396 1860 3475 bernardum
1873 3396 1985 3475 d'An-

556 3528 750 3637 goissolle,
763 3556 807 3606 ex
819 3556 895 3607 una
907 3545 1029 3633 parte,
1042 3542 1082 3605 et
1090 3527 1302 3607 Johannem
1312 3525 1452 3615 Cristo,
1466 3553 1511 3604 ex
1520 3524 1652 3615 altera,
1665 3526 1767 3605 idem
1776 3526 1981 3617 Johanues‚

557 3659 726 3765 predicto
755 3658 969 3746 Remardo,
995 3658 1036 3735 in
1063 3656 1237 3764 negantis
1262 3656 1424 3762 trigenta
1456 3653 1580 3735 tribus
1608 3655 1715 3734 libris
1742 3672 1782 3731 et
1806 3675 1986 3761 quatuor·

559 3787 682 3867 decim
701 3784 831 3863 solidis
845 3784 1149 3875 Turonensibus,
1170 3810 1240 3891 per
1255 3784 1444 3863 dictorum
1459 3784 1661 3863 custodum
1670 3783 1876 3889 judicium,
1893 3812 1985 3863 cons

560 3916 783 4023 dempuatus
796 3914 945 4005 fuisset,
958 3931 1012 4004 et,
1028 3913 1160 3995 adicto
1168 3913 1351 4023 judicato,
1363 3930 1557 4019 tamquam
1566 3910 1660 3993 falso
1671 3929 1710 3990 et
1721 3940 1847 4020 prato,
1862 3914 1986 3995 dieas

559 4046 750 4130 lohannes
765 4045 813 4124 ad
824 4044 906 4125 dies
921 4030 1128 4125 Trecenses
1147 4043 1386 4151 appellasset,
1400 4044 1643 4154 magistrique
1662 4044 1811 4123 dierum
1821 4046 1985 4125 Trecen-

560 4178 675 4268 sium,
701 4204 815 4283 super
837 4177 930 4267 hoe,
955 4176 1096 4257 auditis
1118 4176 1288 4283 partibus
1310 4175 1504 4282 predictis,
1530 4175 1828 4283 parjudicatum
1852 4204 1981 4265 suum,

559 4307 819 4416 predictorum
847 4306 1047 4389 erutodum
1066 4307 1256 4415 judicium
1281 4304 1581 4398 confirmassent,
1606 4306 1729 4387 dictus
1750 4307 1940 4389 Johannes
1962 4338 1985 4385 a

556 4437 724 4545 judicato
744 4436 914 4545 predicto
934 4434 1214 4520 confirmatorio
1231 4436 1422 4517 dictorum
1442 4436 1708 4545 magistrorum
1724 4436 1875 4517 dierum
1890 4438 1986 4517 Tre-

561 4568 746 4659 ceusium,
762 4585 957 4677 tamquam
971 4594 992 4645 a
1008 4565 1101 4647 salso
1115 4585 1154 4647 et
1167 4595 1291 4675 pravo,
1309 4569 1358 4647 ud
1370 4583 1537 4649 nostram
1552 4566 1693 4648 cumam
1709 4567 1843 4646 iterato
1858 4566 1986 4673 appel·

560 4698 667 4779 lavit:
689 4698 837 4779 Auditis
856 4698 970 4807 igitur
989 4696 1099 4777 dictis
1112 4696 1282 4805 partibus
1298 4698 1338 4780 in
1352 4726 1464 4781 causa
1481 4696 1744 4805 appellarisne
1761 4696 1929 4803 predicte
1946 4714 1986 4777 et

469 4810 479 4829 ⁰
560 4829 647 4911 risis
669 4829 906 4936 processibus
930 4828 1145 4919 antedictis,
1166 4830 1355 4936 percutis
1375 4844 1503 4911 norme
1519 4827 1727 4937 judicium,
1749 4828 1894 4909 dictum
1912 4826 1987 4909 fuit

561 4960 751 5065 predictos
770 4960 946 5041 custodes
965 4977 1004 5038 et
1021 4960 1219 5067 magistros
1236 4960 1335 5057 bane
1347 4958 1536 5069 judicasse
1554 4976 1593 5041 et
1612 4960 1756 5039 dictum
1774 4960 1984 5041 iohannem

562 5089 660 5171 male
682 5089 905 5198 appellasse,
923 5106 962 5169 et
975 5090 1081 5199 quod
1095 5090 1176 5197 ipse
1194 5090 1268 5172 hoc
1288 5090 1521 5182 emendabit,
1538 5107 1576 5173 et
1591 5089 1835 5172 mandabitur
1851 5118 1984 5171 emau-

563 5217 661 5297 cioni
683 5219 976 5330 condempnacio
995 5221 1174 5327 predicta.

619 5348 781 5433 Sabbata
793 5351 970 5459 predicta.
