5817 7292
1054 1156 1325 1266 enormes
1353 1174 1417 1246 nr
1444 1154 1653 1247 procas.
1997 1178 2064 1249 151

641 1318 865 1396 conveniens
886 1334 924 1395 et
943 1346 1109 1397 securus.
1130 1319 1244 1407 Item,
1268 1344 1353 1394 cum
1381 1316 1471 1393 dicti
1490 1314 1656 1425 religiosi
1677 1312 1848 1392 dicerent
1869 1345 1909 1395 se
1929 1342 2010 1393 esse
2030 1318 2071 1393 in
2108 1330 2295 1398 sustinent,

640 1450 774 1527 saisina
795 1450 948 1559 justicie
974 1450 1166 1528 districtus
1190 1448 1312 1526 insule
1332 1446 1500 1555 predicte
1534 1448 1583 1525 de
1609 1462 1711 1523 extra
1737 1442 1989 1554 lorisburgos,
2016 1446 2071 1525 la·
2172 1422 2235 1466 Μ’

639 1599 723 1659 tuas
752 1582 933 1661 mulieres
959 1581 1103 1661 ibidem
1135 1579 1339 1688 capiendo,
1368 1578 1535 1688 fugando
1566 1596 1604 1656 et
1632 1577 1949 1686 imprisionando,
1981 1575 2071 1656 dicti

640 1714 771 1823 major,
795 1714 913 1823 jurati
939 1732 978 1793 et
1006 1713 1222 1815 communia
1245 1712 1346 1819 ipsos
1372 1706 1633 1817 impediebant
1661 1709 1702 1786 iu
1726 1707 1861 1786 saisina
1885 1737 1954 1786 sua
1983 1735 2069 1816 pre·

641 1845 755 1935 diota,
777 1862 822 1922 ut
840 1844 1032 1937 dicebant,
1054 1842 1236 1953 capiendo
1257 1872 1324 1921 seu
1344 1842 1425 1950 capi
1446 1841 1617 1920 faciendo
1642 1841 1683 1917 in
1704 1840 1876 1920 districtu
1897 1842 2069 1948 predicto

641 1977 757 2055 dictas
777 1975 898 2054 fatuas
922 1976 1122 2066 mulieres,
1148 1992 1399 2083 peterentque
1423 1972 1513 2052 dicti
1538 1972 1705 2082 religiosi
1733 1972 1880 2050 dictum
1910 1972 2072 2079 impedi-

640 2128 812 2189 mentum
840 2110 1024 2201 amoveri,
1057 2126 1096 2187 et
1121 2138 1186 2188 eos
1210 2110 1250 2186 in
1273 2108 1407 2186 saisina
1429 2107 1600 2214 predicta
1623 2106 1778 2213 pacilioe
1800 2105 1939 2197 teneri,
1962 2108 2072 2186 dictis

641 2242 802 2350 majore,
817 2244 952 2353 juratis
975 2258 1014 2320 et
1033 2240 1249 2319 communia
1272 2238 1505 2317 contrarium
1526 2238 1781 2317 asserentibus
1801 2254 1839 2315 et
1852 2236 2072 2345 petentibus

639 2368 686 2449 ab
702 2371 923 2481 hujusmodi
940 2400 980 2451 se
996 2370 1158 2451 absolvi:
1173 2373 1245 2449 Per
1257 2370 1361 2448 idem
1371 2370 1581 2480 judicium,
1599 2367 1744 2449 dictum
1761 2364 1834 2446 luit
1848 2366 1970 2447 dictos
1981 2368 2071 2447 reli-

637 2501 762 2608 giosos
785 2504 1039 2583 remanendos
1067 2504 1108 2581 in
1137 2503 1271 2582 saisina
1298 2502 1488 2609 capiendi,
1518 2500 1674 2611 fugandi
1703 2519 1741 2579 et
1768 2501 1999 2608 expellendi,
2030 2502 2070 2577 in

642 2632 813 2711 districtu
832 2663 901 2713 suo
924 2634 1115 2741 predicto,
1148 2634 1266 2711 dictas
1292 2632 1411 2710 fatuas
1432 2631 1625 2709 mulieres.
1654 2630 1755 2709 Dicti
1781 2649 1909 2707 tamen
1936 2632 2069 2738 major,

634 2762 749 2869 jurati
771 2782 810 2841 et
829 2766 1046 2843 communia
1059 2763 1314 2844 remanebunt
1327 2766 1367 2842 in
1386 2765 1522 2843 saisina
1538 2760 1727 2872 capiendi,
1747 2764 1903 2873 fugandi
1918 2765 2070 2843 easdem

643 2894 689 2970 de
709 2910 788 2971 tota
808 2896 1024 2973 communia
1041 2896 1227 3003 predicta,
1249 2893 1281 2973 si
1300 2895 1340 2973 in
1361 2895 1433 2972 hec
1451 2896 1694 3003 prevenerint
1712 2894 1907 3002 religiosos
1924 2893 2073 3001 predic·

639 3041 710 3102 tos.
734 3026 851 3117 Item,
874 3054 960 3104 eum
981 3027 1071 3106 dicti
1090 3023 1257 3138 religiosi
1282 3024 1454 3104 dicerent
1479 3054 1519 3104 se
1543 3026 1683 3105 esseio
1702 3026 1838 3104 saisina
1850 3025 2070 3135 justiciandi

640 3152 842 3234 familiares
870 3185 960 3235 suos
992 3156 1172 3236 cubantes
1202 3175 1241 3236 et
1268 3156 1433 3236 levantes
1463 3154 1559 3233 inlra
1580 3156 1766 3235 terminos
1792 3156 1892 3235 dicte
1916 3156 2071 3237 abbacie

640 3313 728 3375 sue,
757 3303 794 3364 et
818 3288 924 3394 quod
947 3288 1038 3367 dicti
1065 3289 1188 3397 major
1212 3305 1250 3366 et
1270 3288 1387 3398 jurati
1408 3289 1563 3365 eosdem
1590 3286 1851 3394 impediebant
1876 3286 1916 3364 in
1937 3286 2072 3367 saisina

638 3417 828 3524 predicta,
849 3418 1084 3527 adjumando
1107 3434 1144 3496 et
1160 3416 1379 3497 banniendo
1400 3415 1603 3497 familiares
1624 3446 1714 3497 suos
1732 3417 1942 3525 predictos,
1967 3438 2073 3525 pete·

639 3566 799 3658 rentque
829 3547 920 3627 dieti
948 3549 1115 3659 religiosi
1149 3550 1293 3629 dictum
1324 3549 1644 3656 impedimentum
1675 3550 1865 3640 amoveri,
1897 3551 2070 3659 dictaque

639 3680 970 3788 adjumamentum
996 3698 1033 3759 et
1057 3682 1227 3760 bannum
1246 3710 1315 3790 pro
1336 3679 1453 3759 nullis
1476 3679 1737 3789 pronunciari,
1760 3695 1856 3758 etse
1876 3680 1916 3756 in
1938 3682 2071 3758 saisina

640 3812 809 3916 predicta
823 3810 980 3919 pacifice
992 3814 1134 3906 teneri3
1154 3812 1315 3922 majore,
1331 3811 1467 3921 juratis
1487 3827 1527 3889 et
1545 3812 1762 3891 communia
1782 3811 1961 3918 predictis
1980 3840 2071 3888 con·

640 3942 799 4019 trarium
819 3942 1086 4038 asserentibus,
1114 3960 1158 4021 et
1176 3943 1396 4052 petentibus
1414 3942 1718 4051 ajomamentum
1739 3959 1777 4018 et
1795 3941 1965 4019 bannum
1983 3970 2071 4049 pre-
2091 4040 2099 4055 ·

643 4070 741 4150 dicta
755 4074 877 4150 teneri
894 4104 903 4151 :
924 4074 1113 4153 Paridem
1125 4074 1333 4184 judicium,
1351 4072 1515 4151 absoluti
1531 4073 1686 4151 luerunt
1702 4070 1793 4149 dicti
1810 4074 1940 4180 major,
1954 4074 2069 4181 jurati

642 4219 680 4280 et
709 4205 925 4281 communia
954 4205 1001 4283 ab
1025 4205 1247 4315 hujusmodi
1278 4204 1468 4313 peticione
1496 4203 1763 4314 religiosorum
1789 4201 2066 4309 predictorum,
2181 4314 2185 4320 Ι

641 4334 738 4413 salva
756 4334 866 4413 dictis
884 4334 1069 4443 religiosis
1086 4336 1263 4414 libertate
1281 4364 1351 4415 seu
1369 4334 1611 4421 immunitate
1633 4332 1922 4441 confugencium
1940 4335 1988 4412 ad
2008 4364 2071 4413 ec-

642 4465 792 4544 clesiam
818 4482 856 4543 et
880 4466 1018 4543 atrium
1041 4465 1276 4545 eorumdem.
1299 4467 1411 4561 Item,
1429 4494 1515 4543 eum
1539 4464 1629 4543 dieti
1649 4464 1815 4574 religiosi
1838 4464 2009 4543 dicerent
2028 4496 2068 4546 se

643 4597 782 4675 esseio
802 4596 938 4675 saisina
956 4596 1165 4703 reeipiendi
1185 4614 1223 4676 et
1241 4596 1389 4677 levandi
1415 4626 1486 4707 per
1502 4614 1628 4676 totum
1651 4596 1862 4675 districtum
1888 4596 1987 4676 dicte
2009 4599 2069 4675 in-

641 4728 741 4822 sule,
763 4729 809 4806 ab
829 4728 904 4808 hiis
918 4730 984 4837 qui
998 4727 1169 4808 vendunt
1187 4728 1332 4809 ibidem
1348 4757 1494 4809 merces
1507 4757 1573 4807 seu
1592 4727 1800 4807 denariatas
1815 4728 1855 4804 in
1870 4728 1986 4807 stallis
2001 4758 2069 4807 seu

642 4860 832 4950 fenestris,
849 4860 1017 4969 quinque
1033 4860 1209 4941 donarms
1223 4862 1396 4970 quolibet
1410 4888 1533 4953 anno,
1550 4860 1741 4950 videlieet,
1760 4860 1911 4939 infesto
1927 4862 2071 4961 Sancti·⁴

643 4992 803 5102 Remigii
822 5009 899 5073 tres
921 4992 1118 5088 denarios,
1140 4993 1181 5071 in
1200 4988 1572 5073 Nativitate'Domini
1591 5022 1712 5070 unum
1734 4993 1949 5082 denarium,
1971 5010 2010 5072 et
2029 4994 2070 5071 in

642 5123 817 5201 Paschate
837 5152 959 5203 unum
979 5124 1199 5216 denarium,
1221 5142 1261 5203 et
1278 5123 1452 5233 gagicndi
1473 5121 1692 5202 deficientes
1711 5124 1752 5201 in
1772 5122 1964 5204 solucione
1983 5152 2071 5231 pre·

642 5255 846 5347 dictorum,
868 5273 909 5334 et
920 5258 1025 5365 quod
1040 5257 1131 5335 dieti
1145 5254 1279 5364 major,
1291 5230 1408 5363 jurati
1424 5271 1464 5333 et
1481 5256 1694 5333 communia
1713 5254 1974 5363 impediebant
1987 5282 2070 5331 eos-

643 5386 731 5462 dem
745 5388 786 5463 in
803 5386 938 5467 saisina
956 5389 1139 5496 predicta,
1159 5405 1198 5465 ct
1215 5386 1396 5497 quasdam
1411 5384 1558 5494 prisias,
1576 5417 1669 5496 quas
1682 5386 1772 5465 dicti
1787 5386 1953 5493 religiosi
1971 5383 2070 5460 fece-

642 5530 725 5591 rant
736 5516 880 5595 ibidem
889 5535 1051 5625 propter
1062 5546 1209 5599 oausam
1225 5516 1450 5625 predictam,
1466 5516 1507 5594 in
1521 5546 1636 5595 manu
1647 5518 1759 5626 Regis
1772 5515 1860 5623 poni
1877 5514 2063 5605 fecerunt,
