5817 7292
856 1130 903 1205 58
1434 1132 1526 1208 Lss
1555 1133 1693 1207 OLlM.

626 1285 757 1338 Pfflfflrss
768 1285 811 1348 1v,
851 1292 976 1353 turum
995 1274 1166 1354 villarum
1187 1277 1439 1354 intencionem
1463 1296 1569 1354 mrem
1591 1274 1822 1352 sufficienter
1838 1275 2031 1380 probasse,
2052 1292 2092 1350 et
2104 1275 2271 1391 jusuipsis

688 1375 750 1417 1³⁰⁰.

853 1405 1075 1482 hominibus
1095 1397 1350 1484 hubitautibus
1370 1408 1408 1484 iu
1430 1407 1541 1484 dictis
1558 1406 1659 1482 villis
1677 1423 1891 1511 competere
1907 1404 2123 1511 pasturandi
2140 1407 2180 1480 in
2196 1405 2273 1482 dic

852 1536 900 1610 tis
917 1527 1135 1612 nemoribus
1148 1537 1285 1614 bestias
1303 1557 1404 1634 suas,
1418 1534 1594 1613 videlicet
1607 1557 1711 1612 vncos
1726 1536 1774 1612 sd
1789 1536 1965 1642 quintum
1983 1533 2137 1627 lolium,
2155 1561 2272 1642 equos

851 1685 937 1774 post
951 1668 1069 1745 dictos
1085 1669 1182 1746 duos
1197 1693 1315 1747 annos
1329 1671 1555 1775 completos,
1573 1687 1611 1745 et
1624 1670 1878 1745 communiter
1890 1668 2030 1745 bestius
2042 1694 2125 1744 suas
2140 1689 2272 1744 omnes

848 1801 950 1877 dicto
968 1817 1145 1904 tempore
1170 1801 1264 1878 nivis
1288 1817 1327 1876 et
1352 1801 1458 1877 omni
1486 1824 1587 1877 anno
1612 1800 1789 1905 predictis
1813 1798 1999 1877 Passionis
2018 1815 2056 1874 et
2074 1800 2273 1874 Resurrec-

848 1931 963 2006 tionis
992 1929 1140 2021 diebus,
1173 1931 1265 2007 dum
1294 1949 1422 2008 tumen
1449 1953 1527 2009 non
1554 1945 1747 2038 pasturent
1774 1931 1884 2007 dictis
1911 1948 2084 2036 tempore
2111 1929 2205 2005 nivis
2234 1945 2272 2004 et

848 2059 983 2136 diebus
1003 2078 1088 2137 ante
1103 2062 1279 2167 quintum
1296 2061 1449 2148 folium,
1466 2063 1572 2168 equis
1586 2060 1764 2167 predictis
1778 2060 1972 2137 dumtaxat
1988 2058 2161 2163 exceptis.
2182 2060 2272 2136 Fuit

848 2191 963 2267 eciam
996 2192 1194 2297 peridem
1221 2193 1410 2302 judicium
1441 2193 1672 2270 declaratum
1705 2190 1810 2296 quod
1837 2191 2013 2267 homines
2042 2187 2271 2265 habitatores

846 2321 931 2398 ville
952 2341 991 2400 st
1009 2315 1205 2428 parrochie
1227 2323 1274 2400 de
1295 2324 1427 2432 Chully
1441 2323 1579 2400 bestias
1597 2346 1700 2408 suas,
1718 2321 1956 2427 temporibus
1978 2335 2016 2394 et
2032 2318 2170 2395 diebus
2183 2345 2270 2424 pre-

728 2461 731 2468 '
847 2453 973 2543 dictis,
997 2455 1134 2530 ducere
1158 2471 1332 2560 poteraut
1357 2455 1405 2530 ud
1428 2451 1698 2560 pastumudum
1718 2451 1758 2526 in
1776 2450 1853 2527 illis
1871 2448 2092 2526 nemoribus
2110 2472 2186 2554 que
2206 2449 2272 2523 lra-
2394 2435 2399 2442 ’

845 2585 957 2660 behet
976 2585 1078 2660 idem
1095 2585 1204 2662 miles
1220 2601 1391 2691 tempore
1408 2585 1567 2690 predicti
1580 2582 1739 2690 judicati
1760 2603 1875 2688 super
1889 2580 2023 2658 saisina
2036 2577 2123 2654 facti
2138 2595 2177 2654 et
2192 2607 2270 2654 uon

846 2709 885 2789 in
908 2713 1127 2790 nemoribus
1146 2732 1276 2820 postea
1296 2715 1504 2819 acquisitis3
1526 2715 1653 2804 etsie,
1675 2737 1789 2818 super
1811 2713 1979 2816 hiisque
1998 2709 2150 2817 petebat
2170 2707 2272 2782 idem

846 2843 955 2920 miles
968 2861 1096 2921 contra
1110 2846 1211 2950 ipsos
1226 2844 1402 2923 homiues
1418 2837 1808 2934 dictarumuillarum,
1823 2841 1979 2917 luerunt
1992 2839 2063 2944 ipsi
2081 2839 2269 2925 homiues,

844 2975 1033 3082 peridem
1055 2976 1158 3052 curie
1179 2991 1305 3054 nostre
1320 2975 1527 3082 judicium,
1550 2973 1723 3051 absoluti.

902 3107 1032 3184 Mense
1051 3106 1195 3198 Marcii,
1217 3106 1370 3184 sabbato
1391 3123 1476 3211 post
1492 3105 1759 3183 Reminiscere.

900 3365 1029 3442 XXIII.
1060 3365 1233 3469 inquests
1259 3364 1360 3441 inter
1382 3365 1480 3443 cives
1505 3364 1749 3473 Ageunenses
1775 3379 1815 3439 et
1839 3361 2033 3439 ecclesiam
2057 3359 2270 3436 Sancti-Cs-

844 3496 955 3601 prssii
977 3495 1024 3572 de
1045 3493 1224 3600 Agonus,
1247 3495 1401 3571 remissa
1422 3512 1479 3573 est
1497 3496 1546 3573 ad
1564 3491 1813 3573 senescallum
1833 3508 1878 3568 ut
1894 3490 2063 3596 perficiat
2081 3505 2121 3566 et
2139 3489 2269 3565 remit-

843 3644 908 3704 tut.
937 3625 1123 3704 Cedulum
1146 3626 1268 3704 babeo
1293 3626 1341 3703 ds
1361 3628 1629 3706 commissione
1649 3642 1687 3704 et
1705 3626 1787 3731 ejus
1806 3621 2053 3699 renosacione
2071 3620 2165 3696 facte
2185 3635 2270 3724 post

843 3759 1137 3864 parlamentum,
1155 3775 1283 3862 postes
1301 3752 1373 3834 fuit
1386 3759 1501 3837 michi
1521 3777 1719 3868 reportate.

770 4059 773 4066 ¹
900 4015 1025 4098 XXIV.
1050 4023 1230 4128 ‘inquestu
1250 4020 1344 4099 facta
1366 4048 1480 4127 super
1498 4022 1633 4098 saisina
1650 4019 1800 4128 justicie
1818 4019 1865 4094 de
1888 4017 2010 4122 Lycus
2030 4014 2131 4090 inter
2149 4011 2271 4091 domi·

752 4139 757 4148 ⁴
845 4175 937 4228 num
964 4154 1103 4260 Regem
1125 4171 1165 4230 et
1187 4151 1360 4230 abbatom
1381 4170 1419 4232 ct
1439 4171 1663 4233 conventum
1689 4146 2005 4257 Sancti-Dyonisii
2030 4164 2184 4253 propter
2207 4147 2272 4222 de-

844 4283 985 4362 lectum
1007 4285 1296 4378 commissionis,
1318 4301 1357 4362 et
1376 4286 1464 4392 quie
1483 4309 1561 4362 non
1582 4283 1771 4360 invenitur
1787 4279 1881 4356 lactu
1896 4278 2011 4356 fuisse
2027 4277 2076 4354 de
2093 4276 2270 4353 mandato

844 4414 991 4491 domiui
1011 4417 1120 4524 Regis
1139 4433 1177 4493 et
1193 4433 1347 4523 propter
1365 4415 1453 4494 alias
1473 4431 1592 4494 certas
1612 4441 1759 4503 causas,
1777 4441 1845 4519 per
1859 4410 2047 4520 judicium
2062 4408 2167 4485 curie
2182 4406 2271 4484 esti

843 4544 889 4621 tit
909 4545 1092 4638 enulletag
1122 4546 1208 4624 etsi
1229 4547 1319 4624 dicti
1339 4545 1505 4653 religiosi
1530 4573 1644 4653 super
1663 4547 1736 4624 hoc
1755 4542 1899 4651 aliquid
1915 4559 2044 4647 petere
2061 4537 2267 4623 voluerint,

843 4677 981 4754 vocetis
1000 4677 1167 4783 partibus
1188 4679 1400 4773 audientur,
1425 4696 1465 4755 et
1485 4677 1551 4756 fiet
1569 4679 1643 4786 jus.

901 4809 1056 4887 Veneris
1070 4825 1154 4916 post
1171 4811 1437 4888 Reminiscere.

842 4975 846 4983 ·
901 4939 1007 5018 ldem
1035 4940 1179 5019 dictum
1211 4941 1283 5020 fuit
1310 4941 1358 5019 de
1384 4943 1556 5048 inquestu
1582 4943 1681 5019 inter
1708 4941 1826 5016 dictus
1851 4949 1974 5040 partes
1998 4953 2110 5035 super
2135 4925 2269 5002 saisina

840 5070 990 5176 justicie
1007 5072 1055 5148 de
1075 5072 1191 5180 Couy.
1224 5111 1230 5118 ·

843 5259 846 5268 .
900 5199 1006 5279 idem
1031 5203 1174 5281 dictum
1204 5203 1277 5280 luit
1303 5203 1351 5280 de
1378 5204 1550 5311 inquesita
1573 5203 1667 5280 lacta
1696 5201 1794 5277 inter
1823 5197 1975 5274 easdem
2007 5207 2131 5299 partes
2157 5213 2271 5294 super

844 5330 1074 5414 messoribus
1093 5337 1142 5412 de
1159 5335 1280 5442 Sergi.

903 5467 992 5543 Istas
1010 5457 1095 5544 tres*
1107 5466 1297 5570 inquestas
1311 5463 1399 5542 lecit
1415 5467 1499 5544 fieri
1518 5463 1748 5544 Guillclmus
1765 5459 1814 5536 de
1828 5459 2034 5565 Hangesto,
2051 5471 2143 5530 tunc
2160 5448 2272 5527 balli·
