5817 7292
1041 1099 1308 1210 rsontrrs
1332 1122 1396 1195 rr
1422 1105 1627 1198 raoobs.
1972 1127 2046 1200 soa

624 1263 663 1340 iu
681 1288 757 1368 quo
777 1276 857 1341 erat
875 1276 1045 1367 tempore
1065 1260 1319 1368 opposicionis
1335 1261 1569 1369 supradicte3
1591 1295 1612 1342 a
1631 1263 1738 1372 cujus
1752 1263 1938 1372 judicato,
1957 1283 2050 1344 tam·
2087 1273 2218 1328 rmum
2230 1275 2274 1340 ll»

623 1419 737 1498 quam
754 1420 777 1468 a
790 1389 883 1468 falso
899 1409 939 1470 et
952 1419 1084 1498 pravo,
1098 1391 1188 1469 dicti
1202 1391 1395 1472 Rolandus
1410 1410 1449 1472 et
1462 1395 1543 1502 ejus
1557 1422 1651 1477 uxor
1664 1394 1713 1471 ad
1725 1411 1893 1473 nostram
1907 1396 2047 1474 curiam
2149 1366 2212 1410 ’Μ’

624 1521 862 1629 appellarunt
878 1553 887 1598 :
903 1521 1001 1601 Visis
1016 1521 1133 1630 igitur
1146 1522 1384 1630 processibus
1402 1524 1615 1618 antedictis,
1633 1553 1703 1633 per
1720 1525 1825 1602 curie
1843 1542 1971 1603 nostre
1986 1527 2047 1633 ju·

624 1652 784 1743 dicium,
803 1651 948 1730 dictum
957 1652 1030 1733 lavit
1043 1653 1259 1760 predictum
1271 1654 1453 1733 ballivum
1467 1656 1566 1734 bene
1577 1655 1786 1764 judicasse,
1802 1671 1842 1732 et
1859 1654 2050 1762 predictos

624 1782 804 1894 conjuges
822 1783 921 1862 male
942 1783 1164 1891 appellasse,
1186 1802 1226 1865 et
1244 1786 1349 1892 quod
1367 1786 1438 1894 ipsi
1458 1788 1531 1865 boc
1551 1785 1821 1866 emendabunt.

678 1915 877 1994 Dominica
898 1932 984 2022 post
1000 1915 1228 1994 Catbedram
1249 1918 1365 1994 sancti
1385 1917 1499 1996 Petri.

680 2044 786 2123 Greci
805 2047 1020 2152 reportavit.

678 2307 786 2388 XLV.
814 2307 913 2386 Cum
932 2307 980 2386 lis
1003 2323 1108 2386 mota
1129 2305 1263 2386 fixisset
1287 2337 1413 2387 coram
1432 2308 1625 2416 preposito
1646 2306 1747 2386 lurni
1766 2309 1928 2417 episcopi
1948 2309 2051 2385 Pari-

623 2436 773 2526 siensis,
794 2465 972 2544 supereo
992 2437 1098 2544 quod
1116 2437 1292 2516 Nicolaus
1309 2439 1346 2517 le
1361 2438 1535 2532 Tuillim,
1552 2468 1623 2518 suo
1644 2457 1683 2518 et
1694 2439 1838 2518 tutorio
1858 2467 1925 2518 seu
1946 2468 2050 2517 cura-

622 2567 721 2646 torio
736 2567 892 2646 nomine
907 2566 1050 2646 belone
1065 2585 1105 2646 et
1120 2569 1329 2659 Esmelote,
1342 2569 1507 2648 filiarum
1528 2569 1696 2650 defuncti
1705 2568 1864 2649 Gniardi
1879 2571 2046 2662 Bemaut,

624 2715 754 2776 contra
770 2699 925 2776 Petrum
945 2697 994 2776 dc
1011 2698 1300 2787 Sancta-Cruce,
1321 2698 1484 2776 militem
1503 2715 1694 2788 nostrum,
1711 2698 1863 2805 petebat
1881 2728 2049 2805 pronun-

624 2827 714 2906 ciari
733 2855 790 2920 se,
805 2855 884 2934 quo
903 2855 1015 2933 supra
1031 2826 1207 2920 nomine,
1218 2828 1284 2935 jus
1298 2826 1439 2904 habere
1454 2828 1690 2935 percipiendi
1704 2827 1893 2935 sexaginta
1907 2827 2049 2906 solidos

624 2986 758 3038 census
776 2957 890 3036 annui
908 2956 1083 3036 redditus
1101 2985 1217 3064 super
1235 2955 1398 3064 quadam
1412 2959 1546 3048 domo,
1564 2958 1633 3036 sita
1647 2957 1824 3049 Parisios,
1841 2957 1880 3033 in
1890 2958 1969 3036 vico
1983 2960 2048 3065 qui
2063 2937 2082 3038 s

625 3090 765 3168 dicitnr
782 3087 885 3167 vicus
904 3088 1053 3167 comitis
1067 3087 1354 3177 Attrebatensis,
1376 3089 1551 3196 contigua
1571 3088 1702 3167 domui
1723 3089 1889 3196 magistri
1910 3089 2049 3167 loban-

619 3219 683 3298 'nis
698 3218 748 3296 de
762 3217 984 3310 Meleduno,
997 3246 1113 3325 quam
1130 3218 1253 3296 dictus
1268 3217 1380 3296 miles
1395 3218 1615 3324 possidetis
1629 3219 1812 3323 presenti,
1828 3216 2048 3324 dictumque

624 3349 783 3428 militem
796 3350 1033 3458 minusjuste
1045 3347 1311 3427 contradixisse
1321 3377 1370 3426 ne
1383 3347 1923 3456 dictusc'uratorpignora,sivc
1935 3366 2048 3426 nanta

624 3507 755 3588 capere
774 3496 901 3586 posset
920 3479 961 3556 in
977 3477 1077 3556 dicta
1089 3479 1222 3568 domo,
1238 3506 1306 3584 pro
1326 3477 1477 3556 defectu
1496 3477 1700 3558 solucionis
1716 3505 1850 3556 census
1868 3478 2045 3583 predicti,

624 3611 775 3719 cognito
794 3612 842 3688 de
863 3610 962 3687 dicta
983 3637 1107 3698 causa,
1128 3609 1253 3688 dictus
1272 3609 1484 3716 prepositus
1503 3609 1763 3715 pronunciavit
1782 3608 1927 3688 dictum
1942 3608 2049 3686 Nico·

624 3740 743 3828 laum,
762 3739 983 3817 nominibus
1002 3739 1142 3846 quibus
1160 3767 1291 3846 supra,
1309 3738 1449 3816 habere
1464 3739 1529 3847 jus
1544 3738 1777 3846 percipiendi
1796 3739 1941 3816 dictum
1960 3767 2047 3816 cen-

480 3881 485 3891 ‘
625 3870 774 3945 eumin
800 3870 915 3946 domo
940 3869 1124 3974 predicta,
1154 3867 1376 3976 dictumque
1402 3868 1562 3946 militem
1588 3865 1756 3946 indebite
1781 3868 2046 3948 contradixisse

626 3998 842 4104 capcioncm
862 3997 1068 4106 pignorum
1090 4017 1246 4106 propter
1269 3998 1461 4078 delectum
1485 3998 1691 4077 solucionis
1716 4025 1848 4076 census
1867 3997 2046 4104 predicti;

626 4155 739 4234 quam
759 4128 915 4234 quidem
935 4130 1164 4206 sentenciam
1184 4130 1299 4237 peciit
1317 4130 1441 4207 dictus
1460 4129 1569 4206 miles
1592 4157 1661 4236 per
1678 4127 1859 4205 ballivum
1880 4129 2047 4235 episcopi

626 4257 843 4342 Parisiensis
861 4260 1074 4350 emendari,
1090 4260 1156 4367 qui
1172 4259 1349 4349 ballivus,
1366 4260 1445 4338 viso
1461 4260 1562 4338 dicto
1578 4285 1772 4366 processu,
1789 4258 2049 4365 pronunciavit

627 4388 764 4466 dictam
785 4388 1015 4466 sentenciam
1034 4390 1303 4469 emendacione
1325 4390 1543 4470 nullatenus
1564 4390 1749 4498 indigere3
1775 4419 1795 4465 a
1819 4390 1927 4497 cujus
1942 4389 2047 4496 judi·
2111 4447 2114 4454 a

627 4535 726 4606 cato,
746 4535 939 4624 tamquam
958 4518 1052 4597 falso
1072 4537 1111 4598 et
1132 4549 1260 4628 pravo,
1287 4521 1410 4600 dictus
1429 4521 1541 4600 miles
1560 4520 1608 4599 ad
1634 4539 1801 4599 nostram
1821 4519 1963 4597 curiam
1984 4549 2048 4624 ap-

626 4648 904 4755 pellavit:Visis
914 4643 1031 4756 igo‘tur
1041 4648 1278 4756 processibus
1291 4652 1504 4742 antedictis,
1517 4679 1586 4758 per
1597 4651 1699 4729 curie
1708 4667 1836 4729 nostre
1844 4649 2044 4758 judicium,

626 4778 770 4860 dictum
790 4779 863 4858 fuit
880 4779 1094 4886 predictum
1118 4779 1297 4859 ballivum
1317 4782 1417 4859 benc
1430 4783 1636 4891 judicasse,
1659 4800 1696 4861 et
1717 4781 1860 4860 dictum
1886 4781 2046 4860 militem

626 4910 724 4992 male
736 4910 958 5018 appellasse,
971 4909 1119 5018 luitque
1131 4911 1275 4990 dictum
1283 4911 1497 5019 judicatum
1511 4913 1637 4992 ballivi
1650 4912 1807 5020 predicti
1824 4912 2045 5019 porcariam

626 5041 902 5122 confirmatam.
919 5042 1032 5121 Curia
1050 5043 1168 5121 tacuit
1185 5042 1234 5120 de
1253 5041 1425 5120 emenda.

681 5172 880 5252 Dominica
898 5173 1076 5280 predicta.

682 5303 788 5385 Greci
808 5304 1021 5409 reportavit.
