5817 7292
865 1082 939 1151 210
1443 1075 1535 1148 LES
1565 1073 1707 1148 OLlM.

637 1239 770 1293 Pmcnrs
781 1232 824 1299 lv.
866 1235 1090 1296 mercatores
1103 1214 1395 1294 Cathalanenses
1413 1232 1600 1294 eteorum
1616 1231 1807 1296 consortes
1823 1214 2065 1322 requirebant
2080 1221 2184 1326 quod
2198 1253 2289 1330 pan-

699 1329 761 1371 ¹³⁰⁶'
864 1352 921 1439 ni,
948 1377 1044 1458 quos
1068 1363 1210 1426 emerat
1234 1345 1356 1423 dictus
1380 1345 1614 1424 Percevallus
1635 1347 1736 1452 apud
1758 1346 1994 1438 Laudiciuru,
2019 1366 2058 1426 et
2082 1349 2289 1462 dequibus

863 1481 942 1587 ipse
959 1481 1133 1556 inventus
1151 1476 1275 1554 luerat
1284 1475 1450 1568 saisitus,
1463 1477 1528 1582 qui
1546 1479 1663 1553 eciam
1679 1477 1825 1555 reducti
1841 1475 1997 1556 luerunt
2008 1478 2055 1556 de
2076 1480 2291 1592 longinquis

862 1612 1031 1720 partibus
1058 1609 1160 1717 apud
1186 1607 1409 1696 Pruvinum,
1432 1607 1568 1684 virtute
1597 1607 1860 1684 mandatorum
1887 1608 2074 1688 dictomm
2097 1615 2291 1722 magistro·

862 1772 964 1835 rum,
995 1742 1097 1818 dicto
1122 1736 1334 1816 Pcrcevallo
1361 1738 1401 1813 in
1422 1736 1509 1843 luga
1538 1737 1739 1828 existente,
1764 1737 2017 1816 venderentur
2040 1758 2079 1818 et
2108 1746 2291 1849 explecta-

862 1891 1005 1960 rentur,
1017 1871 1230 1949 secundum
1244 1867 1453 1975 privilegia,
1468 1895 1560 1945 usus
1580 1883 1618 1946 et
1634 1867 1928 1948 consuetudines
1947 1870 2132 1952 dictarum
2152 1876 2289 1954 nundi-

863 2033 1015 2092 narum,
1037 2030 1107 2110 pro
1129 1999 1267 2078 debitis
1288 1998 1487 2076 contractis
1513 1998 1553 2076 in
1577 1998 1687 2077 dictis
1706 1997 1888 2078 nundinis
1905 2003 2157 2106 acquirendis,
2178 2005 2290 2086 dictis

864 2135 1137 2214 mercatoribus
1161 2133 1227 2239 qui
1243 2129 1498 2210 vendiderunt
1521 2129 1641 2208 dictos
1666 2158 1810 2236 pennos
1834 2159 1922 2211 suos
1945 2133 2045 2238 apud
2066 2135 2286 2216 Londinium

864 2268 904 2344 in
925 2264 1155 2346 contrarium
1173 2260 1390 2369 petentibus
1408 2259 1531 2338 dictos
1550 2287 1693 2366 pannos
1712 2261 1783 2340 sibi
1803 2259 1928 2351 reddi,
1950 2289 2037 2340 cum
2058 2263 2143 2368 ipsi,
2166 2283 2210 2344 ut
2230 2267 2289 2346 di·

864 2399 1014 2489 cebant,
1038 2394 1280 2474 vendiderint
1305 2408 1343 2468 et
1364 2390 1595 2468 tradiderint
1616 2390 1740 2470 dictos
1764 2419 1910 2498 pannos
1934 2392 2038 2472 dicto
2059 2395 2286 2488 Peroevallo,

859 2531 965 2638 juxta
984 2555 1096 2606 usum
1117 2543 1155 2604 et
1174 2521 1489 2602 consuetudinem
1510 2521 1600 2600 dicti
1619 2522 1804 2612 Lsndieii,
1826 2522 1999 2603 nondum
2019 2525 2074 2607 eis
2094 2524 2143 2604 de
2162 2530 2288 2631 precio

864 2659 1067 2749 satisfacto,
1088 2675 1172 2733 tum
1198 2656 1289 2762 quia
1309 2654 1400 2732 dicti
1422 2653 1559 2760 panni,
1581 2653 1721 2732 venditi
1742 2653 1782 2731 in
1806 2653 1909 2732 dicto
1929 2655 2127 2744 Laudicic,
2149 2658 2289 2738 inventi

865 2792 1021 2869 fuerunt
1038 2788 1175 2895 integri
1193 2805 1230 2865 et
1250 2788 1289 2864 in
1315 2813 1430 2864 manu
1459 2785 1549 2864 dicti
1575 2785 1792 2876 Percevalli,
1814 2785 2018 2892 allegantes
2037 2815 2128 2867 usus
2145 2803 2184 2866 et
2202 2818 2289 2870 con-

865 2922 1086 2999 suetudines
1110 2918 1369 2997 nundinarum
1393 2919 1427 3022 (r
1443 2917 1475 3021 r)
1501 2915 1597 2994 tales
1621 2915 1843 3024 essequod,
1865 2917 2020 3023 quando
2043 2937 2226 3000 mercator
2244 2921 2290 3000 sb

866 3052 941 3129 alio
966 3067 1192 3140 mercatore,
1219 3067 1320 3126 extra
1343 3071 1482 3155 corpus
1504 3047 1762 3128 nundinarum
1785 3049 2008 3154 Campanie,
2033 3050 2128 3129 emit
2149 3051 2292 3158 aliquas

867 3199 1095 3260 mercaturas
1107 3197 1146 3257 et
1162 3179 1259 3286 lugit
1270 3207 1359 3256 cum
1373 3178 1520 3256 eisdem
1531 3177 1707 3258 noudum
1722 3179 1769 3256 de
1782 3179 1909 3286 precio
1925 3179 2128 3272 satisfacto,
2145 3183 2175 3262 si
2190 3183 2290 3264 dicte

867 3329 1076 3390 mercature
1091 3312 1239 3388 invente
1253 3309 1411 3386 fvrerum
1424 3309 1588 3417 integre,
1609 3337 1687 3386 non
1702 3309 1742 3386 iu
1759 3308 1870 3388 aliam
1885 3337 2084 3415 personam
2096 3312 2289 3400 unuslate,

867 3443 1014 3520 restitui
1045 3439 1187 3518 debent
1206 3440 1485 3530 venditoribus,
1517 3469 1594 3518 non
1620 3439 1791 3520 obstante
1817 3440 1922 3547 quod
1950 3439 2073 3519 dictus
2098 3439 2290 3548 lugittivns

867 3575 917 3650 sit
935 3571 1018 3650 aliis
1039 3571 1313 3650 mercatoribus
1337 3571 1386 3649 de
1408 3599 1566 3677 corpore
1587 3569 1841 3650 nundinarum
1860 3569 2065 3678 Campanis
2083 3569 2287 3679 obligatus,

868 3720 907 3782 et
924 3706 1032 3812 quod
1044 3704 1151 3792 alias,
1169 3704 1210 3779 in
1228 3731 1315 3780 casu
1326 3701 1457 3792 simili,
1470 3701 1545 3779 luit
1555 3701 1722 3781 totaliter
1733 3731 1800 3810 per
1814 3701 1956 3780 dictam
1971 3704 2288 3788 consucuadinem

864 3834 1101 3940 judicatum,
1122 3834 1299 3926 tandem,
1320 3831 1459 3910 auditis
1483 3831 1697 3910 racionibns
1719 3830 2066 3938 utriusquepartis,
2093 3831 2182 3910 dicti
2206 3864 2291 3914 cns·

868 3965 996 4053 rodes,
1023 3994 1092 4072 per
1113 3994 1226 4043 suum
1242 3963 1450 4072 judicium,
1474 3964 1816 4071 pronunciaverunt
1841 3963 1960 4044 dictos
1983 3992 2127 4069 pannos
2153 3963 2291 4045 debere

869 4097 981 4172 vendi
1002 4126 1070 4204 pro
1092 4097 1229 4174 debitis
1257 4095 1515 4174 nundinarum
1536 4094 1740 4200 Campanis
1761 4094 2020 4200 ecquittandis.
2045 4095 2173 4202 Aquo
2190 4097 2292 4202 judi-

871 4245 968 4315 cato,
985 4246 1165 4334 tanquam
1185 4257 1206 4304 a
1224 4227 1317 4305 lalso
1339 4245 1377 4303 et
1399 4255 1529 4332 pravo,
1554 4241 1779 4304 mercatores
1796 4225 1953 4333 predicti
1976 4227 2023 4304 de
2044 4227 2224 4306 hndjeic
2245 4227 2291 4302 ad

870 4373 1035 4433 nostram
1055 4359 1197 4434 curiam
1218 4358 1474 4465 appellarunt,
1495 4354 1732 4463 processibus
1750 4356 1866 4464 igitur
1881 4384 1997 4462 super
2016 4360 2089 4435 hoc
2108 4355 2211 4434 lactis
2232 4386 2292 4434 co-

870 4515 950 4561 ram
976 4486 1086 4563 dictis
1112 4490 1334 4566 custodibus
1355 4489 1403 4566 ad
1430 4503 1596 4564 nostram
1625 4487 1767 4563 curiam
1793 4488 1931 4576 missis,
1959 4505 1997 4563 et
2016 4489 2068 4564 eis
2089 4488 2192 4576 visis,
2215 4516 2290 4564 non

870 4633 1079 4721 potuerunt
1105 4617 1196 4692 dicti
1219 4646 1432 4723 processus,
1454 4634 1610 4723 propter
1634 4616 1780 4724 aliquos
1806 4615 1975 4696 delectus
2003 4616 2041 4694 in
2059 4615 2206 4698 ‚eisdem
2231 4643 2291 4692 re-

871 4764 1021 4849 pertos,
1044 4745 1224 4855 judicari3
1251 4765 1406 4854 pmpter
1428 4747 1533 4853 quod
1553 4748 1814 4826 commisimus
1838 4746 1951 4824 cortis
1966 4743 2206 4827 auditoribus
2229 4763 2288 4835 ut,

871 4905 986 4984 super
1005 4876 1172 4956 articulis
1193 4877 1376 4956 dictarum
1388 4878 1561 4985 parcium
1582 4895 1620 4959 et
1636 4875 1972 4958 consuetudinibus
1990 4875 2079 4956 hinc
2096 4875 2185 4954 inde
2202 4875 2292 4956 alle·

867 5009 983 5113 gatis,
1008 5008 1146 5087 vocatis
1170 5011 1362 5116 partibus,
1388 5009 1540 5115 plenius
1567 5010 1806 5118 inquirerent
1823 5007 2043 5087 veritatem:
2063 5007 2162 5088 Visis
2178 5008 2294 5115 igitur

872 5140 1043 5246 utrisque
1063 5143 1321 5247 processibus,
1341 5158 1418 5219 tam
1446 5141 1647 5220 custodum
1668 5141 1925 5220 nundinarum
1951 5139 2155 5246 Campanis
2178 5167 2291 5244 quom

870 5272 991 5353 eciam
1011 5272 1227 5351 auditorum
1242 5273 1521 5379 predictorum,
1541 5273 1830 5379 pronunciatum
1843 5269 1935 5359 luit,
1956 5300 2024 5378 per
2042 5269 2146 5352 curie
2166 5286 2291 5348 nostre

868 5403 1075 5508 judicium,
1102 5403 1223 5482 dictos
1251 5403 1426 5482 custodes
1449 5403 1547 5482 male
1568 5403 1772 5510 judicasse,
1799 5419 1836 5481 et
1852 5402 1979 5488 dictos
1999 5417 2222 5486 mercatores
2245 5401 2291 5481 de
