5817 7292
1017 1080 1283 1191 nnousrns
1309 1098 1372 1171 nr
1399 1082 1607 1173 esoces.
1945 1103 2019 1176 eas

659 1240 720 1317 lll.
750 1242 847 1322 Cum
861 1240 1085 1321 senescallus
1100 1238 1411 1347 Petregoricensis
1423 1237 1656 1317 bernardum
1674 1236 1846 1326 Arnaldi,
1860 1240 2023 1319 Gaillar·
2059 1256 2188 1310 rueme
2201 1257 2244 1314 η’.

604 1369 696 1447 dum
712 1370 758 1449 de
770 1372 914 1461 Penne,
929 1370 1079 1461 fratres,
1097 1388 1134 1449 et
1151 1399 1282 1449 eorum
1301 1386 1508 1457 consortes,
1523 1366 1693 1457 clericos,
1711 1394 1782 1472 pro
1794 1370 2020 1473 quibusdam
2120 1346 2184 1391 '⁸⁰⁹'

605 1503 816 1581 excessibus
835 1502 1070 1581 denuncietis
1089 1516 1214 1580 contra
1239 1500 1353 1607 ipsos,
1379 1502 1418 1577 in
1444 1497 1555 1584 certis
1579 1498 1824 1604 pecuniarum
1847 1502 2019 1590 scammis,

604 1647 681 1707 tam
695 1635 803 1713 nobis
817 1663 929 1741 quam
952 1631 1285 1711 denuntiatoribus
1304 1630 1508 1715 solvendis,
1529 1629 1805 1707 sentencialiter
1819 1628 2023 1736 condemp

606 1780 744 1855 nasset,
767 1764 1007 1843 decernendo
1025 1764 1124 1843 boue
1146 1764 1313 1870 ipsorum
1333 1758 1472 1839 debere
1495 1759 1615 1835 teneri
1632 1775 1672 1835 et
1685 1757 1884 1865 expleetari
1902 1786 2023 1867 usque

604 1896 652 1973 ad
663 1896 949 1976 satisfactionem
964 1893 1317 2001 condempnacionis
1327 1891 1496 1998 predicte
1509 1906 1547 1967 et
1556 1888 1626 1995 ipsi
1641 1890 1690 1965 ad
1702 1890 1844 1966 curiam
1858 1909 2024 1969 nostram
2145 1878 2148 1881 ’

604 2054 720 2134 snper
731 2024 1082 2134 boc—appellassent,
1100 2023 1140 2099 in
1157 2049 1266 2101 cerna
1285 2022 1387 2099 dicte
1398 2018 1680 2127 appellscionis,
1697 2019 1825 2125 plnres
1837 2022 2021 2112 raciones,

605 2160 643 2235 in
659 2174 785 2237 nostra
801 2157 917 2244 curia,
933 2155 982 2234 ed
996 2155 1113 2233 linem
1129 2152 1323 2230 anullandi
1340 2152 1477 2229 dictam
1492 2151 1739 2240 sentenciam,
1753 2146 2021 2257 proponendos

603 2314 679 2395 quo
704 2286 840 2367 debete
860 2286 1049 2395 pendente
1069 2302 1171 2363 extra
1188 2282 1307 2362 nostri
1329 2310 1515 2361 cumeram
1534 2281 1774 2387 parlamenti,
1795 2300 1920 2361 nosue
1943 2284 2024 2362 lue-

602 2436 691 2496 mnt
708 2419 862 2497 obtente
883 2416 1024 2505 littere,
1047 2412 1281 2493 continentes
1301 2414 1407 2522 quod
1425 2412 1594 2521 predicta
1611 2414 1907 2521 condempnaeio
1920 2444 2024 2508 mars

603 2530 757 2629 deretur
774 2547 1008 2636 exeeuoioni3
1029 2572 1190 2653 querum
1211 2544 1476 2623 escensionem
1490 2561 1620 2649 postes
1636 2545 1814 2650 suspendi
1833 2545 2023 2625 mandavi·

603 2707 832 2787 mucusque
858 2680 905 2757 ed
928 2704 1083 2784 presens
1105 2676 1405 2781 parlamentumc
1432 2675 1621 2765 Tandem,
1647 2674 1748 2753 dicto
1771 2700 1949 2781 processu
1973 2680 2022 2755 ad

602 2794 930 2890 nosrauileuriam
953 2822 1159 2913 reportato,
1181 2822 1220 2883 et
1239 2804 1371 2881 audita·
1382 2804 1571 2881 relacione
1590 2806 1842 2911 quorumdam
1863 2808 1911 2885 de
1931 2836 2021 2886 con-

601 2942 751 3023 siliariis
763 2939 915 3032 nocuis,
933 2962 1059 3047 coram
1074 2934 1215 3043 quibus
1234 2935 1378 3013 dictum
1393 2935 1594 3042 negocium
1607 2935 1728 3014 extitit
1740 2936 1936 3045 agitatum,
1954 2965 2023 3045 per

602 3072 704 3153 curie
722 3088 848 3151 nostre
864 3067 1073 3176 judicium,
1092 3066 1393 3173 condempneris
1402 3054 1579 3171 predicte
1589 3083 1630 3143 et
1647 3093 1691 3144 ea
1707 3088 1784 3173 que
1807 3066 1942 3145 exinde
1961 3096 2020 3145 se-
2106 3134 2110 3143 .

600 3219 699 3311 qute·
715 3216 818 3290 sunt,
839 3197 995 3277 luerunt
1019 3196 1187 3274 totaliter
1210 3196 1388 3288 enullote,
1416 3212 1454 3272 et
1474 3196 1650 3301 precepit
1669 3196 1773 3273 ouria
1796 3195 1909 3302 quod*
1922 3198 2021 3277 bone

602 3359 750 3421 eorum,
770 3345 927 3437 propter
945 3328 1021 3405 boc
1037 3342 1158 3431 capta,
1181 3349 1227 3403 es
1244 3324 1392 3433 integro
1410 3325 1618 3410 reddantur
1639 3326 1795 3404 eisdem.

646 3462 756 3543 doris
774 3478 859 3569 post
877 3458 1029 3537 ortubus
1047 3452 1268 3563 Epiphanio.

655 3728 730 3805 xlt
759 3726 856 3805 Cum
872 3723 977 3811 elias,
998 3748 1067 3829 per
1080 3719 1268 3828 judicium
1288 3718 1392 3795 curie
1410 3735 1555 3806 nostre,
1575 3717 1768 3795 anulletus·
1782 3717 1914 3798 ltn'sset
1935 3723 2021 3827 qui-

601 3856 688 3932 dam
711 3874 906 3961 processus
929 3876 1054 3931 eorem
1082 3848 1280 3956 preposito
1299 3847 1513 3935 Parisiensi,
1539 3872 1655 3951 super
1674 3847 1902 3952 proprietate
1928 3872 2020 3953 qua-

599 3984 773 4063 rumdem
799 3985 1018 4073 domorum,
1039 3980 1193 4057 sitarum
1217 3976 1394 4067 Parisios,
1418 3975 1562 4057 invice
1586 3976 1651 4082 qui
1676 3975 1818 4053 dicitur
1834 3975 1941 4055 rictus·
1954 3978 2020 4055 Ata

598 4112 836 4202 trebatensis,
852 4111 1003 4191 babitans
1014 4110 1113 4187 inter
1123 4110 1276 4187 Petrum
1290 4109 1342 4187 de
1350 4107 1496 4215 Gpemo
1509 4124 1549 4184 et
1559 4105 1732 4195 Mariano,
1749 4105 1831 4214 ejus
1846 4134 2018 4198 nomm,

599 4260 765 4351 agentes,
784 4262 828 4320 etr
848 4266 924 4319 nne
939 4259 1061 4349 parte,
1080 4257 1118 4318 et
1132 4240 1343 4319 Jobannem
1360 4238 1407 4317 de
1424 4236 1645 4328 llleledune,
1666 4234 2021 4329 delendentem,‚es

599 4374 732 4465 altera,
754 4374 931 4480 dictique
942 4373 1119 4482 conjuges
1138 4372 1297 4479 graciem
1316 4386 1614 4477 impeuassenta
1634 4363 1759 4457 nobis,
1777 4367 1882 4475 quod
1899 4367 2020 4447 dietus

598 4530 795 4613 processus
810 4505 943 4583 iterato
962 4502 1155 4581 videretur
1170 4534 1179 4579 ε
1194 4486 1284 4582 Viso
1298 4501 1414 4612 igitur
1427 4502 1583 4589 iterum,
1603 4500 1650 4578 ed
1666 4499 1885 4578 instanciam
1901 4497 2021 4577 dicto

598 4660 684 4715 rum
706 4636 927 4744 conjugum,
953 4660 1130 4743 processu
1150 4633 1336 4741 predicto,
1362 4648 1400 4711 et
1422 4631 1566 4711 auditis·
1581 4654 1695 4738 super
1715 4631 1799 4731 hoc·
1809 4629 2022 4711 nacionibus

597 4766 766 4873 parcium
784 4766 1056 4874 predictarum,
1078 4792 1148 4873 per
1169 4766 1278 4843 curie
1295 4780 1421 4841 nostre
1436 4754 1642 4872 judicium,
1664 4762 1809 4839 dictum
1828 4759 1901 4837 luit
1917 4761 2022 4867 prod

597 4897 645 4974 ed
672 4897 848 4977 articrdos
874 4896 964 4975 dicti
986 4924 1198 5005 processus,
1229 4895 1367 5003 quibus
1393 4893 1604 5002 reperietur
1626 4920 1705 4970 non
1728 4892 1842 4969 baisse
1866 4918 2022 4997 respon·

596 5055 698 5119 sum,
719 5026 1010 5135 respondebitur
1029 5025 1240 5115 hincinde,
1259 5041 1297 5102 et
1311 5024 1416 5133 quod
1434 5039 1550 5102 testes
1569 5050 1690 5130 super
1699 5023 1844 5131 negetis
1856 5020 2022 5101 articulis

596 5158 774 5265 predictis
793 5159 978 5237 dictarum
995 5157 1181 5265 parcium,
1202 5183 1316 5263 super
1334 5155 1472 5262 quibus
1491 5152 1684 5261 apparebit
1704 5154 1811 5262 ipsos
1823 5154 2023 5259 interroga·

597 5306 655 5367 tos
675 5317 752 5367 non
770 5288 901 5379 luisse,
926 5289 1063 5367 iterato
1088 5286 1410 5375 esanaincbuntur,
1434 5284 1718 5363 remanentibus
1734 5300 1863 5361 umen
1885 5281 1926 5357 in
1950 5309 2020 5359 suo

598 5418 719 5496 valore
744 5418 914 5526 capitulis
939 5420 1020 5497 aliis
1041 5419 1131 5498 dicti
1152 5446 1348 5525 processus
1373 5443 1498 5495 coram
1521 5414 1621 5495 dicto
1640 5414 1831 5523 preposito
1852 5410 2017 5522 sginum
