5817 7292
1019 1004 1289 1111 evonerns
1315 1018 1380 1095 nr
1406 1005 1614 1100 esoces.
1948 1022 2019 1095 om

605 1161 749 1239 vivebat
764 1177 803 1237 et
816 1188 892 1270 quo
911 1161 1087 1249 decessit,
1104 1162 1257 1241 tenebat
1272 1181 1308 1241 et
1326 1165 1556 1269 possidebat,
1573 1183 1767 1273 tamquam
1787 1194 1899 1242 suum
1914 1164 2024 1270 patri·
2062 1171 2192 1225 enimn
2203 1172 2247 1235 tv,

547 1314 557 1339 ·
606 1292 776 1377 monium
793 1292 1004 1399 proprium,
1025 1307 1064 1368 et
1080 1290 1238 1369 eandem
1254 1323 1460 1407 masuram,
1478 1325 1564 1374 cum
1582 1297 1658 1374 suis
1671 1294 1929 1400 pertinenciis,
1950 1310 2024 1372 tra·
2124 1261 2187 1304 Μ’

605 1420 751 1499 diderat
769 1406 995 1528 Templariis
1017 1422 1065 1497 ad
1090 1438 1234 1500 certum
1259 1439 1408 1530 tempus
1430 1425 1672 1503 excolendam
1696 1426 1741 1503 ad
1763 1425 2022 1514 medietatem,

605 1570 758 1659 eratque
772 1552 894 1632 dictus
905 1553 1094 1633 lohannes
1110 1554 1149 1629 in
1168 1552 1316 1641 saisina,
1332 1556 1389 1633 vel
1400 1556 1522 1663 quasi,
1534 1556 1767 1661 percipiendi
1783 1554 2022 1631 medietatem

604 1670 793 1760 fructuum
816 1682 914 1760 dicte
933 1711 1080 1763 masure
1105 1712 1126 1760 a
1145 1683 1323 1790 predictis
1345 1685 1588 1792 Teinplariis3
1608 1684 1879 1763 nichilominus
1902 1684 2024 1761 dictus

605 1814 804 1905 Renerius,
825 1814 972 1905 racione
994 1814 1091 1891 dicte
1108 1814 1460 1905 administracionis,
1481 1816 1668 1921 predictas
1686 1814 1892 1893 Ysabellim
1908 1806 1945 1891 et
1964 1816 2025 1891 Jo-

605 1941 787 2054 baunam,
809 1973 883 2050 que
911 1942 1080 2033 inbonis
1104 1944 1194 2020 dicti
1224 1945 1346 2051 patrui
1367 1946 1444 2034 sui,
1467 1962 1659 2051 tamquam
1683 1944 1932 2049 proximiores
1956 1945 2024 2021 he-

592 2073 727 2160 ·redes,
744 2088 1017 2159 successerunt,
1041 2074 1079 2149 in
1095 2074 1329 2150 successione
1352 2102 1420 2152 seu
1438 2075 1573 2153 saisina
1591 2073 1689 2157 dicte
1710 2103 1877 2161 masure,
1897 2075 2024 2153 minus

597 2201 700 2306 juste
725 2218 762 2278 et
781 2202 860 2279 sine
876 2230 983 2279 carna
998 2199 1234 2289 racionabili,
1251 2202 1400 2280 racione
1416 2202 1516 2283 dicte
1536 2203 1889 2297 administracionis,
1905 2205 2024 2309 impe-

604 2329 733 2407 diebat
748 2348 786 2408 et
800 2329 1058 2437 perturbabat3
1080 2358 1194 2436 quare
1211 2329 1392 2436 petebant
1413 2331 1512 2411 dicte
1539 2333 1719 2411 mulieres
1743 2334 1890 2412 dictum
1904 2336 2023 2439 impe-

603 2461 816 2539 dimentum
839 2462 1027 2541 amoveri:
1053 2460 1200 2539 Auditis
1224 2462 1337 2568 igitur
1358 2463 1466 2541 dictis
1484 2464 1654 2568 partibus
1668 2493 1782 2570 super
1798 2468 1888 2552 hoc,
1907 2481 1946 2543 et
1967 2467 2024 2542 in-

604 2608 736 2698 questa
747 2620 860 2697 super
872 2592 1083 2698 premissis,
1102 2591 1149 2667 de
1169 2592 1345 2670 mandato
1360 2609 1501 2682 nostro,
1518 2622 1586 2698 per
1602 2594 1746 2671 dictum
1762 2592 1943 2671 ballivum
1966 2596 2023 2674 vel

605 2721 685 2828 ejus
700 2714 1016 2810 commissarium,
1036 2719 1126 2797 lacta
1141 2737 1178 2796 et
1197 2722 1300 2803 curie
1320 2739 1446 2800 nostre
1463 2740 1663 2831 reportata,
1681 2724 1756 2800 visa
1773 2740 1810 2802 et
1827 2723 2025 2830 diligenter

605 2852 825 2941 examinata,
847 2879 915 2959 per
940 2852 1041 2931 curie
1067 2868 1194 2930 nostre
1212 2852 1415 2959 judicium,
1445 2852 1585 2955 dictum
1615 2852 1688 2930 fuit
1709 2855 2023 2960 impedimentum

604 2982 818 3089 predictum
830 3010 898 3089 per
912 2982 1052 3063 dictum
1064 2982 1285 3074 Renerium,
1301 2983 1455 3061 nomine
1470 3010 1546 3090 quo
1560 3012 1687 3092 supra,
1706 2986 1745 3061 in
1765 2985 1862 3062 dicta
1877 3013 2023 3063 masura

600 3141 690 3198 cum
711 3114 787 3193 suis
804 3113 1044 3219 pertinenciis
1062 3113 1290 3222 appositum,
1312 3112 1450 3192 debere
1469 3113 1647 3203 amoveri,
1664 3132 1702 3191 et
1717 3116 1834 3193 dictas
1849 3116 2024 3193 mulieres

603 3247 642 3323 in
658 3244 792 3323 saisina
813 3272 880 3323 seu
899 3246 1132 3351 possessione
1147 3271 1295 3324 masure
1315 3244 1482 3351 predicte
1495 3243 1632 3323 debere
1647 3274 1852 3328 remanere.

659 3376 787 3455 Martis
806 3376 984 3484 predicta.

659 3510 710 3586 M.
732 3510 774 3585 R.
792 3506 840 3583 de
856 3478 1038 3603 lirianeon
1059 3508 1271 3613 reportavit.

661 3752 705 3825 X.
737 3748 832 3827 Cum
850 3766 1068 3854 procurator
1088 3749 1285 3825 hominum
1305 3747 1390 3845 ville
1413 3749 1463 3823 de
1484 3748 1737 3832 Anthoniaco,
1765 3748 1811 3824 ab
1832 3748 1964 3826 abbate
1987 3770 2025 3829 et

608 3894 792 3956 conventu
808 3876 1129 3955 Sancti-Germani
1147 3878 1193 3955 de
1208 3876 1340 3966 Pratis,
1364 3906 1385 3953 a
1403 3876 1560 3954 domino
1580 3879 1679 3985 Rege
1701 3895 1775 3954 eta
1795 3876 2023 3983 quibusdam

606 4006 688 4085 aliis
708 4008 887 4097 dominis,
906 4008 1032 4084 vineas
1049 4035 1133 4083 suas
1147 4005 1360 4085 tenencium
1384 4006 1423 4082 in
1435 4006 1625 4085 territorio
1634 4006 1738 4084 dicte
1761 4007 1863 4096 ville,
1884 4036 2023 4118 propo-

607 4138 757 4227 suisset,
790 4166 915 4215 coram
937 4136 1128 4245 preposito
1157 4137 1369 4227 Parisiensi,
1394 4136 1499 4243 quod
1529 4138 1598 4243 ipsi
1625 4137 1799 4215 homines
1823 4156 1862 4215 et
1890 4168 2021 4239 eorum

607 4267 888 4373 predecessores
902 4266 1048 4345 fuerant
1061 4285 1098 4346 et
1112 4284 1218 4345 erant
1230 4268 1269 4344 in
1285 4268 1520 4375 possessione
1537 4284 1575 4345 et
1587 4268 1735 4357 saisina,
1752 4270 1868 4345 eciam
1883 4298 1904 4346 a
1917 4286 2021 4350 tanto

606 4414 775 4508 tempore
791 4398 896 4505 urjus
906 4398 1079 4477 contrarii
1095 4398 1275 4477 memoria
1290 4427 1367 4476 non
1384 4397 1523 4490 existit,
1541 4398 1797 4476 vindemiandi
1814 4400 1939 4477 vineas
1953 4418 2023 4479 ter·

606 4528 725 4605 ritorii
754 4526 852 4603 dicte
877 4526 964 4603 ville
988 4526 1331 4635 quocienscumque
1354 4544 1506 4635 tempus
1532 4557 1571 4606 se
1600 4528 1783 4607 offerebat
1813 4546 1851 4607 et
1879 4530 2021 4609 eisdem

606 4655 772 4761 placebat
792 4684 876 4733 suas
895 4636 1019 4735 vineas
1037 4658 1283 4771 vindemiare,
1305 4658 1445 4764 absque
1467 4686 1513 4736 eo
1534 4658 1638 4765 quod
1657 4658 1850 4737 licencian.
1872 4659 1919 4738 de
1939 4690 2023 4768 pre-

606 4786 715 4865 dictis
733 4785 779 4863 ab
794 4784 922 4893 aliquo
936 4805 1064 4893 petere
1082 4789 1141 4865 vel
1157 4788 1272 4865 eciam
1290 4789 1484 4895 requirere
1501 4805 1730 4877 tenerentur,
1752 4790 2022 4871 nichilominus

605 4916 694 4995 dicti
715 4915 829 4999 abbas
849 4934 1122 5007 etconventus,
1137 4948 1205 4998 seu
1215 4919 1310 4997 alius
1324 4919 1371 4997 de
1386 4919 1562 4998 mandato
1576 4948 1726 5010 eorum,
1742 4920 1910 5001 indebite
1924 4924 2021 5002 etde

606 5074 702 5125 novo
722 5046 891 5125 lecerunt
917 5078 984 5126 seu
1010 5046 1089 5125 lieri
1121 5049 1391 5127 mandaverunt
1421 5048 1567 5128 notorie
1589 5050 1791 5157 quamdam
1807 5052 2021 5158 generalem

607 5175 882 5269 defensionem,
913 5198 1105 5287 tamquam
1129 5180 1277 5290 judices
1304 5180 1394 5258 dicti
1424 5179 1497 5259 loci
1521 5180 1748 5290 justiciando
1775 5198 1813 5259 et
1834 5184 2021 5290 justiciam

608 5306 750 5385 ibidem
781 5310 1002 5400 exercendo,
1030 5311 1203 5389 videlicet
1226 5312 1330 5418 quod
1362 5311 1490 5390 nullus
1517 5310 1762 5390 vindemiaret
1784 5311 1907 5388 vineas
1931 5312 2021 5391 dicti

691 5478 743 5521 css
763 5478 844 5523 otiu.
867 5484 912 5535 ur.
1854 5463 1890 5525 81
