5817 7292
1027 1106 1295 1214 scontros
1320 1124 1385 1197 cr
1410 1103 1619 1198 reocts.
1966 1129 2037 1200 103

617 1296 685 1377 per
710 1265 814 1347 curio
835 1283 961 1348 nosne
982 1264 1194 1373 judicium,
1215 1265 1357 1344 dictum
1385 1264 1459 1344 fuit
1482 1282 1521 1343 et
1540 1266 1831 1374 pronunciatum
1849 1266 2040 1374 predictos
2078 1278 2263 1345 monast,

616 1399 795 1507 conjuges
815 1397 1071 1475 intencionem
1089 1424 1196 1474 suam
1215 1395 1444 1473 sufficienter
1465 1423 1579 1503 super
1598 1397 1791 1503 premissis
1809 1425 1892 1475 non
1902 1396 2041 1505 proba-
2139 1368 2203 1412 m

615 1530 728 1621 visse,
747 1527 977 1635 fueruntque
996 1526 1088 1604 dicti
1105 1526 1270 1637 religiosi
1290 1556 1312 1604 a
1331 1527 1441 1605 dictis
1455 1526 1710 1634 peticionibus
1726 1528 1930 1637 conjugum
1955 1557 2040 1636 pre·

618 1660 825 1749 dictorum,
846 1686 916 1764 per
934 1658 1037 1735 idem
1050 1658 1258 1765 judicium,
1280 1658 1560 1737 sentencialiter
1574 1657 1749 1744 absoluti.

673 1788 829 1868 Veneris
846 1803 931 1893 post
951 1788 1115 1865 mediam
1135 1788 1489 1896 Quadragesimam‚
1511 1816 1641 1867 mense
1657 1788 1806 1897 Aprilis.

672 1918 902 2001 Rossellstus
918 1918 1132 2024 reportavit.

673 2186 746 2263 LV.
776 2184 951 2291 lnquesta
973 2180 1021 2261 de
1046 2180 1217 2261 Miranda
1241 2180 1405 2261 enullata
1427 2198 1544 2261 estet
1567 2180 1789 2272 reficienda;
1808 2199 1847 2258 et
1868 2180 1962 2259 lacta
1984 2198 2041 2259 est

614 2343 728 2420 super
741 2313 815 2393 hoc
832 2311 1068 2398 commissio,
1088 2328 1202 2419 prout
1219 2311 1256 2391 in
1272 2311 1400 2391 rotulo
1415 2312 1532 2421 hujus
1542 2312 1765 2420 pedamenti
1782 2312 1935 2420 plenius
1949 2342 2039 2391 oon·

614 2445 767 2537 tinetur,
787 2444 1035 2527 deconsensu
1054 2444 1237 2549 parcium.

670 2576 770 2654 ,lovis
787 2591 874 2681 post
892 2575 1121 2653 Brandones.

670 2706 718 2783 Et
730 2706 819 2783 inde
833 2704 975 2783 removi
994 2704 1163 2811 quinque
1182 2704 1285 2810 peric
1304 2704 1531 2797 Ιίῑῐυτυυυιυ,
1551 2734 1646 2811 quas
1659 2706 1800 2783 tradidi
1817 2705 2037 2782 consulibus

614 2834 713 2917 dicte
733 2836 821 2915 ville
841 2852 879 2915 et
901 2835 1046 2942 copiam
1065 2837 1268 2914 nominum
1285 2836 1452 2916 testium.

672 3096 763 3177 LVI.
787 3094 1024 3205 ,Significavit
1041 3093 1153 3175 nobis
1164 3095 1325 3175 Peneius
1341 3094 1388 3175 de
1404 3095 1655 3187 Castelliones
1670 3096 1798 3185 miles,
1814 3096 1936 3204 quod,
1954 3128 2039 3175 cum

616 3226 697 3335 ipsc
715 3245 812 3307 esset
831 3245 869 3305 et
886 3230 944 3305 sui
964 3228 1248 3335 predecessores
1267 3227 1441 3319 fisissent,
1469 3245 1513 3306 ut
1530 3228 1611 3336 ipse
1629 3228 1793 3320 dicebat,
1814 3229 1862 3306 ab
1884 3230 2040 3335 antiquo

616 3358 657 3437 in
676 3359 909 3467 possessione
929 3358 989 3437 vel
1005 3360 1112 3466 quasi
1131 3360 1245 3437 altam
1258 3359 1449 3466 justiciam
1471 3360 1669 3437 exercendi
1688 3360 1728 3435 in
1748 3358 1837 3436 villu
1861 3361 1908 3437 de
1924 3358 2042 3440 Villa-

615 3490 884 3581 riossvarim,
907 3518 976 3598 pro
1000 3506 1106 3595 parte
1133 3490 1259 3598 ipsum
1280 3490 1541 3598 contingente,
1564 3507 1693 3598 preter
1717 3518 1833 3598 quam
1860 3490 1901 3566 in
1930 3492 2042 3569 certis

616 3621 779 3716 ossibus,
799 3620 1063 3730 superbojulus
1082 3640 1212 3701 noster
1228 3619 1437 3703 Fani-lovis
1457 3622 1582 3731 ipsum
1603 3622 1702 3700 dicta
1720 3650 1786 3699 sua
1807 3622 2039 3729 possessione

614 3752 673 3831 rel
689 3754 796 3861 quasi
814 3752 983 3831 indebite
1004 3752 1279 3845 dessaisiverat3
1301 3770 1339 3829 et
1358 3753 1479 3860 quod,
1500 3753 1548 3830 de
1567 3754 1746 3831 mandato
1760 3770 1906 3845 nostro,
1926 3780 2041 3859 super

615 3882 793 3989 predictis
816 3882 992 3990 inquesta
1017 3884 1180 3991 quedam
1211 3882 1307 3960 laeta
1333 3882 1473 3973 fuerat,
1501 3910 1579 3989 que
1606 3882 1772 3990 judicata
1796 3910 1874 3960 non
1895 3880 2036 3970 lateret,

617 4028 660 4089 ut
676 4010 842 4100 dicebat,
859 4012 963 4119 quia,
985 4031 1139 4121 propter
1156 4013 1295 4090 malam
1315 4010 1527 4091 custodiam
1547 4012 1683 4097 notarii
1697 4013 1765 4119 qni
1784 4040 1868 4089 eam
1881 4014 2040 4119 scripse·

617 4158 691 4227 rat,
717 4143 874 4248 reperiri
905 4172 983 4221 non
1010 4162 1174 4251 poterat,
1203 4158 1247 4221 ut
1273 4142 1439 4231 dicebat,
1466 4142 1752 4249 propterquod
1780 4142 2040 4241 mendavimus

617 4272 823 4351 senescallo
848 4292 977 4353 nostro
1003 4276 1241 4363 Tholossno,
1267 4273 1327 4352 vel
1346 4274 1427 4381 ejus
1453 4273 1579 4350 locum
1599 4274 1762 4362 tenenti,
1787 4272 1911 4380 prod,
1933 4272 1964 4350 si
1990 4272 2040 4349 its
2067 4284 2075 4297 ‘

618 4419 730 4493 esset,
750 4432 864 4510 super
878 4404 1087 4510 premissis,
1111 4406 1247 4483 vocatis
1265 4403 1479 4491 evocandis,
1500 4403 1548 4481 de
1565 4431 1662 4482 novo
1680 4404 1890 4510 inquireret
1907 4405 2041 4485 verita-

616 4548 716 4615 teme
747 4534 836 4613 Visa
862 4534 976 4643 igitur
1003 4553 1043 4613 et
1068 4536 1270 4644 diligenter
1296 4536 1463 4643 inspecta
1488 4534 1660 4643 inquesta
1685 4562 1799 4643 super
1824 4537 1898 4613 hoc
1925 4532 2037 4626 facta,

617 4680 855 4771 compertum
877 4664 951 4743 fuit
968 4665 1073 4772 quod
1097 4666 1176 4773 ipsa
1201 4666 1296 4745 secta
1314 4666 1455 4757 suerat,
1477 4665 1600 4745 forma
1621 4667 1787 4745 mandati
1810 4665 1928 4744 nostri
1953 4694 2040 4773 pre-

617 4792 707 4875 dicti
731 4796 889 4875 minime
911 4796 1120 4891 observata,
1147 4816 1186 4877 et
1210 4799 1360 4905 quoda
1385 4798 1499 4909 longo
1521 4817 1694 4907 tempore
1722 4799 1813 4877 citra
1832 4798 1977 4877 fuimus
2001 4818 2041 4877 et
2187 4832 2191 4838 ·

617 4953 747 5004 sumus
772 4926 811 5003 in
836 4926 1071 5033 possessione
1090 4928 1243 5037 justicie
1268 4928 1496 5036 supradict03
1517 4928 1815 5037 propterquod,
1839 4956 1908 5036 per
1935 4930 2039 5008 curie

618 5073 744 5135 nostre
759 5056 966 5165 judicium,
990 5058 1088 5135 dicta
1110 5058 1281 5165 inquesta
1305 5059 1377 5137 fuit
1398 5059 1567 5139 totaliter
1587 5059 1767 5149 anullata,
1791 5077 1830 5137 et
1847 5089 1916 5168 per
1935 5060 2040 5139 idem
2131 5124 2138 5131 .

612 5186 801 5294 judicium
824 5186 1118 5294 pronunciatum
1144 5186 1218 5269 luit
1243 5216 1313 5267 nos
1340 5188 1480 5269 debere
1505 5217 1703 5269 remanere
1728 5188 1770 5267 in
1794 5189 1930 5268 ssisins
1953 5220 2041 5298 pre-

618 5316 736 5407 dictas
761 5334 817 5407 st,
838 5316 868 5397 si
889 5318 1013 5397 dictus
1031 5319 1142 5399 miles
1164 5318 1309 5427 aliquid
1328 5348 1441 5428 super
1460 5320 1535 5398 hoc
1552 5338 1682 5429 petere
1704 5321 1884 5412 soluerit,
1904 5322 1980 5399 sive
2000 5322 2040 5397 in

536 5554 540 5563 .
618 5451 849 5554 possessione
876 5451 950 5531 sive
977 5451 1018 5530 in
1037 5452 1285 5559 proprietate,
1308 5453 1445 5536 vooetis
1473 5469 1716 5560 procuratore
1741 5470 1869 5531 nostro
1895 5467 1934 5527 et
1957 5448 2040 5528 aliis
