5817 7292
1010 1087 1281 1197 nuoutrns
1306 1106 1370 1179 nr
1397 1088 1605 1180 procus.
1943 1106 2016 1179 aar

514 1344 518 1353 Ι
653 1246 704 1323 Μ.
721 1245 766 1325 G.
786 1246 833 1325 de
853 1246 947 1325 Usco
963 1248 1174 1355 reportavit.

653 1508 794 1585 XXXII.
825 1509 922 1588 Cum
938 1526 1158 1613 procurator
1172 1526 1300 1587 noster
1313 1488 1354 1587 in
1366 1508 1516 1587 ballivis
1531 1506 1726 1595 Arvernis,
1742 1534 1866 1583 coram
1880 1506 2018 1585 ballivo

598 1638 847 1725 llrvernie,ad
859 1640 1194 1719 denunciaoionem
1204 1642 1382 1747 prepositi
1395 1640 1551 1718 ecclesie
1560 1637 2019 1743 Brivatensis,proposuis

599 1786 670 1860 set,
693 1787 819 1848 contra
843 1772 1098 1849 vicecomitem
1120 1771 1369 1861 Podonniaci,
1395 1771 1501 1877 quod
1525 1770 1649 1848 dictus
1670 1770 1807 1857 Metos,
1830 1768 2019 1847 lohannes

598 1901 726 1979 Beldia
743 1903 818 1979 sive
832 1902 1060 1991 lobannola,
1078 1928 1119 1978 ac
1131 1902 1255 1980 dictus
1270 1902 1427 2009 Guigos,
1449 1901 1648 1979 familiares
1665 1900 1754 1976 dicti
1769 1899 2016 1990 vicecomitis,

598 2032 801 2138 pluresque
812 2032 874 2109 alii
888 2032 970 2139 ejus
984 2032 1185 2111 familiares
1200 2050 1239 2111 et
1250 2032 1452 2139 complices
1468 2032 1563 2107 infra
1575 2030 1769 2120 nominati,
1783 2048 1961 2109 venerant
1971 2031 2019 2109 de

598 2178 720 2251 nocte,
735 2190 820 2239 cum
837 2163 950 2239 armis
965 2161 1176 2269 prohibitis,
1189 2164 1238 2239 ad
1246 2162 1370 2239 villam
1383 2161 1430 2239 de
1442 2162 1608 2248 Alnerio,
1625 2162 1664 2237 in
1675 2190 1750 2267 qua
1763 2160 1866 2237 idem
1883 2188 2020 2268 prepo-

597 2290 689 2367 situs
708 2318 862 2369 omnem
878 2292 1068 2399 justiciam
1088 2293 1218 2379 asserit
1237 2321 1276 2370 se
1302 2293 1441 2371 babere
1463 2308 1500 2370 et
1519 2322 1557 2369 se
1578 2320 1659 2370 esse
1679 2292 1718 2367 in
1736 2292 1870 2368 saisina
1889 2292 1937 2369 de
1958 2320 2019 2369 ea·

599 2420 699 2508 dem,
712 2438 749 2499 et
756 2423 878 2529 quod,
894 2452 981 2501 cum
992 2422 1101 2501 dictis
1113 2424 1241 2511 armis,
1259 2423 1440 2502 violenter
1450 2423 1577 2501 hostia
1586 2422 1753 2528 plurium
1764 2422 2018 2500 habitancium

599 2552 638 2627 in
655 2551 752 2629 diota
767 2552 854 2629 villa
869 2551 1066 2659 fregerant,
1083 2553 1267 2659 pluraque
1282 2554 1380 2630 bona
1397 2554 1435 2629 in
1452 2553 1562 2629 dictis
1572 2551 1750 2630 domibus
1765 2568 1940 2657 ceperant
1958 2580 2019 2629 se-

600 2682 760 2787 cumque
775 2699 1025 2787 portaverant‚
1041 2683 1162 2762 invitis
1174 2682 1394 2761 hominibus
1406 2683 1618 2771 antedictis,
1631 2682 1834 2791 pluresque
1848 2710 2020 2761 excessus

600 2809 745 2888 ibidem
765 2813 1043 2923 commiserant,
1061 2842 1176 2891 manu
1191 2830 1318 2891 nostra
1337 2813 1480 2892 ibidem
1502 2814 1702 2901 existente3
1719 2841 1788 2919 pro
1802 2814 1942 2921 quibus
1952 2808 2022 2924 'pe-

599 2938 704 3019 tebet
734 2941 856 3029 dictus
883 2960 1102 3049 procurator
1120 2960 1249 3022 noster
1268 2942 1413 3021 dictum
1430 2942 1687 3021 vicecomitem
1707 2959 1745 3020 et
1764 2943 1846 3047 ejus
1863 2946 2021 3052 compli-

600 3098 662 3149 ces
676 3071 787 3150 nobis
800 3073 839 3150 in
853 3072 1052 3150 emendam
1065 3091 1340 3180 competentem
1356 3072 1641 3180 condempnari,
1654 3074 1846 3182 passisque
1858 3077 2020 3186 dampna

599 3202 883 3281 restitucionem
900 3200 983 3281 lieri
1000 3203 1047 3280 de
1067 3203 1222 3293 eisdem,
1242 3221 1280 3281 et
1295 3233 1338 3282 ea
1353 3232 1428 3311 que
1447 3204 1487 3281 in
1502 3202 1753 3311 prejudicium
1769 3205 1869 3283 dicte
1886 3236 2021 3292 manus

600 3350 726 3413 nostre
742 3332 835 3411 facta
856 3353 961 3413 erant
979 3334 1027 3413 ad
1045 3324 1184 3413 statum
1204 3334 1402 3440 pristinum
1420 3336 1570 3441 reponi,
1593 3335 1717 3412 dictus
1737 3335 1899 3415 ballivus
1914 3368 2021 3417 man-

600 3464 699 3543 davit
708 3464 756 3543 de
766 3465 943 3572 predictis
953 3464 1161 3553 veritatem,
1175 3466 1312 3543 vocatis
1322 3465 1538 3555 evocandis,
1551 3465 1709 3571 inquiri:
1721 3467 1899 3573 lnquesta
1905 3468 2019 3577 igitur

585 3594 692 3675 facta
712 3598 935 3702 superbiis,
955 3615 994 3675 et
1015 3616 1142 3677 nostre
1166 3598 1268 3675 curie
1290 3614 1494 3704 reportata,
1515 3598 1591 3675 visa
1611 3616 1649 3673 et
1664 3592 1864 3703 diligenter
1882 3603 2020 3678 exami-

600 3743 704 3813 nata,
726 3727 814 3831 quia
832 3728 1026 3805 inventum
1045 3744 1116 3816 est,
1137 3755 1204 3833 per
1222 3727 1396 3813 eandem,
1413 3726 1642 3802 sufficienter
1657 3727 1856 3831 probatum
1875 3728 2018 3808 dictum

599 3855 855 3933 vicecomitem
873 3855 1035 3933 dedicta
1049 3883 1240 3934 armorum
1255 3856 1472 3962 portacione
1491 3854 1665 3932 advoasse
1685 3853 1782 3930 infra
1807 3857 2021 3939 nominatos

599 4012 640 4061 ac
652 4011 719 4091 per
728 3986 882 4063 testium
898 3987 937 4063 in
953 4014 996 4064 ea
1010 3986 1568 4095 productommdeposiciones,
1584 3986 1770 4092 quosdam
1784 3985 1830 4063 de
1844 3987 2020 4093 predictis

599 4116 804 4224 pluresque
824 4116 933 4205 alios,
954 4145 1074 4225 usque
1094 4118 1142 4194 ad
1160 4144 1362 4194 numerum
1379 4132 1632 4194 trecentarum
1651 4142 1914 4221 personarum,
1925 4148 2019 4197 cum

602 4246 728 4336 armis,
744 4265 829 4325 ante
845 4276 1030 4337 auroram,
1049 4248 1192 4325 venisse
1208 4248 1255 4325 ad
1267 4247 1392 4325 villam
1405 4247 1610 4354 predictam
1624 4246 1822 4353 hostiaque
1837 4275 2021 4355 quorum-

604 4378 690 4455 dam
714 4377 968 4457 habitancium
995 4379 1033 4454 iu
1066 4378 1164 4455 diota
1190 4378 1276 4455 villa
1299 4378 1485 4456 violenter
1509 4376 1679 4484 fregisse,
1707 4376 1892 4483 pluraque
1920 4379 2019 4458 bona

602 4507 745 4585 ibidem
765 4508 921 4614 cepisse,
945 4524 983 4586 et
1000 4509 1163 4617 quedam
1179 4508 1226 4586 de
1249 4509 1356 4587 dictis
1369 4508 1480 4587 bonis
1496 4508 1787 4615 consumpsisse,
1805 4524 1843 4584 et
1857 4510 2019 4613 quedam

603 4665 687 4715 cum
709 4636 937 4744 quibusdam
959 4637 1179 4741 hominibus
1205 4640 1303 4717 dicte
1323 4638 1428 4727 ville,
1451 4665 1662 4744 eorumque
1684 4636 1860 4715 animalia
1878 4640 1927 4717 ad
1944 4671 2023 4720 cas-

601 4786 702 4846 trum
725 4768 772 4846 de
792 4770 895 4847 Mota
917 4767 1005 4846 dicti
1030 4770 1256 4849 vicecomitis
1282 4798 1410 4848 secum
1440 4770 1606 4857 duxisse,
1633 4767 1758 4846 invitis
1776 4785 1814 4845 et
1838 4772 2020 4850 contradi·

602 4898 775 4977 centibus
793 4897 1013 4977 bominibus
1040 4901 1237 5011 antedictis
1263 4919 1300 4979 et
1327 4901 1432 5008 quod
1453 4900 1524 4977 alia
1542 4900 1620 4977 vice
1640 4899 1756 5005 aliqui
1777 4899 1825 4975 de
1845 4900 2021 5004 predictis

603 5027 806 5137 pluresque
826 5028 890 5109 alii
909 5058 1028 5137 usque
1050 5031 1096 5107 ad
1115 5061 1317 5110 numerum
1336 5032 1693 5140 quadringentarum
1711 5058 1955 5137 personarum
1972 5035 2021 5110 ad

604 5156 739 5235 dictam
757 5160 882 5237 villam
900 5188 987 5239 cum
1007 5160 1119 5237 armis
1139 5161 1347 5251 venientes,
1368 5190 1484 5241 manu
1499 5178 1538 5241 et
1559 5160 1693 5239 vexillo
1710 5160 1849 5238 nostris
1865 5162 1904 5239 in
1913 5162 2022 5269 justi-

605 5285 660 5363 cia
675 5286 773 5365 dicte
786 5290 872 5368 ville
886 5289 1028 5398 positis,
1045 5307 1083 5367 et
1099 5290 1153 5369 eis
1168 5290 1269 5369 dicto
1284 5292 1494 5370 vicecomiti
1508 5292 1706 5383 intimatis,
1722 5320 1766 5368 ac
1791 5290 2021 5369 inbibicione

609 5412 749 5505 eidem,
766 5446 834 5521 per
847 5421 1069 5501 servientem
1086 5438 1274 5512 nosuum,
1290 5421 1400 5513 facts,
1417 5450 1465 5501 ne
1480 5422 1521 5501 in
1539 5422 1639 5501 dicta
1652 5420 1738 5497 villa
1753 5420 2021 5528 jurisdiccione

1842 5570 1893 5641 dd.

2057 1254 2187 1307 Pntttere
2201 1254 2242 1313 ll'.

2118 1345 2181 1388 1³11.
