5817 7292
878 1097 953 1172 2114
1345 1123 1348 1128 ·
1456 1097 1547 1168 LES
1582 1095 1723 1170 OLIM.

652 1257 781 1308 Paruum
794 1253 837 1314 tv,
933 1238 1062 1316 Martis
1080 1255 1168 1344 post
1186 1236 1518 1315 Circumcisionem
1538 1237 1702 1316 Domini.

713 1347 776 1388 '⁸⁰⁷'
933 1369 1094 1447 Sanctus
1111 1367 1277 1446 Obertus
1296 1367 1509 1472 reportavit.

930 1633 1058 1708 XXIX.
1089 1630 1186 1709 Cum
1203 1657 1273 1706 nos
1292 1631 1539 1735 Ingerranno‚
1558 1629 1712 1708 domino
1732 1630 1919 1718 Couciaci,
1941 1630 2069 1721 militi,
2087 1633 2299 1714 tradidisse·

874 1789 960 1838 mus
975 1762 1140 1838 chaciam
1159 1777 1198 1837 et
1213 1788 1414 1866 garennam
1433 1788 1526 1865 quas
1545 1760 1775 1838 habebamus
1795 1761 1835 1837 in
1854 1761 1978 1840 boscis
1998 1763 2128 1840 decani
2144 1780 2182 1840 et
2201 1765 2297 1870 capi·

872 1891 943 1969 tuli
964 1890 1281 1984 Sancti-Quintini
1297 1891 1336 1966 in
1352 1891 1609 1982 Viromandis,
1627 1919 1668 1967 ac
1690 1892 1729 1967 in
1744 1891 1868 1969 boscis
1883 1890 2027 1970 abbatis
2041 1911 2079 1972 et
2093 1912 2296 1974 conventus

873 2019 1353 2107 sancti-Nicolai-in-Bosco,
1369 2020 1516 2098 racione
1530 2020 1724 2128 cujusdam
1738 2023 2030 2127 permutacionis
2043 2025 2220 2130 cumipse
2234 2026 2296 2103 do·

871 2152 977 2229 mino
992 2151 1101 2243 facte,
1119 2169 1246 2257 postea
1262 2152 1427 2258 quedam
1446 2151 1660 2228 commissio
1674 2179 1788 2258 super
1800 2153 1874 2231 boc
1888 2153 2039 2232 obtenta
2054 2153 2127 2232 suit
2145 2184 2166 2230 a
2184 2155 2294 2234 nobis

873 2282 921 2359 ad
946 2300 1068 2360 certos
1094 2281 1302 2369 auditores,
1324 2281 1462 2387 quibus
1485 2280 1742 2358 mandavimus
1768 2299 1817 2359 ut
1835 2284 1923 2389 ipsi,
1945 2284 2082 2362 vocatis
2101 2284 2289 2389 partibus,

873 2413 1109 2520 inquirerent
1116 2411 1310 2489 veritatem
1321 2411 1370 2503 si,
1382 2429 1553 2518 tempore
1564 2439 1640 2519 quo
1650 2413 1874 2491 tradidimus
1884 2415 2109 2522 Ingerranno
2121 2413 2290 2520 predicto

872 2571 1075 2651 garennam
1095 2559 1134 2620 et
1151 2542 1318 2620 abaciam
1333 2542 1536 2649 predictas,
1557 2570 1627 2619 nos
1648 2571 1796 2621 eramus
1818 2545 1857 2620 in
1876 2543 2108 2650 possessione
2127 2572 2289 2652 garenne

873 2690 911 2750 et
928 2673 1055 2750 chacie
1075 2672 1348 2780 predictarum,
1369 2691 1408 2751 et
1426 2703 1449 2749 a
1467 2690 1608 2780 quanto
1624 2690 1795 2780 tempore
1810 2690 1910 2767 ante,
1927 2675 2008 2752 etsi
2025 2675 2145 2752 dictos
2158 2676 2291 2754 boscos
2343 2671 2347 2679 ⁴

871 2833 959 2913 erga
976 2829 1123 2891 omnes,
1146 2820 1183 2881 et
1202 2802 1411 2910 specialiter
1431 2832 1518 2912 erga
1533 2804 1678 2881 dictum
1692 2803 1901 2910 capitulum
1913 2806 2292 2912 antepronunciacio·

864 2962 959 3011 nem
977 2934 1185 3041 predictam
1207 2951 1450 3012 tenueramus
1474 2934 1615 3012 liberos
1644 2951 1681 3011 et
1705 2935 1881 3012 inmunes
1905 2935 1952 3013 ab
1978 2936 2080 3013 omni
2105 2936 2231 3013 chaeia
2255 2953 2293 3013 et

870 3092 1033 3172 garenna
1047 3096 1056 3141 ε
1070 3064 1220 3142 Auditis
1230 3064 1345 3174 igitur
1359 3065 1573 3144 racionibus
1587 3064 1790 3171 propositis
1808 3064 1897 3142 hinc
1914 3083 1954 3144 et
1966 3066 2072 3156 inde,
2093 3084 2131 3144 et
2148 3067 2223 3144 visa
2240 3068 2291 3142 in·

870 3212 1003 3300 questa
1026 3222 1139 3301 super
1163 3195 1238 3272 hiis
1264 3195 1312 3273 de
1338 3195 1513 3273 mandato
1533 3212 1661 3273 nostro
1687 3195 1801 3289 facta,
1823 3223 1892 3302 per
1915 3197 2019 3274 curie
2045 3213 2172 3274 nostre
2191 3196 2292 3303 judi·

871 3323 989 3414 cium,
1010 3323 1152 3401 dictum
1170 3323 1242 3403 fuit
1259 3341 1298 3402 et
1310 3309 1601 3432 pronunciatum
1621 3326 1814 3404 inventum
1832 3325 1945 3404 fuisse
1966 3325 2194 3404 sufficienter
2208 3355 2291 3433 pro

869 3452 1001 3530 batum
1016 3454 1121 3561 quod
1135 3481 1205 3531 nos
1220 3456 1259 3531 in
1277 3456 1512 3562 possessione
1529 3474 1567 3534 et
1583 3457 1717 3533 saisina
1732 3456 1918 3534 dictarum
1934 3483 2096 3565 garenne
2111 3473 2149 3532 et
2161 3457 2288 3534 chacie

870 3601 908 3660 et
923 3584 1159 3661 custodiendi
1180 3584 1318 3663 dictam
1336 3615 1555 3695 garennam,
1571 3599 1742 3694 tempore
1757 3585 1851 3672 facte
1868 3588 1965 3664 dicte
1979 3586 2285 3692 pennutacionis,

870 3741 1017 3792 eramus
1036 3733 1074 3794 et
1093 3715 1286 3794 ineramus
1304 3745 1374 3824 per
1392 3718 1678 3826 quatuordecim
1699 3745 1816 3795 annos
1842 3734 1929 3794 ante
1952 3717 2083 3794 factam
2107 3733 2289 3822 permuta-

868 3847 1014 3924 cionem
1033 3847 1259 3954 predictam,
1287 3849 1507 3956 dictumque
1535 3850 1736 3927 dominum
1756 3865 1795 3925 et
1813 3877 1961 3934 causam
1980 3877 2000 3924 a
2021 3846 2129 3926 nobis
2148 3847 2187 3922 in
2207 3875 2290 3952 pre-

868 3975 976 4055 dictis
991 3977 1193 4057 habentem
1207 4007 1402 4060 remanere
1418 3981 1557 4058 debere
1573 3981 1612 4056 in
1628 3979 1763 4058 saisina
1777 3979 1960 4086 predicta,
1977 3978 2076 4057 salvo
2090 4006 2203 4083 super
2217 3976 2289 4054 boc

863 4108 951 4214 jure
970 4111 1209 4216 proprietatis
1226 4113 1323 4218 parti
1343 4111 1507 4190 adverse.

924 4240 1052 4316 Martis
1066 4240 1245 4347 predicta.

924 4369 1048 4445 Monoi
1067 4372 1277 4478 reportavit.

923 4631 1032 4708 XXX.
1064 4634 1168 4733 Mota
1180 4637 1428 4714 controversia
1439 4666 1564 4715 coram
1579 4639 1771 4746 preposito
1781 4637 1994 4722 Padaiensi,
2012 4637 2109 4715 inter
2122 4636 2286 4744 priorem

868 4759 1427 4873 Sancti-Martini-de—Campis
1455 4769 1694 4858 Parisiensis,
1722 4797 1765 4846 ex
1785 4784 1889 4874 parte
1909 4797 2005 4857 una,
2032 4784 2069 4846 et
2088 4767 2287 4844 dominum

865 4890 1263 4985 Montis-Morenciaci,
1287 4897 1492 4992 exaltare,
1518 4927 1701 5007 supereo
1725 4885 1832 5006 qdod
1862 4898 1984 4976 dictus
2011 4898 2114 5004 prior
2139 4896 2288 4976 dicebat

867 5020 1008 5097 dictum
1024 5021 1238 5128 dominum,
1261 5028 1399 5136 injusto
1414 5047 1452 5106 et
1472 5030 1511 5107 in
1527 5031 1617 5108 dicti
1631 5031 1766 5137 prioris
1781 5029 2048 5139 prejudicium,
2066 5026 2287 5135 proclamari

864 5149 1034 5230 faciendo
1059 5154 1099 5230 in
1125 5184 1195 5234 sno
1220 5175 1339 5236 castro
1358 5158 1742 5260 Montis-Morepciaci
1765 5179 1944 5239 mostram
1968 5157 2051 5238 fieri
2075 5157 2286 5266 generalem

864 5309 933 5387 pro
955 5284 1084 5362 eundo
1105 5286 1153 5363 ad
1177 5289 1382 5366 exercitum
1405 5309 1579 5370 nostrum
1601 5293 1795 5381 Flandrie,
1823 5292 2035 5399 precepisse
2058 5318 2126 5368 seu
2145 5286 2286 5394 precipi

864 5411 993 5492 iecisse
1010 5416 1222 5524 hospitibus
1238 5419 1553 5516 Sancti-Martini,
1576 5423 1898 5502 commorantibus
1915 5423 1955 5500 in
1973 5421 2070 5500 villis
2083 5419 2132 5498 de
2151 5421 2287 5498 Taver-
