5817 7292
916 1092 989 1167 582
1131 1166 1135 1173 ,
1436 1048 1443 1059 “
1495 1088 1585 1161 cns
1614 1088 1754 1163 ocra.

691 1248 817 1383 Paropos
830 1247 874 1311 tv,
968 1232 1075 1315 Croci
1095 1229 1307 1337 reportavit.

748 1341 758 1381 t
777 1341 811 1381 rc.
1138 1346 1141 1353 ·

969 1494 1138 1573 LXXVII.
1170 1492 1252 1570 Lite
1268 1507 1385 1581 mota,
1402 1518 1528 1568 coram
1541 1489 1733 1597 preposito
1746 1490 1957 1582 Parisiensi,
1974 1491 2074 1571 inter
2085 1494 2337 1603 Reginaldum

911 1626 1076 1714 Barbou,
1093 1623 1302 1731 juniorem,
1326 1636 1364 1699 et
1387 1620 1612 1702 Garnerium
1635 1619 1684 1698 de
1708 1620 1957 1731 Trambloyo,
1982 1652 2027 1701 ex
2051 1644 2158 1733 parte
2183 1658 2278 1717 una,
2299 1647 2338 1709 et

910 1760 1027 1837 Adam
1042 1757 1193 1864 Coquiu
1214 1774 1251 1833 et
1270 1754 1351 1863 ejus
1371 1781 1527 1832 uxorem
1553 1784 1595 1833 uc
1619 1780 1751 1833 eorum
1768 1774 1979 1847 consortes,
2003 1786 2047 1835 ex
2064 1759 2202 1851 altera,
2224 1792 2335 1869 super

911 1918 956 1970 eo
976 1889 1082 1997 quod
1097 1888 1186 1967 dicti
1208 1886 1436 1995 Reginaldus
1454 1885 1604 1965 Barbeu
1624 1901 1662 1963 et
1680 1884 1904 1976 Garuerius,
1925 1905 2098 1995 tempore
2118 1921 2248 1971 curetas
2269 1893 2336 1972 de·

908 2020 998 2097 bilis
1029 2037 1198 2109 monete,
1231 2034 1514 2096 accensaverant
1540 2015 1741 2123 quamdam
1776 2016 1935 2095 domum
1964 2048 1986 2095 a
2015 2020 2119 2099 dicto
2147 2021 2265 2100 Adam
2294 2042 2334 2103 et

910 2151 992 2257 ejus
1021 2150 1255 2229 consortibus
1285 2149 1481 2259 predictis,
1507 2174 1579 2255 pro
1602 2148 1735 2256 majori
1763 2149 1891 2255 precio
1916 2178 2031 2257 quam
2056 2150 2205 2241 valeret,
2233 2172 2331 2231 tem·

909 2309 1001 2385 pore
1022 2308 1153 2358 cursus
1168 2295 1319 2357 monete
1334 2277 1455 2367 fortis,
1475 2293 1519 2354 ut
1536 2277 1726 2367 dicebant,
1749 2294 1788 2355 et
1804 2278 1910 2386 quod
1923 2297 2088 2385 gravatos
2100 2310 2139 2358 se
2154 2282 2331 2362 dicebant

909 2413 949 2487 in
964 2412 1221 2489 accensacione
1236 2409 1419 2516 predicta,
1438 2425 1594 2514 propter
1611 2437 1765 2488 cursum
1782 2428 1933 2487 monete
1951 2410 2058 2489 sortis
2071 2414 2331 2520 supervenien-

908 2544 972 2628 tis,
992 2570 1036 2619 eo
1057 2540 1161 2648 quod
1179 2538 1378 2646 petebatur
1396 2537 1443 2615 ab
1463 2538 1554 2645 ipsis
1572 2539 1665 2616 solvi
1684 2538 1852 2646 predicta
1871 2537 1978 2617 firma
1998 2543 2038 2618 in
2057 2541 2145 2620 forti
2160 2562 2326 2634 moneta,

908 2670 1103 2777 petebant,
1122 2669 1332 2748 secundum
1348 2669 1632 2747 ordinacionem
1647 2670 1792 2748 domini
1810 2672 1921 2778 Regis
1935 2701 2050 2780 super
2065 2674 2155 2763 hoc,
2171 2692 2214 2751 nt
2229 2675 2329 2753 dice-

908 2799 1014 2887 bant,
1031 2798 1181 2889 factam,
1203 2828 1270 2904 per
1288 2799 1432 2875 dictum
1448 2799 1682 2905 prepositum
1700 2815 2041 2905 temperamentum
2055 2805 2211 2909 apponi,
2229 2805 2330 2883 dicto

906 2930 1026 3008 tidem
1044 2948 1083 3008 et
1102 2930 1182 3037 ejus
1195 2929 1373 3035 predictis
1395 2930 1653 3018 consortibus,
1669 2928 1848 3009 adfinem
1863 2934 1968 3038 quod
1984 2932 2129 3017 dictum
2143 2952 2332 3043 tempera-

909 3079 1078 3142 mentum
1094 3061 1249 3138 minime
1265 3060 1467 3166 superbos
1484 3058 1568 3137 fieri
1583 3059 1758 3150 deberet,
1772 3060 1899 3168 plura,
1914 3060 2032 3142 adsui
2047 3063 2329 3155 defensionem,

907 3192 1223 3300 proponentibus,
1247 3218 1291 3267 es
1307 3190 1482 3278 adversm
1504 3190 1626 3268 dictam
1639 3192 1867 3297 prepositus,
1884 3194 2034 3300 cognite
2053 3193 2102 3271 de
2121 3194 2326 3301 premissis,

909 3323 1164 3431 pronunciavit
1174 3322 1278 3429 quod
1290 3338 1631 3427 temperamentum
1642 3322 1856 3429 predictum
1871 3351 1947 3403 non
1962 3342 2211 3430 apponeretur
2217 3324 2257 3399 in
2269 3352 2328 3399 ac·

908 3482 1017 3533 censa
1033 3453 1199 3561 predicta
1216 3480 1265 3530 eo
1286 3451 1403 3529 modo
1419 3480 1495 3559 que
1513 3450 1635 3529 tuerat
1648 3453 1826 3558 petimm3
1841 3482 1862 3529 a
1879 3480 1955 3559 quo
1970 3452 2126 3560 quidem
2135 3453 2322 3562 judicato,

908 3584 998 3662 dicti
1018 3584 1167 3663 Barbou
1186 3599 1225 3661 et
1246 3580 1472 3671 Gamerius,
1499 3599 1691 3691 tamquam
1709 3613 1732 3661 a
1751 3583 1842 3662 false
1867 3601 1906 3661 et
1931 3612 2061 3691 pravo,
2090 3585 2139 3662 ad
2155 3601 2326 3663 nostram

907 3718 1048 3795 curiam
1068 3714 1303 3823 appellarunt
1317 3746 1326 3791 ε
1340 3714 1438 3793 Visis
1453 3714 1570 3821 igitur
1587 3716 1826 3821 processibus
1842 3716 1957 3824 partis
1967 3715 2164 3823 utriusque
2180 3732 2219 3793 et
2236 3714 2328 3792 dili-

906 3864 1038 3955 genter
1057 3846 1287 3935 examinutis,
1304 3874 1373 3953 per
1387 3846 1490 3923 'curie
1504 3863 1631 3925 nostre
1641 3846 1847 3955 judicium,
1868 3846 2011 3925 dic’tum
2025 3844 2099 3923 fuit
2113 3845 2330 3953 predictum

907 3978 1139 4085 prepositum
1153 3978 1252 4055 maie
1271 3976 1535 4083 pronunciasse
1553 3993 1592 4055 et
1609 3977 1730 4056 dictos
1748 3977 1976 4087 appellantes
1993 3978 2092 4056 bene
2106 3975 2329 4084 appellasse,

908 4124 946 4183 et
971 4107 1075 4214 quod
1101 4136 1213 4214 super
1240 4108 1341 4187 dicto
1363 4126 1680 4215 temperamento,
1708 4111 1876 4216 pertibus
1900 4108 2057 4198 auditis,
2087 4109 2192 4187 curia
2221 4107 2331 4186 faciet

903 4236 1054 4343 justicie
1073 4239 1401 4347 complementum.

965 4368 1064 4448 Jovis
1077 4388 1163 4449 ante
1178 4371 1461 4451 Pentbecosten.

962 4498 1068 4577 Greci
1082 4500 1293 4607 reportavit

961 4631 1152 4721 ¹Preterea,
1168 4660 1239 4738 pro
1250 4630 1353 4711 bono
1369 4632 1485 4741 pacis,
1498 4631 1572 4710 fuit
1585 4633 1820 4723 ordinatum,
1837 4658 1905 4740 per
1918 4634 2066 4740 aliquos
2079 4632 2129 4711 de
2143 4630 2328 4741 magistris

909 4760 1024 4849 curie,
1047 4760 1095 4839 de
1110 4760 1267 4869 negocio
1283 4761 1470 4868 predicto,
1486 4791 1556 4841 nec
1574 4763 1859 4843 ordinacionem
1878 4762 2012 4853 habui,
2033 4780 2073 4841 et
2088 4762 2184 4842 facta
2199 4761 2270 4839 fuit
2283 4761 2326 4837 in

906 4889 1155 4995 parlamento,
1177 4920 1275 4971 anno
1294 4895 1557 4975 trecentesimo
1576 4894 1816 4974 duodecimo.

963 5153 1149 5231 LXXVIH.
1181 5153 1277 5231 Cum
1290 5154 1402 5233 nobis
1413 5156 1653 5263 supplicasset
1665 5158 1796 5235 Drdcia
1807 5157 1856 5235 de
1866 5156 2086 5245 Cambeflis,
2099 5157 2188 5236 civis
2198 5156 2329 5237 Catur-

909 5282 1043 5371 censis,
1058 5284 1162 5392 quod
1178 5283 1406 5390 inquestam,
1423 5315 1491 5393 per
1502 5288 1674 5367 consules
1686 5307 1724 5368 et
1735 5289 1913 5369 vicarium
1922 5289 2328 5378 Catumenses,‘eontra

910 5442 1007 5503 eam,
1034 5442 1077 5493 ex
1100 5414 1223 5493 officio
1243 5442 1330 5508 suo,
1355 5442 1468 5523 super
1487 5417 1653 5527 quodam
1673 5420 1830 5497 crimine
1849 5420 1897 5498 de
1914 5447 1991 5526 quo
2012 5420 2219 5499 hebebatur
2239 5444 2329 5494 sus-
