5817 7292
1013 1075 1279 1184 suoutrns
1305 1093 1368 1164 ur
1394 1076 1618 1166 ruccas·
1942 1091 2016 1169 aaa

598 1235 709 1314 nobis
724 1253 760 1314 et
780 1235 965 1343 armigero
981 1235 1190 1345 allegatam,
1212 1251 1395 1342 quantum
1417 1233 1468 1310 ad
1484 1261 1611 1310 casum
1631 1233 1680 1312 de
1696 1261 1774 1338 quo
1786 1236 1918 1341 agitur,
1936 1260 2016 1313 esse
2055 1257 2186 1315 eruam
2198 1257 2242 1324 tt,

597 1365 808 1474 probatam,
830 1384 869 1444 et
882 1367 1026 1444 dictum
1042 1367 1246 1474 Symcncm
1264 1364 1580 1444 consuetudinem
1593 1363 1802 1469 predictam
1812 1391 1882 1470 per
1894 1365 2017 1469 ipsum
2116 1349 2178 1392 ”⁰⁹¹

598 1497 794 1605 allegatam
818 1497 1047 1575 sufficienter
1068 1497 1264 1603 probasse,
1293 1523 1361 1603 per
1386 1496 1488 1574 curie
1514 1512 1640 1572 nostre
1661 1494 1850 1601 judicium
1874 1495 2017 1572 dictum

599 1626 672 1705 fnit
694 1628 797 1734 quod
823 1657 957 1706 manus
976 1645 1118 1717 nocua,
1149 1627 1188 1705 in
1213 1629 1323 1706 bonis
1338 1627 1441 1704 dicti
1466 1625 1649 1703 lobannis
1675 1625 1711 1702 le
1737 1625 1941 1716 Proubain,
1963 1655 2021 1702 ra·

601 1757 708 1836 cione
732 1757 1001 1864 premissorum
1020 1757 1205 1864 apposita,
1226 1761 1315 1838 inde
1335 1757 1572 1836 amovebitur
1589 1783 1710 1861 usqne
1728 1755 1777 1832 ad
1796 1781 2022 1833 concurren-

601 1903 678 1964 tem
700 1915 884 1964 summm
902 1888 999 1965 dicte
1019 1889 1118 1966 dotis
1133 1889 1263 1994 petite.

657 2017 757 2094 lovis
774 2033 861 2124 post
878 2017 992 2096 Oculi
1011 2017 1098 2094 mei.

660 2147 760 2252 Roya
777 2146 985 2252 reportavit.

659 2410 766 2486 Lllll.
798 2412 900 2490 Mota
918 2411 1002 2502 lite,
1025 2413 1063 2486 in
1089 2439 1197 2490 cama
1217 2412 1480 2519 appellacionis
1496 2413 1692 2519 inteq'ecte
1712 2439 1780 2518 per
1801 2414 2023 2491 Michaelem

602 2544 745 2620 Fourre
768 2559 808 2619 et
827 2541 1078 2620 Guillelmum
1098 2541 1148 2619 de
1166 2545 1289 2650 Pynu,
1310 2561 1401 2619 tunc
1420 2543 1624 2621 servientes
1650 2561 1799 2619 nostros
1818 2545 1857 2621 in
1877 2543 2024 2620 ballivia

604 2670 902 2760 Constanciensi,
916 2697 1029 2776 super
1040 2670 1214 2776 pluribus
1227 2669 1637 2776 condempnacionibus
1649 2671 1754 2748 lactis
1766 2689 1895 2750 contra
1905 2673 2022 2777 ipsos,

604 2817 762 2907 tampro
780 2800 906 2888 nobis,
927 2827 1041 2906 quam
1057 2829 1126 2907 pro
1140 2817 1243 2906 parte
1258 2801 1492 2906 requirente,
1507 2827 1576 2906 per
1589 2802 1787 2907 magistros
1799 2799 1903 2878 P.·de
1916 2802 2026 2880 Arre-

605 2930 733 3037 blcyc,
755 2931 1061 3008 archidiaconum
1078 2929 1362 3008 borbonensem
1375 2933 1413 3006 iu
1428 2931 1583 3008 eeclesia
1595 2931 1834 3024 Bituriceusi,
1848 2949 1887 3008 et
1900 2934 2026 3009 Marti·

605 3089 699 3138 num
718 3061 770 3139 de
786 3061 992 3168 Crcponio,
1016 3061 1172 3140 clericos
1191 3079 1357 3152 nostros,
1384 3064 1584 3170 deputatos
1604 3093 1624 3138 a
1645 3063 1756 3140 uobis
1774 3063 1822 3139 ad
1842 3063 2027 3169 supplica-

605 3192 755 3270 cionem
770 3193 935 3298 episcopi
949 3193 1183 3300 Bryccemis,
1198 3191 1530 3298 adinquirendum
1547 3187 1595 3270 de
1607 3193 1886 3300 gmvaminibus
1900 3195 2026 3271 eidem

606 3323 783 3428 episcopo
801 3341 840 3400 et
858 3323 936 3399 suis
956 3321 1177 3407 bominibus
1197 3321 1325 3410 illatis,
1347 3340 1391 3398 ut
1408 3322 1614 3412 dicebatur,
1635 3349 1704 3427 per
1722 3324 1924 3436 servientes
1943 3349 2029 3401 noe-

606 3469 683 3530 tros
704 3452 854 3530 ballivie
874 3453 1061 3560 predicte,
1080 3469 1119 3529 et
1140 3453 1187 3528 ad
1207 3451 1420 3530 faciendum
1440 3450 1523 3528 lieri
1544 3452 1743 3530 emendam
1758 3453 1867 3530 nobis
1882 3469 1920 3530 et
1933 3454 2028 3559 parti

608 3582 655 3660 de
670 3583 944 3690 gravaminibus
960 3583 1198 3689 hujusmodi,
1216 3582 1264 3660 de
1274 3583 1415 3691 quibus
1425 3601 1635 3689 appareret,
1651 3609 1803 3661 necnon
1814 3584 1864 3661 ad
1873 3586 2032 3690 punien-

610 3713 701 3792 dum
722 3713 844 3792 dictos
863 3715 1079 3804 servientes,
1094 3714 1161 3820 qui
1178 3715 1434 3792 invenirentur
1447 3714 1487 3789 in
1500 3716 1691 3819 premissis
1710 3715 1940 3818 deliquisse:
1959 3717 2032 3793 Au-

610 3843 699 3922 ditis
709 3843 748 3920 in
759 3843 861 3920 curia
874 3859 1001 3920 nostra
1015 3843 1123 3920 dictis
1134 3844 1320 3948 partibus,
1333 3843 1495 3949 visisque
1508 3870 1683 3949 processu
1694 3860 1734 3920 et
1746 3842 2032 3920 condemnacio-

610 3973 723 4050 nibus
734 3971 927 4080 predictis,
942 3990 1181 4080 attenteque,
1195 4001 1263 4080 per
1272 3974 1414 4052 litteras
1427 3974 1654 4050 vicecomitis
1664 3973 1915 4060 Abrincensis,
1926 3977 2032 4080 quod

610 4102 699 4180 dicti
728 4101 889 4180 Micbacl
913 4121 954 4181 et
975 4101 1203 4181 Guillelmus
1224 4103 1323 4181 dicte
1349 4133 1417 4181 sue
1438 4102 1682 4210 appellacioni
1703 4105 2032 4202 renunciaverunt,

611 4252 703 4312 etse
724 4233 911 4310 dicturum
932 4233 1198 4338 deputatorum
1215 4251 1494 4339 supposuerunt
1508 4233 1708 4320 voluntati,
1725 4261 1887 4321 necnon,
1906 4235 2033 4312 audita

611 4365 806 4443 relacione·
818 4365 1084 4470 deputatorum
1103 4364 1377 4471 predictorum,
1398 4393 1467 4472 per
1485 4364 1590 4440 curio
1607 4377 1734 4443 nostre
1748 4363 1937 4471 judicium
1958 4367 2035 4444 dic-

611 4513 694 4574 tum
718 4493 791 4574 luit
809 4495 914 4602 quod
934 4495 1031 4574 dicte
1052 4495 1415 4602 condempuaciones
1434 4495 1623 4573 tenebunt
1642 4512 1680 4574 et
1698 4496 1913 4573 execucicni
1930 4526 2035 4574 man·

613 4625 813 4706 dabuntur.

670 4758 770 4836 lovis
789 4775 874 4864 post
892 4758 1001 4838 Oculi
1024 4761 1112 4836 mci.

671 5021 789 5098 thlt
826 5020 909 5099 Lite
929 5039 1051 5110 mota,
1072 5019 1112 5098 in
1134 5023 1238 5100 curia
1259 5037 1402 5110 nostra,
1422 5025 1531 5102 inter
1555 5023 1727 5102 abbatem
1749 5044 1787 5103 et
1811 5044 2036 5104 conventum

590 5243 602 5268 .
617 5153 833 5230 monasterii
854 5152 902 5228 de
921 5147 1330 5260 Sancti-Eligiibcute,
1347 5183 1389 5231 ex
1409 5183 1484 5231 una
1500 5173 1622 5262 parte,
1640 5174 1679 5234 et
1697 5155 1870 5235 abbatem
1892 5175 1930 5234 et
1949 5185 2038 5235 con·

616 5299 769 5360 ventum
784 5283 1068 5362 Sancti-Bertini
1083 5283 1131 5362 de
1142 5285 1525 5378 Sancto-Audcmaro,
1541 5305 1579 5366 ct
1593 5289 1899 5366 archidiaconum
1911 5290 2038 5364 Novio

618 5435 802 5500 mensem,
827 5441 869 5488 eu
891 5412 1021 5503 altera,
1043 5443 1156 5522 super
1177 5443 1223 5493 eo
1242 5417 1348 5524 quod
1368 5444 1454 5523 pars
1474 5418 1563 5496 dicti
1587 5420 1801 5496 monasterii
1824 5418 1872 5493 de
1894 5417 2038 5494 Sancti-
