5817 7292
868 1107 945 1183 ‚lot
1450 1109 1542 1182 LES
1573 1105 1711 1180 OLIM.

645 1261 775 1317 rursm
788 1261 832 1324 tv,
870 1231 1075 1340 mensem,
1099 1279 1141 1327 ex
1161 1249 1296 1339 altera,
1319 1278 1431 1357 super
1450 1251 1525 1328 hoc
1549 1249 1652 1356 quod
1674 1249 1974 1355 petebatdictus
1994 1249 2150 1326 clericus
2169 1251 2296 1356 plures
2333 1310 2335 1314 -

707 1353 770 1396 1³⁰9.

870 1409 930 1462 res
952 1381 1088 1489 ipsius,
1111 1380 1271 1460 mobiles
1291 1399 1328 1460 et
1345 1369 1578 1470 immobiles,
1600 1379 1758 1469 saisitas,
1770 1397 1900 1487 captas
1920 1398 1959 1457 et
1977 1380 2114 1457 levatas
2135 1409 2204 1487 per
2220 1382 2295 1459 dic-

869 1533 951 1591 tum
971 1511 1216 1592 senescallum
1246 1529 1284 1590 et
1307 1513 1510 1590 servientes
1528 1539 1616 1588 suos
1640 1512 1747 1588 etde
1771 1511 1888 1617 ipsius
1908 1509 2103 1601 mandato,
2131 1529 2175 1588 ut
2196 1512 2297 1590 dice-

870 1646 992 1738 batur,
1015 1645 1141 1722 minus
1156 1642 1258 1750 juste
1284 1661 1322 1720 et
1341 1644 1421 1720 sine
1442 1671 1550 1720 causa
1569 1641 1809 1730 racionabili‚
1831 1671 1921 1720 cum
1941 1641 2125 1719 fructibus
2145 1671 2298 1750 percep

869 1779 917 1854 tis
937 1795 974 1854 et
993 1778 1058 1883 qui
1077 1775 1219 1883 percipi
1240 1793 1444 1880 potuerunt
1465 1773 1614 1863 exinde,
1637 1802 1713 1851 una
1737 1803 1823 1850 cum
1845 1774 2018 1880 dampnis
2037 1792 2075 1850 et
2097 1774 2293 1864 interesse,

869 1910 1017 1986 racione
1034 1909 1231 2013 vinearum,
1247 1924 1286 1985 et
1303 1923 1489 1984 terrarum
1510 1933 1663 1982 suarum
1691 1933 1768 1983 non
1794 1905 1998 1993 cultarum,
2023 1905 2183 1982 durante
2203 1924 2298 1982 tem·
2386 1937 2398 1952 .

868 2069 961 2148 pore
977 2039 1076 2118 dicte
1090 2039 1291 2147 capcionis‚
1312 2037 1382 2115 sibi
1400 2037 1531 2125 reddi;
1552 2037 1662 2128 item,
1683 2037 1838 2146 injurias
1853 2037 1983 2144 plures
1995 2037 2120 2114 eidem
2138 2065 2206 2144 per
2219 2037 2297 2114 dic-

867 2189 950 2248 tum
970 2171 1216 2250 senescallum
1238 2200 1303 2250 scu
1317 2197 1405 2248 suos
1420 2169 1637 2260 servientes,
1659 2169 1741 2275 ipso
1762 2169 1980 2256 mandante,
2002 2185 2045 2245 ut
2065 2167 2228 2252 dicebat,
2250 2169 2294 2244 il··

869 2303 961 2382 latas
987 2303 1057 2382 sibi
1086 2301 1294 2390 emendari,
1322 2300 1423 2379 dicto
1450 2298 1652 2378 senescallo
1682 2300 1722 2377 in
1752 2301 1981 2378 contrarium
2007 2297 2154 2376 dicente
2180 2327 2219 2376 se
2245 2300 2293 2377 ad

868 2435 1051 2544 premissa
1069 2463 1146 2512 non
1166 2434 1305 2520 teneri,
1325 2463 1429 2520 cum,
1452 2433 1483 2508 si
1502 2431 1628 2538 aliqua
1643 2452 1811 2540 ceperat,
1828 2432 2034 2520 saisirem,
2050 2430 2130 2538 capi
2147 2459 2214 2507 seu
2226 2432 2295 2507 sai-

868 2568 931 2644 siri
952 2567 1090 2645 fecerat
1116 2567 1162 2644 de
1186 2565 1296 2642 bonis
1324 2564 1440 2671 ipsius
1465 2565 1608 2656 clerici,
1632 2566 1707 2642 hoc
1730 2565 1867 2642 lecerat
1883 2565 1985 2672 juste
2013 2581 2051 2640 et
2075 2562 2191 2655 licite,
2219 2581 2293 2638 tam

868 2716 1022 2805 propter
1035 2697 1164 2804 plures
1182 2695 1462 2774 inobediencias
1482 2713 1520 2772 et
1539 2697 1734 2786 emendas,
1756 2696 1796 2774 in
1816 2696 1956 2804 quibus
1974 2695 2084 2773 nobis
2097 2691 2295 2771 tenebatur

869 2829 992 2907 dictus
1013 2828 1185 2917 clericus,
1209 2856 1321 2934 quam
1345 2828 1463 2906 eciam
1485 2828 1633 2907 racione
1652 2828 1920 2906 mandatorum
1942 2825 2149 2933 superhoc
2169 2825 2295 2901 eidem

867 2959 1066 3054 lectorum,
1100 2959 1308 3039 secundum
1336 2959 1652 3038 consuetudinem
1683 2960 1834 3068 patric,
1851 2978 1928 3036 tam
1956 2958 2004 3035 ab
2034 2957 2296 3034 archidiacono

867 3092 1142 3201 Engolismensi
1167 3121 1278 3200 quam
1307 3088 1494 3170 officiariis
1519 3091 1721 3170 Pictavensi
1752 3108 1790 3170 et
1813 3091 2052 3179 bituricensi,
2079 3090 2295 3166 auctoritate

869 3253 1030 3332 quorum
1049 3226 1171 3302 dictus
1190 3223 1348 3301 clericus
1366 3241 1444 3300 erat
1465 3241 1503 3300 et
1523 3224 1589 3300 diu
1608 3223 1727 3301 luerat
1747 3241 1785 3300 et
1804 3224 1928 3301 adhuc
1948 3240 2018 3313 est,
2040 3239 2082 3297 ut
2100 3223 2177 3326 ipse
2194 3220 2294 3295 dice-

868 3356 949 3445 bat,
973 3354 1315 3434 excommunicatus
1336 3371 1373 3432 et
1394 3353 1653 3461 multipliciter
1672 3373 1899 3463 aggravatus,
1915 3353 2069 3459 quihus,
2085 3350 2190 3456 juata
2210 3379 2293 3426 con-

869 3487 1111 3566 suetudinem
1126 3487 1262 3594 patrie‚
1277 3486 1477 3564 tenebatur
1492 3486 1667 3577 obedire,
1686 3503 1723 3563 et
1740 3486 1950 3592 specialiter
1960 3484 2064 3591 quia,
2079 3511 2194 3588 super
2208 3509 2294 3587 pre-

869 3617 1020 3706 missis,
1043 3635 1250 3721 conventus,
1275 3618 1396 3694 dictus
1428 3617 1673 3708 senescallus,
1705 3618 1751 3694 ad
1780 3617 1998 3693 instanciam
2033 3614 2121 3691 dicti
2148 3614 2289 3701 clerici,

870 3777 993 3828 coram
1014 3767 1163 3828 cantore
1182 3749 1440 3832 Aurelianensi
1464 3768 1502 3828 et
1518 3751 1688 3828 lohanne
1710 3751 1758 3829 de
1778 3751 1986 3856 Rouveroy,
2010 3745 2146 3831 milite,
2170 3734 2292 3851 inquiss

868 3881 1046 3960 sitoribus
1063 3883 1101 3960 in
1119 3883 1228 3960 dictis
1243 3882 1335 3960 locis
1349 3901 1477 3961 contra
1492 3882 1670 3960 officiales
1681 3899 1830 3960 nostros
1845 3913 1865 3957 a
1881 3879 1991 3959 nobis
2007 3879 2218 3985 deputatos,
2237 3905 2297 3953 au-

870 4013 958 4091 ditis
977 4014 1177 4120 propositis
1202 4043 1268 4120 per
1293 4015 1416 4120 ipsum
1438 4015 1617 4092 clericum
1639 4031 1675 4091 et
1696 4013 1980 4093 defensionibus
1999 4009 2193 4087 senescalli
2213 4037 2298 4116 pre-

869 4144 974 4236 dicti,
988 4142 1108 4258 fuerat
1120 4147 1408 4253 pronunciatum
1426 4144 1627 4252 perdictos
1640 4145 1879 4252 inquisitores
1890 4144 2034 4220 dictum
2051 4137 2293 4218 senescallum

864 4277 965 4384 juste
988 4293 1025 4354 et
1045 4277 1113 4358 rite
1135 4307 1288 4357 manum
1314 4277 1538 4356 nostramin
1558 4276 1669 4355 bonis
1692 4277 1781 4353 dicti
1802 4276 1924 4353 clerici
1945 4274 2183 4381 apposuisse:
2200 4271 2295 4350 Visis

869 4407 983 4515 igitur
1001 4409 1184 4516 inquestis
1204 4438 1317 4516 super
1336 4411 1409 4488 hoc
1430 4409 1674 4486 demandato
1694 4426 1822 4486 nostro
1841 4407 1962 4499 factis,
1979 4405 2181 4512 auditaque
2203 4403 2297 4481 rela-

869 4540 977 4619 cione
991 4540 1109 4648 ipsius
1124 4542 1301 4638 cantoris,
1315 4541 1401 4618 visis
1419 4541 1534 4618 eciam
1553 4540 1789 4646 processibus
1803 4538 1999 4646 predictis,
2018 4555 2092 4613 tam
2111 4565 2181 4642 pro
2195 4535 2294 4610 dicto

825 4660 833 4666 ¹
869 4671 1005 4755 clerico
1029 4703 1140 4781 quam
1166 4690 1296 4756 contra
1316 4674 1441 4779 ipsum
1463 4673 1567 4750 lactis
1590 4691 1628 4748 et
1653 4671 1806 4781 habitis,
1829 4700 1897 4777 per
1920 4670 2023 4746 curie
2049 4685 2175 4744 nostre
2189 4665 2291 4772 judi-

869 4805 967 4882 cium
990 4805 1132 4882 dictum
1155 4803 1224 4882 suit
1248 4804 1464 4912 predictum
1487 4803 1735 4882 senescallum
1756 4829 1911 4878 manum
1930 4817 2094 4876 nostram
2120 4800 2157 4874 in
2186 4797 2293 4873 dictis

867 4933 979 5012 bonis
998 4936 1203 5042 appositam
1224 4935 1324 5012 licite
1341 4936 1573 5044 apposuisse,
1592 4953 1630 5012 ct
1644 4935 1754 5042 quod
1768 4961 1901 5010 manus
1918 4947 2043 5007 nostra
2062 4930 2103 5005 in
2117 4928 2226 5006 bonis
2239 4927 2296 5034 ip·

867 5065 946 5142 sius
971 5064 1094 5142 clerici
1114 5067 1303 5144 tenebitur
1323 5095 1520 5176 quousque
1541 5066 1589 5144 de
1609 5065 1846 5144 absolucione
1868 5092 1934 5140 sua
1955 5078 2112 5148 constet,
2136 5078 2174 5138 et
2192 5059 2294 5167 quod

866 5217 943 5274 tam
965 5196 1139 5275 debonis
1160 5198 1365 5277 mobilibus
1386 5199 1501 5304 ipsius
1522 5199 1662 5287 clerici,
1684 5197 1800 5306 captis
1822 5226 1888 5274 seu
1909 5194 2044 5272 saisitis
2063 5223 2130 5300 per
2150 5191 2290 5268 dictum

868 5330 1114 5418 senescallum
1136 5359 1203 5410 seu
1222 5361 1309 5410 suos
1328 5332 1549 5423 servientes,
1570 5360 1683 5439 quam
1706 5331 1824 5408 eciam
1845 5329 1893 5404 do
1911 5327 2096 5404 fructibus
2116 5321 2291 5399 immobi-

867 5461 961 5540 lium
982 5490 1048 5568 per
1069 5462 1169 5568 ipsos
1188 5462 1547 5569 perceptissaisitis
1567 5479 1604 5538 et
1620 5461 1746 5538 levatis
1767 5459 1886 5567 etqui
1908 5457 2049 5567 percipi
2070 5469 2291 5562 potuemnt,
