5817 7292
1036 1111 1306 1219 nuounrns
1333 1129 1397 1202 nr
1423 1111 1628 1204 enocns.
1996 1130 2045 1201 ss

624 1266 791 1346 eundem
801 1267 996 1346 bominem
1007 1269 1160 1350 tenebat
1172 1269 1242 1350 sub
1260 1269 1373 1349 Ieodo
1389 1287 1537 1360 nostro,
1549 1269 1698 1347 racione
1708 1269 1930 1376 Campanie,
1942 1271 2045 1348 dicto
2083 1275 2214 1330 rutum
2225 1275 2269 1338 ll»

621 1399 791 1478 Jobanne
810 1398 965 1476 Provain
985 1399 1026 1478 in
1046 1401 1274 1481 contrarium
1294 1417 1483 1478 asserente
1503 1417 1542 1477 et
1565 1427 1605 1476 se
1625 1427 1706 1478 esse
1725 1399 1889 1476 liberum
1909 1429 2047 1507 propo
2145 1368 2208 1409 nn.

624 1547 761 1619 nentc;
777 1531 950 1620 tandem,
964 1532 1066 1611 dicto
1085 1531 1261 1611 scutifero
1277 1561 1425 1610 causam
1447 1530 1668 1640 hujusmodi
1683 1558 1761 1608 non
1775 1549 2043 1638 prosequente,

625 1661 714 1738 dicti
738 1660 959 1742 collectores
982 1679 1021 1742 et
1038 1663 1228 1742 Iohannes
1243 1665 1398 1741 Provain
1418 1664 1459 1740 in
1479 1661 1613 1741 eadem
1632 1689 1742 1740 causa
1755 1680 2045 1769 processerunt:

625 1790 775 1870 Auditis
790 1793 904 1900 igitur
921 1794 1135 1872 racionibus
1151 1794 1393 1888 eorumdem,
1412 1811 1449 1872 et
1463 1794 1538 1872 visa
1560 1793 1732 1901 inquesta
1751 1819 1867 1898 super
1885 1793 1976 1879 boc,
1998 1793 2048 1868 de

625 1921 805 2000 mandato
817 1923 919 2000 curie
932 1940 1075 2013 nostre,
1090 1924 1199 2015 neu,
1212 1953 1281 2031 per
1293 1925 1395 2004 curie
1409 1942 1535 2003 nostre
1544 1923 1750 2032 judicium,
1765 1921 1911 2001 dictum
1925 1922 1998 2000 tuit
2012 1941 2050 2000 et

626 2053 919 2158 pronunciatum
946 2052 1133 2159 predictos
1153 2054 1387 2144 collectores,
1414 2083 1484 2160 pro
1509 2051 1635 2144 nobis,
1663 2053 1918 2130 intencionem
1942 2081 2048 2130 suam

625 2181 834 2285 predictam
856 2199 985 2262 contra
1005 2183 1148 2262 dictum
1165 2184 1376 2263 Iohannem
1397 2184 1555 2262 Provain
1574 2183 1804 2262 sufficienter
1820 2184 2011 2290 probasse.

682 2313 812 2390 Martis
830 2330 916 2392 ante
935 2313 1281 2398 Annunciacionem
1301 2315 1541 2398 dominicam.

682 2443 854 2524 Bocellus
872 2446 1083 2551 reportavit.

685 2709 843 2788 XXVIII.
875 2711 970 2790 Cum
1002 2714 1178 2820 magister
1205 2715 1451 2820 Raymundus
1479 2715 1528 2792 de
1552 2716 1737 2803 Bisturre‚
1756 2714 1874 2821 judex
1898 2742 1919 2788 a
1943 2712 2053 2789 nobis

632 2835 742 2914 datus
759 2840 965 2918 Beruando
986 2841 1033 2918 de
1048 2841 1258 2920 Pestilbeco
1278 2845 1317 2920 in
1337 2844 1515 2922 omnibus
1530 2843 1650 2920 causis
1664 2843 1743 2920 suis
1756 2871 1871 2948 super
1884 2841 2057 2947 pluribus

632 2965 846 3058 violenciis,
870 2969 1079 3048 excessibus
1100 2987 1138 3049 et
1157 2973 1303 3082 injuriis
1322 2975 1508 3080 magistro·
1520 2975 1631 3050 Petro
1655 2971 1806 3060 Marini,
1825 2989 1918 3049 tunc
1938 2971 2057 3077 ipsius

630 3098 680 3174 M.
698 3099 910 3206 Raymundi
930 3101 1027 3180 vices
1040 3104 1204 3210 gerenti,
1224 3121 1263 3180 et
1279 3103 1505 3212 quibusdam
1523 3103 1607 3182 aliis
1621 3131 1707 3180 cum
1727 3129 1773 3181 eo
1791 3102 2053 3193 existentibus,
2076 3165 2083 3178 .

631 3227 823 3336 ipsiusque
844 3229 1011 3309 officium
1030 3233 1149 3310 immo
1172 3251 1346 3313 nostrum
1367 3233 1645 3322 exercentibus,
1667 3232 1781 3312 illatis
1800 3251 1839 3310 et
1858 3233 1982 3310 eidem
1997 3235 2056 3342 ju·

632 3358 723 3448 dici,
735 3389 804 3468 per
812 3361 956 3440 dictum
969 3365 1189 3472 magistrum
1199 3365 1369 3454 Petrum,
1388 3363 1624 3442 denuncietis
1639 3380 1767 3441 contra
1778 3363 1996 3469 Philippum
2008 3363 2056 3440 de

629 3490 856 3583 Joncberiis,
872 3509 1068 3571 tenentem
1079 3493 1207 3572 locum
1218 3493 1439 3603 gardiatoris
1455 3494 1805 3602 Montis-caprarii,
1822 3492 2056 3572 Bernardum

632 3620 680 3700 de
693 3623 901 3702 Pestilbaco
915 3625 963 3703 de
976 3625 1141 3716 Bastida,
1156 3626 1337 3740 Poncium
1352 3625 1399 3704 de
1413 3625 1720 3733 Sancto-Egidio,
1739 3625 1895 3732 Helyam
1908 3624 1956 3701 de
1969 3624 2059 3703 Cer-

560 3733 564 3742 ’
633 3771 751 3844 meto,
769 3755 970 3863 Hugonem
991 3756 1039 3835 de
1055 3758 1257 3848 Mnnhaco,
1274 3757 1525 3836 Bertrandum
1540 3757 1589 3835 de
1607 3755 1831 3846 Gnillelmo,
1848 3773 1887 3833 et
1904 3754 2060 3834 Gnillel-

633 3911 739 3960 mum
760 3886 809 3962 de
825 3886 1137 3978 Podio-Gizeelli,
1160 3905 1199 3966 et
1217 3888 1346 3995 plures
1365 3888 1460 3965 elios
1478 3887 1654 3966 homines
1673 3887 1772 3964 dicte
1786 3885 1931 3964 bastide
1950 3890 2059 3965 Mon-

633 4011 878 4119 tis-Caprarii,
899 4017 988 4123 ipsis
1006 4019 1145 4096 vocatis
1164 4035 1202 4096 et
1220 4045 1288 4124 per
1308 4017 1581 4096 contumaciam
1597 4016 1830 4105 absentibus,
1852 4018 2058 4124 positisque

634 4169 702 4248 per
714 4171 802 4220 eum
816 4145 958 4251 pluries
973 4148 1013 4226 in
1029 4149 1211 4238 deffectu,
1229 4147 1376 4227 lecisset
1389 4149 1584 4226 veritatem
1599 4145 1739 4252 inquiri
1753 4177 1762 4220 ε
1778 4145 1966 4233 Tandem,
1983 4147 2060 4222 visa

635 4271 806 4380 inquesta
826 4278 992 4381 predicta
1012 4294 1051 4358 et
1069 4280 1268 4388 diligenter
1289 4277 1513 4368 examinata,
1530 4306 1600 4384 per
1614 4274 1773 4352 eandem
1793 4275 1989 4352 inventurn
2005 4294 2061 4356 est

635 4404 741 4510 quod
754 4403 876 4484 dictus
887 4406 1083 4515 Philippus
1098 4409 1365 4488 deJoncberiis
1378 4407 1490 4485 etalii
1502 4404 1772 4516 prenominati,
1785 4433 1827 4482 ac
1838 4405 1900 4484 alii
1914 4405 2058 4513 plures,

635 4564 722 4614 cum
736 4565 869 4647 magna
881 4539 1147 4630 multitudine,
1164 4557 1315 4618 centum
1331 4540 1532 4620 hominum
1542 4555 1581 4616 et
1593 4537 1779 4644 plurium,
1794 4555 1872 4616 tam
1887 4540 2060 4646 equitum

635 4693 750 4774 quarn
774 4669 965 4776 peditum,
993 4670 1147 4750 diversis
1171 4701 1363 4750 armorum
1386 4671 1590 4781 generibus
1614 4687 1860 4759 armatorum,
1883 4689 2062 4750 exeuntes

636 4795 683 4878 de
709 4799 808 4880 dicte
828 4799 973 4880 bastida
992 4801 1032 4880 in
1050 4801 1108 4878 vin
1126 4803 1296 4909 publica,
1318 4805 1514 4882 irruerunt
1530 4803 1571 4879 in
1591 4801 1735 4878 dictum
1755 4800 1975 4909 magistrum
1993 4804 2062 4881 Pe-

635 4947 736 5008 trum
756 4960 798 5009 ac
817 4932 971 5012 Petrum
991 4933 1040 5012 de
1059 4934 1213 5013 Mozeiis
1232 4951 1270 5014 et
1288 4935 1547 5025 Simonetum‚
1566 4932 1770 5010 servientes
1788 4946 1952 5023 nostros,
1974 4963 2061 5010 cum

637 5089 684 5140 eo
698 5063 912 5155 existentes,
928 5082 968 5144 et
980 5065 1145 5144 eundem
1161 5068 1213 5146 M.
1229 5068 1384 5145 Petrum
1398 5093 1467 5172 per
1480 5065 1630 5144 frenum
1645 5061 1734 5170 eqni
1748 5062 1806 5141 sui
1822 5061 1862 5138 in
1876 5063 1998 5169 platea
2013 5065 2060 5142 de

636 5192 844 5274 Pestilbaco
862 5196 1119 5287 adduxerunt,
1138 5215 1175 5276 et
1193 5197 1338 5277 ibidem
1352 5197 1424 5276 sibi
1440 5197 1569 5303 plures
1584 5193 1739 5302 injurias
1758 5192 1985 5284 intulerunt,
2003 5197 2061 5272 in·

636 5339 696 5402 ter
707 5354 804 5432 qnos
813 5326 945 5407 Petrus
955 5327 1104 5408 Sentilli
1116 5328 1252 5408 dixisse
1266 5329 1471 5416 invenitur,
1482 5363 1496 5394 ι
1508 5325 1783 5405 Interliciamus
1792 5325 1935 5432 ipsum;
1951 5362 1963 5392 ·
1978 5325 2062 5400 Phi-

640 5451 743 5560 lippo
764 5457 812 5536 de
826 5459 1035 5540 Joncberiis
1051 5476 1089 5536 et
1106 5461 1265 5569 Hugone
1289 5457 1338 5536 de
1351 5457 1535 5536 Menbaco
1551 5455 1786 5542 dicentibus:
1804 5455 1927 5536 ublale
1943 5455 2015 5530 erit
2028 5456 2059 5530 si
