5817 7292
1030 1086 1297 1198 enormes
1323 1111 1388 1182 nr
1412 1092 1621 1183 rnocss.
1962 1111 2035 1185 tos

601 1252 673 1331 fuit
695 1253 744 1330 ad
762 1249 1002 1330 reddendum
1026 1251 1134 1329 dictis
1155 1251 1308 1330 duobus
1325 1253 1486 1341 valletis,
1508 1250 1683 1328 videlicet
1701 1252 1802 1330 dicto
1823 1255 2036 1334 lohannetc
2075 1260 2205 1316 Parnm
2219 1261 2262 1325 W·

603 1384 820 1492 quindecim
837 1382 1010 1462 denarios
1025 1383 1271 1475 Parisienses,
1290 1401 1327 1462 et
1343 1385 1444 1462 dicto
1461 1382 1628 1462 Mahieto
1646 1401 1732 1463 octo
1748 1385 1923 1463 denarios
1936 1389 2038 1465 Pari-
2138 1354 2201 1397 ’Μ’

602 1516 759 1605 sienses,
779 1543 848 1622 pro
867 1513 969 1593 victu
983 1541 1117 1592 eorum
1137 1515 1305 1621 qualibet
1328 1516 1407 1605 die,
1427 1515 1613 1622 quamdiu
1634 1515 1704 1621 ipsi
1725 1515 1839 1595 vitam
1860 1517 2037 1596 duxerint

603 1648 642 1723 iu
663 1647 856 1737 humanis,
879 1663 916 1724 et
936 1646 984 1724 ad
1005 1646 1247 1727 reddendum
1272 1648 1373 1726 dicto
1392 1647 1595 1754 Radulphc
1614 1649 1741 1725 omnia
1762 1648 1863 1726 bona
1882 1675 1947 1726 sua
1969 1679 2036 1755 per

604 1780 767 1858 cundem
785 1779 999 1858 lohannem
1023 1795 1224 1884 asportata,
1247 1779 1407 1858 indicta
1433 1780 1608 1886 inquesta
1630 1795 1824 1868 contenta,
1847 1796 1886 1857 et
1905 1809 2037 1862 omnes

604 1911 730 1990 misiae
743 1940 835 2018 quas
849 1911 929 2016 ipse
942 1909 1031 1988 lecit
1045 1911 1084 1986 in
1097 1910 1255 1989 medicis
1265 1929 1303 1988 et
1315 1911 1416 2004 aliis,
1431 1939 1501 2017 pro
1515 1911 1712 1988 curacione
1726 1912 1914 1988 dictorum
1925 1913 2038 1991 valle-

603 2061 731 2120 torum
752 2069 910 2120 suorum
936 2058 973 2118 ct
996 2043 1270 2148 prosequcione
1296 2043 1440 2149 negocii
1460 2043 1684 2148 supradicti,
1708 2061 1761 2132 et,
1783 2071 1853 2150 pro
1876 2045 2038 2122 emenda

603 2171 688 2248 facti
701 2172 938 2280 hujusmodi,
954 2173 1130 2250 dominus
1141 2176 1218 2250 Rex
1228 2173 1387 2264 fructus,
1402 2175 1522 2252 exitus
1536 2192 1574 2252 et
1586 2193 1789 2281 proventus
1802 2176 1923 2253 tocius
1937 2194 2036 2254 terre

604 2303 694 2380 dicti
713 2302 895 2380 Johaunis
916 2331 958 2379 ex
980 2303 1127 2410 integro
1151 2305 1332 2411 percipiet
1353 2323 1389 2382 et
1411 2304 1548 2383 levabit
1568 2334 1636 2412 per
1657 2336 1775 2383 unvtm
1797 2335 1950 2384 annum.

660 2437 692 2510 l.
718 2435 766 2511 de
784 2433 906 2513 Voissi
929 2435 1141 2540 reportavit.

658 2566 759 2644 lovis
774 2583 860 2671 post
880 2581 1042 2642 sanctam
1062 2566 1230 2644 Luciam.

661 2830 785 2908 CVlll.
816 2828 912 2906 Cum
929 2826 1361 2935 decanusetcapitulum
1373 2829 1765 2922 Sancti-Quintionis
1777 2832 2034 2921 Viromaudia,

606 2962 644 3036 in
666 2989 733 3038 sua
756 2959 922 3068 prisione
943 2977 1093 3066 captum
1114 2977 1287 3036 tenerent
1307 2960 1503 3038 Matheum
1524 2959 1673 3068 Aignel,
1697 2989 1831 3040 eorum
1855 2965 2039 3071 majorem

606 3093 653 3170 de
674 3091 896 3182 Baonviller,
917 3119 987 3198 pro
1008 3087 1179 3199 eoquod
1200 3091 1396 3170 dicebatur
1414 3092 1519 3198 quod
1534 3092 1639 3170 idem
1651 3093 1783 3201 major,
1801 3094 1840 3170 in
1854 3095 1969 3172 domo
1988 3096 2038 3172 de

604 3223 828 3314 Baonvillcr,
857 3223 1044 3302 dictorum
1071 3223 1204 3300 decani
1228 3240 1267 3300 et
1293 3223 1464 3328 capituli,
1490 3241 1741 3330 receptaverat
1761 3227 1947 3332 quosdam
1971 3227 2038 3333 qui

606 3354 848 3434 domicellam
863 3355 912 3434 de
927 3353 1214 3434 Cordemanche
1230 3354 1397 3460 rapuisse
1416 3354 1652 3446 dicebantur,
1667 3355 1827 3434 ballivus
1843 3358 2040 3437 Viroman-

606 3486 749 3576 densis,
768 3503 922 3594 propter
941 3484 1080 3562 lactum
1102 3485 1340 3593 hujusmodi,
1369 3484 1415 3562 ad
1440 3513 1597 3562 manum
1615 3485 1762 3564 domini
1782 3488 1893 3594 Regis
1912 3489 2041 3594 posuit

606 3618 744 3698 dictam
762 3620 936 3705 domum,
950 3618 1219 3726 justiciamque
1239 3617 1428 3694 dictorum
1453 3616 1584 3694 decani
1605 3635 1644 3694 et
1664 3619 1819 3724 capituli
1839 3637 1876 3696 et
1897 3621 2039 3699 dictum

608 3752 806 3856 majorem,
833 3777 949 3856 quem
973 3750 1019 3826 de
1043 3749 1208 3856 prisione
1230 3748 1453 3828 eorumdem
1474 3749 1648 3837 extraxit3
1663 3751 1845 3854 quocirca
1862 3750 1950 3826 dicti
1972 3752 2039 3830 dc-

609 3909 724 3958 canus
745 3897 782 3956 et
807 3879 1014 3986 capitulum
1040 3880 1235 3985 pecierunt
1260 3907 1299 3956 se
1326 3877 1374 3954 de
1405 3878 1506 3955 dicto
1529 3877 1768 3984 majoresne
1796 3880 1974 3968 resaisiri,
2001 3899 2040 3960 et

610 4039 766 4087 manum
787 4009 932 4090 domini
957 4011 1068 4118 Regis
1091 4010 1138 4090 de
1159 4009 1338 4116 predictis
1358 4009 1476 4086 domo
1496 4026 1536 4085 et
1555 4008 1704 4115 justicia
1726 4011 1911 4101 amoveri,
1938 4011 2038 4088 dicto

608 4141 746 4222 ballivo
761 4141 888 4248 plures
903 4143 1072 4222 raciones
1085 4143 1124 4220 in
1139 4142 1370 4220 connatam
1384 4157 1620 4248 proponente
1638 4171 1648 4216 ε
1664 4141 1814 4220 Auditis
1829 4143 1945 4252 igitur
1956 4172 2040 4251 par-

608 4275 712 4354 tibus
731 4273 944 4367 antedictis,
967 4273 1042 4352 visa
1065 4274 1180 4352 eciam
1202 4273 1364 4380 quadam
1388 4273 1560 4383 inquesta
1577 4301 1695 4379 super
1713 4273 1787 4350 hoc
1804 4303 1874 4381 per
1894 4274 2038 4354 dictum

610 4406 791 4485 ballivum
813 4404 921 4495 lacta,
943 4432 1012 4514 per
1030 4422 1214 4484 arrestum
1235 4421 1362 4482 nostre
1377 4404 1480 4480 curie
1497 4402 1642 4480 dictum
1658 4402 1731 4481 suit
1745 4404 1851 4512 quod
1869 4405 1961 4484 dicti
1973 4408 2042 4486 de·

611 4565 726 4616 canus
745 4555 783 4616 et
802 4535 1010 4643 capitulum
1026 4535 1074 4614 de
1093 4535 1192 4614 dicto
1208 4536 1351 4643 majore
1365 4561 1435 4612 suo
1449 4534 1700 4625 rescidentur,
1717 4552 1754 4614 et
1769 4536 1874 4642 quod
1890 4563 2040 4616 amove-

611 4669 715 4748 bitur
734 4670 832 4747 dicta
851 4697 984 4746 manus
1007 4667 1152 4747 domini
1173 4669 1284 4778 Regis
1303 4667 1472 4774 apposita
1491 4667 1531 4743 in
1549 4666 1728 4774 predictis
1747 4669 1865 4746 domo
1884 4687 1922 4746 et
1935 4671 2041 4779 justi-

611 4801 667 4878 cia
682 4800 926 4890 eommdem3
944 4800 1066 4907 stipsi
1083 4799 1248 4878 decanus
1259 4816 1298 4876 et
1311 4797 1519 4905 capitulum
1530 4797 1665 4877 faciant
1676 4801 2041 4906 superhoculterius

611 4932 716 5039 quod
731 4932 937 5012 debebunt.

669 5066 773 5142 Luae
788 5081 875 5142 ante
890 5062 1120 5144 Brandones.

671 5329 764 5408 CIX.
795 5330 893 5409 Cum
915 5329 956 5406 in
982 5357 1108 5422 causa,
1136 5355 1262 5405 coram
1287 5327 1479 5435 preposito
1501 5327 1699 5406 Parisiensi
1719 5327 1927 5434 pendente,
1944 5325 2042 5400 inter

616 5460 775 5538 heredes
791 5459 958 5539 defimcti
972 5460 1153 5539 lobannis
1168 5459 1215 5539 de
1229 5457 1457 5554 Silvanecto,
1474 5487 1517 5538 ex
1532 5487 1609 5536 una
1621 5475 1744 5564 parte,
1763 5475 1800 5535 et
1815 5453 2041 5563 Dyonisium

1907 5617 1957 5680 63.
