5817 7292
843 1117 889 1187 56
1418 1120 1510 1192 LES
1541 1118 1680 1192 OLlM.

615 1282 744 1334 aarum
757 1279 800 1340 tv,
840 1291 928 1359 rum
946 1263 1101 1370 bajone,
1131 1261 1272 1338 femine
1296 1261 1490 1367 quondam
1514 1261 1563 1339 de
1589 1287 1765 1366 corpore,
1787 1259 1989 1356 defuncte,
2002 1293 2139 1371 proeo
2157 1276 2263 1378 quod

676 1371 738 1414 1³00.

840 1395 929 1471 dicti
956 1394 1118 1503 religiosi
1150 1393 1364 1472 asserebant
1392 1395 1622 1500 Luquetam,
1651 1409 1811 1470 matrem
1842 1394 1940 1474 dicte
1963 1397 2124 1504 Bejone,
2150 1401 2263 1485 fuisse

838 1525 1017 1604 seminam
1039 1556 1171 1605 eorum
1194 1528 1241 1604 de
1262 1554 1418 1632 corpore
1440 1543 1478 1603 et
1501 1526 1548 1602 de
1569 1525 1696 1612 orina,
1721 1541 1761 1602 et
1778 1552 1848 1630 per
1873 1555 2105 1636 consequens
2127 1533 2263 1614 dictam

837 1661 1017 1766 bajoriam
1043 1688 1176 1737 eorum
1205 1657 1382 1734 feminam
1413 1657 1595 1747 extitisse3
1620 1654 1835 1732 asserebant
1864 1658 1982 1736 eciam
2009 1689 2049 1738 se
2079 1661 2194 1742 luisse
2222 1668 2262 1744 in

836 1791 1071 1896 possessione
1096 1791 1155 1867 vel
1181 1789 1286 1896 quasi
1312 1787 1482 1865 talliandi
1509 1805 1548 1864 et
1578 1787 1810 1893 explectandi
1842 1787 1961 1868 dictas
1984 1789 2160 1887 feminas,
2182 1813 2262 1875 tan-

837 1951 949 2026 quam
970 1921 1128 2003 feminas
1148 1949 1232 1998 suas
1253 1920 1300 1996 de
1321 1947 1479 2024 corpore
1499 1936 1537 1996 et
1559 1919 1607 1996 de
1627 1917 1753 1999 servili
1774 1919 2014 2014 condicione,
2037 1926 2189 2030 quando
2208 1959 2262 2006 ca.

721 2037 725 2044 4
837 2081 899 2128 sus
924 2081 963 2128 se
986 2051 1181 2142 offerebata
1209 2050 1346 2132 ballivo
1367 2049 1458 2127 dicti
1481 2050 1626 2128 domini
1654 2048 1818 2155 Philippi
1847 2051 1886 2126 in
1907 2057 2137 2132 contrarium
2164 2087 2262 2138 asse·

836 2199 959 2274 rente,
977 2201 1016 2261 et
1036 2185 1182 2262 dicente
1200 2183 1345 2260 dictum
1364 2181 1565 2259 dominum
1579 2180 1801 2286 Philippum
1819 2209 1900 2258 esse
1917 2201 1956 2261 et
1971 2183 2087 2265 fuisse
2104 2187 2144 2262 in
2158 2188 2260 2268 bona

836 2315 969 2396 saisina
988 2316 1154 2394 habendi
1180 2331 1482 2394 manusmortuas
1504 2313 1550 2389 de
1572 2311 1734 2419 illisqui
1759 2311 1912 2392 suenmt
1932 2314 1981 2392 de
1999 2345 2136 2425 genere
2159 2318 2257 2398 dicte

834 2448 972 2555 Rejone
994 2466 1031 2526 et
1054 2448 1262 2555 dequibus
1283 2446 1392 2524 exivit
1418 2445 1517 2522 dicta
1535 2443 1697 2551 Bejona:
1719 2443 1907 2536 Tandem,
1929 2445 2117 2553 inquesta,
2144 2480 2258 2558 super

834 2579 907 2659 hoc
929 2578 1023 2658 sacta
1053 2581 1099 2656 de
1125 2576 1300 2655 mandato
1327 2575 1453 2654 ballivi
1480 2574 1597 2653 nostri
1624 2575 1867 2663 senonensis,
1893 2576 1968 2654 visa
1993 2596 2032 2655 et
2056 2578 2258 2688 diligenter

835 2709 1054 2798 examinata,
1077 2712 1165 2816 quia
1185 2709 1379 2786 inventurn
1402 2723 1459 2784 est
1482 2724 1520 2784 et
1543 2704 1743 2812 probatum
1768 2706 1888 2789 dictos
1916 2707 2113 2814 religiosos
2140 2711 2256 2790 luisse

833 2839 872 2914 in
893 2841 1125 2944 possessione
1150 2839 1320 2917 talliandi
1347 2855 1384 2915 et
1405 2837 1639 2943 explectandi
1659 2838 1777 2923 dictas
1801 2837 1976 2931 feminas,
1998 2857 2179 2947 tanquam
2203 2845 2258 2920 fe-

833 2971 953 3048 minas
979 2971 1027 3048 de
1053 2999 1211 3077 corpore
1232 2988 1269 3047 et
1295 2971 1342 3047 de
1363 2969 1486 3048 servili
1508 2969 1746 3059 condicione,
1767 2971 2057 3074 pronunciatum
2082 2971 2170 3063 fuit,
2192 3003 2259 3081 per

835 3103 938 3178 curie
960 3121 1087 3180 nostre
1109 3102 1316 3209 judicium,
1338 3100 1447 3176 dictis
1472 3100 1657 3206 religiosis
1683 3101 1960 3206 possessionem
1986 3131 2054 3180 seu
2081 3105 2256 3182 saisinam

832 3231 1025 3322 bonorum
1054 3233 1153 3314 dicte
1183 3230 1322 3336 Bejone
1349 3229 1397 3305 ad
1430 3248 1778 3307 manummortuam
1808 3233 2085 3336 pertinencium
2116 3234 2255 3326 debere

834 3359 1048 3454 deliberari,
1068 3362 1166 3438 salva
1184 3359 1382 3465 questione
1401 3358 1642 3467 proprietatis
1660 3389 1773 3466 super
1792 3363 1867 3440 hoc
1885 3363 1980 3468 parti
2005 3363 2167 3441 adverse.

889 3491 1053 3582 Sabbato
1072 3509 1156 3568 ante
1176 3491 1357 3568 Sanctum
1378 3489 1615 3610 Gregorium.

886 3763 993 3840 XXII.
1026 3764 1122 3842 Cum
1142 3766 1241 3842 inter
1259 3763 1379 3842 Adam
1401 3763 1691 3855 Chare-bievre,
1713 3763 1890 3854 militem,
1913 3792 1956 3840 ex
1976 3779 2081 3868 parte
2100 3792 2193 3856 una,
2213 3782 2255 3841 et

831 3893 1003 3972 homines
1028 3895 1199 3974 villarum
1230 3896 1277 3974 de
1303 3898 1447 3986 Pertes,
1470 3894 1518 3972 de
1539 3895 1729 4004 Orgenoy,
1756 3896 1803 3972 de
1830 3895 1965 3985 Voves,
1992 3895 2040 3972 de
2065 3886 2189 3974 Vilers
2218 3913 2256 3972 et

831 4024 878 4100 de
898 4023 1017 4117 Flori,
1041 4027 1080 4103 in
1104 4027 1253 4136 Byeria,
1279 4054 1428 4106 necnon
1454 4025 1629 4104 homines
1648 4025 1735 4103 ville
1757 4042 1795 4102 et
1813 4026 2011 4131 parrochie
2034 4027 2082 4103 de
2107 4026 2252 4136 Chally,

830 4183 873 4230 ex
897 4173 1000 4261 parte
1028 4157 1159 4247 altera,
1187 4175 1267 4236 orta
1294 4175 1393 4234 esset
1416 4158 1572 4234 materia
1593 4155 1804 4262 questionis
1824 4185 1938 4264 super
1961 4157 2254 4264 eoquod.idem

829 4285 938 4362 miles
948 4289 1183 4394 proponebat
1194 4290 1300 4395 quod
1313 4317 1449 4367 nemus
1459 4317 1573 4368 suum
1588 4268 1785 4396 proprium
1798 4307 1893 4378 erat,
1906 4289 1956 4366 de
1970 4289 2255 4397 cujus'nemoris

826 4418 1048 4524 pasturagiis
1071 4420 1220 4525 questio
1244 4437 1323 4498 erat
1347 4437 1385 4496 et
1403 4420 1569 4498 ostensio
1595 4419 1689 4501 lacta
1713 4419 1837 4503 fuerat
1858 4422 1958 4498 inter
1977 4422 2094 4498 dictas
2113 4438 2251 4527 partes,

828 4563 865 4624 et
879 4547 988 4653 quod
1001 4548 1100 4627 dicta
1114 4551 1231 4630 eciam
1246 4551 1457 4660 pasturagia
1469 4536 1654 4634 erant'sua
1666 4553 1833 4659 propria,
1851 4552 1901 4630 ad
1914 4553 2058 4658 ipsum,
2075 4569 2251 4655 tanquam

829 4675 1029 4760 dominum
1050 4682 1301 4788 proprietatis,
1320 4682 1570 4788 pertinencia,
1589 4697 1627 4760 et
1646 4683 1754 4790 quod
1774 4683 1821 4760 de
1841 4683 1910 4770 eis,
1931 4697 2009 4757 tam
2029 4682 2078 4756 de
2097 4705 2251 4755 nemore

828 4838 942 4916 quarn
964 4811 1011 4888 de
1031 4813 1268 4922 pasturagiis,
1289 4813 1369 4919 ipse
1389 4813 1528 4892 eratin
1548 4812 1626 4892 fide
1652 4830 1691 4892 et
1714 4813 1892 4919 homagio
1920 4808 2066 4888 domini
2085 4808 2160 4900 sui,
2183 4836 2252 4886 nec

826 4944 1066 5048 pertinebant
1092 4945 1191 5023 dicta
1214 4947 1424 5055 pasturagia
1444 4945 1492 5021 ad
1511 4944 1632 5024 dictos
1651 4945 1827 5022 homines
1850 4941 2040 5018 dictarum
2059 4938 2249 5031 villarum,

826 5073 914 5148 licet
933 5074 1002 5178 ipsi
1023 5075 1198 5152 homines
1218 5094 1343 5171 essent
1358 5077 1397 5153 in
1413 5077 1546 5154 saisina
1563 5074 1726 5153 ducendi
1744 5072 1882 5151 bestias
1901 5099 1985 5150 suas
2001 5070 2040 5147 in
2056 5071 2153 5149 dicta
2170 5099 2252 5178 pas-

826 5201 985 5307 turagia‚
1010 5204 1114 5308 quod
1128 5206 1181 5282 eis
1199 5234 1275 5283 non
1296 5205 1449 5296 licebat,
1467 5207 1645 5313 precipue
1667 5232 1770 5291 cum,
1789 5231 1903 5310 super
1923 5202 2248 5309 biispasturagiis,

826 5331 971 5410 nullam
990 5331 1153 5413 lacerent
1173 5335 1428 5414 redibenciam
1445 5336 1615 5443 predicto
1634 5332 1760 5423 militi,
1778 5350 1817 5410 et
1835 5334 2071 5412 consuetudo
2087 5349 2167 5412 erat
2183 5361 2253 5410 no-

824 5467 919 5542 toria
955 5463 1059 5570 quod
1093 5465 1131 5542 in
1161 5492 1317 5545 nemore
1347 5483 1386 5544 et
1416 5466 1637 5572 pasturagiis
1667 5461 1802 5540 alienis
1836 5463 1967 5544 nullus
2000 5465 2139 5544 bestias
2167 5492 2252 5542 suas
