5817 7292
1016 1076 1284 1185 nnoutrns
1310 1096 1375 1169 nr
1400 1077 1607 1171 esoces.
1944 1102 2018 1175 cos

602 1236 945 1344 complementum
972 1234 1126 1313 tandem
1145 1234 1355 1343 judicatum
1378 1236 1450 1313 fuit
1468 1264 1536 1342 per
1555 1234 1769 1341 predictum
1788 1236 2019 1341 prepositum
2055 1244 2186 1299 earnm
2199 1245 2242 1305 W·

498 1444 503 1455 ,
600 1366 723 1474 quod,
745 1365 1073 1444 nonobstantibus
1091 1364 1305 1444 racionibus
1327 1367 1424 1445 dicte
1445 1365 1615 1453 domine,
1634 1362 1722 1439 dicti
1743 1362 1902 1442 heredes
1921 1368 2018 1447 bene

600 1486 852 1604 probaverunt
872 1497 1126 1576 intencionem
1146 1525 1271 1585 suam,
1293 1514 1331 1575 et
1355 1526 1420 1576 eos
1445 1498 1583 1575 debere
1607 1494 1754 1573 restitui
1776 1494 1823 1571 de
1841 1497 2020 1599 predictis

2118 1335 2181 1377 1³11.

600 1631 763 1735 arpentis
785 1647 885 1707 terre
908 1645 946 1706 et
972 1628 1122 1706 duobus
1146 1629 1284 1707 modiis
1301 1628 1421 1718 bladi,
1448 1656 1613 1716 necnon,
1641 1654 1710 1733 pro
1729 1626 1912 1703 fructibus
1931 1629 2020 1712 inde
2053 1658 2083 1737 f

600 1761 794 1867 perceptis,
806 1761 985 1838 ducentas
999 1759 1112 1838 libras
1124 1777 1275 1837 monete
1288 1738 1482 1847 currentis,
1496 1758 1593 1835 dicta
1603 1756 1832 1864 spoliarione
1846 1756 2018 1855 durante,

601 1889 740 1969 debere
767 1890 875 1968 reddi
902 1889 1063 1979 eisdem,
1085 1890 1292 1998 superbiis
1316 1890 1452 1967 dictam
1480 1887 1689 1975 dominam,
1711 1916 1789 1992 quo
1815 1916 1927 1994 supra
1950 1919 2021 1968 no·

601 2022 719 2109 mine,
744 2020 1077 2127 condempnando;
1101 2048 1122 2096 a
1141 2048 1218 2127 quo
1229 2019 1397 2126 judicato
1412 2036 1604 2123 tamquam
1623 2017 1716 2094 salso
1736 2034 1774 2092 et
1793 2045 1922 2123 pravo,
1938 2047 2021 2124 pro-

599 2166 750 2227 curator
764 2149 864 2226 dicte
878 2150 1052 2235 domine,
1074 2149 1229 2226 nornine
1245 2176 1323 2254 quo
1338 2176 1467 2253 supra,
1487 2148 1536 2223 ad
1555 2163 1719 2223 nostram
1736 2147 1878 2223 curiam
1892 2150 2019 2256 appel·

598 2279 700 2369 lavit;
722 2278 859 2357 auditis
879 2279 994 2388 igitur
1013 2278 1122 2357 dictis
1141 2278 1327 2386 partibus,
1350 2278 1389 2354 in
1415 2306 1525 2355 causa
1549 2277 1817 2382 appellacionis
1834 2280 2001 2385 predicte
2009 2326 2022 2369 ,-

598 2410 752 2517 visoque
782 2409 984 2516 diligenter
1006 2436 1184 2514 processu
1209 2408 1397 2515 predicto,
1425 2435 1494 2514 per
1525 2406 1628 2483 curie
1657 2424 1783 2484 nostre
1809 2410 2017 2515 judicium,

599 2540 742 2625 dictum
776 2538 847 2617 fuit
875 2538 1089 2645 predictum
1116 2539 1349 2645 prepositum
1378 2537 1476 2614 male
1506 2537 1791 2642 pronunciasse,
1813 2568 1899 2615 cum
1934 2561 2020 2620 ante

600 2672 726 2747 omnia
741 2670 932 2747 debuisset
952 2697 1065 2775 super
1079 2667 1299 2746 reddicione
1318 2666 1419 2743 curie
1435 2666 1638 2773 judicasse,
1661 2684 1699 2743 et
1710 2668 1919 2775 judicatum
1936 2700 2022 2775 pre·

601 2800 745 2877 dictum
765 2800 882 2905 ipsius
901 2799 1081 2905 prepositi
1104 2814 1228 2876 nostra
1255 2798 1356 2875 curia
1379 2797 1579 2885 enullavit,
1599 2815 1637 2873 et
1656 2797 1763 2886 dixit,
1785 2799 1873 2905 quia
1891 2800 2020 2876 invon-

599 2946 683 3006 tum
706 2946 762 3007 est
784 2958 852 3036 per
871 2930 1021 3007 dictum
1041 2955 1258 3035 processum
1287 2927 1425 3005 dictam
1452 2928 1661 3017 dominam,
1688 2957 1802 3033 super
1825 2930 2019 3037 principaii

600 3088 709 3139 causa
737 3062 919 3169 predicta,
950 3088 1076 3139 coram
1111 3060 1212 3138 dicto
1245 3060 1438 3165 preposito
1472 3060 1726 3165 respondisse,
1752 3076 1942 3169 testesque
1974 3064 2020 3141 ab

600 3208 757 3298 utraque
773 3208 877 3297 parte
896 3191 937 3266 in
957 3191 1089 3268 eadem
1105 3218 1213 3267 causa
1232 3190 1439 3297 productos
1460 3188 1589 3277 fuisse,
1608 3189 1713 3296 quod
1731 3218 1840 3267 causa
1853 3193 2020 3298 predicta

598 3338 808 3399 remaneret
820 3322 859 3397 in
873 3320 977 3399 curia
995 3338 1138 3410 nostra,
1156 3321 1366 3397 secundum
1381 3336 1556 3397 contenta
1572 3319 1612 3393 in
1631 3320 1732 3396 dicto
1747 3348 1942 3425 processu,
1958 3350 2022 3399 vo-

599 3452 689 3529 catis
721 3453 904 3559 partibus,
941 3450 1178 3541 decidenda;
1208 3449 1445 3527 auditoribus
1478 3449 1593 3555 igitur
1626 3476 1740 3555 super
1765 3450 1839 3527 boc
1871 3479 1893 3525 a
1918 3454 2019 3529 curia

598 3600 725 3661 nostra
742 3582 853 3669 datis,
868 3582 997 3658 audite
1008 3578 1165 3657 suerunt
1176 3608 1289 3686 super
1305 3580 1378 3657 boc
1392 3580 1561 3656 raciones
1575 3579 1676 3655 dicte
1691 3579 1860 3668 domine,
1880 3598 1917 3657 et
1929 3582 2020 3659 dicti

599 3710 752 3798 Robini,
778 3710 845 3815 qui
870 3708 975 3786 solus
996 3724 1222 3815 prosequtus
1244 3708 1316 3785 fuit
1341 3706 1479 3783 dictam
1500 3736 1646 3784 causam
1669 3708 1709 3781 in
1728 3726 1911 3811 quantum
1932 3738 2019 3786 eum

599 3838 794 3948 tangebat,
815 3854 1004 3944 testesque
1023 3836 1198 3943 producti
1219 3852 1257 3913 ct
1276 3836 1474 3913 examinati
1494 3864 1607 3942 super
1625 3834 1721 3913 facto
1750 3836 1864 3942 partis
1881 3839 2021 3915 utrius·

600 3996 676 4076 que
694 3998 703 4045 ι
724 3968 963 4045 Processibus
978 3967 1091 4077 igitur
1104 3966 1299 4073 predictis,
1316 3982 1394 4043 tam
1409 3994 1534 4043 coram
1551 3965 1652 4041 dicto
1673 3966 1880 4072 preposito,
1905 3997 2019 4073 quam

601 4128 726 4177 coram
744 4098 832 4203 ipsis
852 4096 1088 4175 auditoribus
1107 4096 1227 4184 factis,
1251 4096 1298 4173 ad
1321 4094 1463 4172 curiam
1483 4113 1646 4173 nostram
1662 4124 1731 4201 pro
1743 4095 1952 4202 judicando
1967 4127 2021 4174 re·

600 4230 771 4336 portatis,
797 4229 884 4305 visis
905 4244 944 4305 ct
971 4226 1172 4334 diligenter
1195 4226 1425 4315 examinatis,
1448 4254 1517 4332 per
1537 4224 1640 4303 curie
1667 4243 1794 4302 nostre
1814 4228 2017 4334 judicium,

603 4359 700 4437 dicta
716 4360 869 4436 domina
889 4359 1162 4464 condempnata
1182 4356 1253 4434 suit
1268 4357 1316 4434 ad
1334 4356 1613 4434 restituendum
1630 4356 1731 4443 dieto
1745 4356 1892 4435 Robino
1912 4388 2023 4464 quar·

601 4506 677 4566 tam
689 4506 832 4596 partem
853 4506 1038 4566 terrarum
1056 4487 1227 4593 superius
1241 4482 1444 4593 petitarum
1460 4503 1499 4565 et
1512 4487 1714 4565 dimidium
1731 4486 1904 4564 modium
1917 4488 2020 4566 bladi

602 4648 670 4727 pro
687 4635 817 4727 quarta
837 4637 940 4726 parte
957 4618 1155 4726 gerbarum
1174 4617 1446 4724 predictarum,
1464 4646 1630 4705 necnon,
1649 4644 1718 4723 pro
1738 4616 1922 4698 fructibus
1940 4620 2021 4698 aliis

601 4749 690 4828 inde
710 4751 910 4858 perceptis,
927 4749 1170 4857 quadraginta
1186 4747 1301 4827 libras
1320 4748 1563 4836 Parisienses,
1580 4776 1648 4853 pro
1668 4765 1745 4825 reta
1764 4749 1887 4855 ipsum
1906 4750 2021 4829 Robi-

508 4944 510 4947 .
602 4910 693 4959 num
714 4880 954 4990 contingente
976 4880 1015 4956 in
1032 4878 1216 4957 fructibus
1235 4879 1430 4988 predictis,
1453 4906 1474 4954 a
1492 4895 1664 4983 tempore
1683 4878 1919 4984 spoliacionis
1936 4909 2022 4986 pre·

603 5011 718 5105 dicte,
748 5010 942 5119 usquead
967 5028 1246 5117 tempus-mute
1270 5010 1347 5089 litis
1370 5008 1556 5116 presentis
1578 5009 1779 5116 perceptis,
1802 5037 1949 5089 necnon
1973 5013 2021 5090 ad

603 5140 743 5221 fructus
762 5143 828 5252 qui
855 5159 939 5251 post
968 5142 1106 5221 dictam
1131 5141 1238 5219 litem
1263 5158 1404 5221 motam
1429 5168 1552 5248 usque
1571 5166 1675 5219 nunc
1698 5138 1747 5217 de
1771 5139 1871 5218 dicta
1891 5160 2020 5247 quarta

603 5289 706 5379 parte
721 5275 861 5382 percipi
879 5291 1101 5382 potuerunt,
1118 5273 1208 5351 scita
1222 5274 1394 5363 veritate,
1415 5273 1554 5353 vocatis
1564 5272 1750 5379 partibus,
1766 5272 1969 5349 summarie
1984 5288 2022 5349 et

602 5400 651 5478 de
669 5402 783 5509 plano
802 5402 851 5481 de
869 5406 1075 5511 quantitate
1093 5424 1237 5483 eorum.

711 5575 763 5618 uus
784 5576 865 5621 otttt.
890 5580 936 5621 tu.
1812 5553 1814 5556 Ι
1867 5554 1910 5623 8⁴
