5817 7292
878 1119 950 1199 332
1291 1196 1295 1202 ,
1452 1117 1548 1204 Lus·
1573 1115 1711 1200 OLIM-
1762 1140 1765 1149 ⁴

653 1272 836 1336 esnnsatv,
876 1289 960 1356 rum
974 1257 1038 1363 qni
1052 1256 1191 1352 dictam
1203 1257 1414 1362 inquestam
1426 1257 1611 1348 lecerunt,
1625 1257 1914 1364 pronunciatum
1924 1257 2205 1363 luit,·per.curie
2216 1289 2298 1338 nos

712 1365 775 1406 ¹³⁰⁸·
876 1409 932 1486 ee
948 1388 1157 1496 jussum,
1176 1387 1284 1493 quaa
1303 1388 1514 1494 predictum
1532 1386 1852 1495 judiacumuco
1878 1385 2004 1466 ballivi
2031 1389 2070 1466 ia
2086 1405 2211 1467 rotun
2230 1391 2296 1472 ‹10-

877 1509 1117 1615 mandabitur
1135 1519 1363 1612 exsecucioni,
1385 1595 1388 1605 ,
1415 1573 1419 1581 -

929 1651 1130 1730 Dominica
1147 1649 1341 1767 predicta..
1384 1699 1388 1708 ·

932 1781 1158 1862 Guillelmus
1178 1780 1390 1886 reportavit.

931 2047 1071 2125 LXXX.
1103 2045 1199 2122 Cum
1228 2043 1484 2152 proposuisset
1509 2069 1632 2121 coram
1661 2044 1867 2123 senescallo
1890 2047 2182 2154 Petregoricensi
2209 2077 2294 2156 syn-

875 2179 980 2255 dicus
1005 2175 1202 2254 consulum
1227 2174 1374 2264 bastide
1394 2189 1522 2252 nostre
1544 2175 1904 2280 Montis-Caprarii,
1926 2195 2053 2256 contra
2077 2179 2293 2285 magistrum

874 2310 1027 2386 Petrum
1050 2306 1263 2413 Mangonis,
1281 2305 1451 2412 judicem
1473 2305 1655 2416 majorem
1676 2305 1830 2413 Figiaci,
1853 2307 1956 2413 quod
1975 2308 2097 2386 dictus
2119 2309 2295 2414 magister

874 2440 1024 2526 Petrus,
1045 2438 1174 2514 dicens
1199 2463 1240 2514 se
1263 2453 1500 2515 executorem
1525 2435 1720 2542 cujusdam
1741 2437 1898 2543 judicati
1922 2467 1990 2544 pro
2014 2440 2220 2516 Bertrando
2246 2439 2295 2516 de

874 2568 1082 2646 Pestilhaco
1097 2567 1183 2644 lacti
1199 2566 1272 2644 sul)
1286 2565 1472 2643 velamine
1489 2566 1589 2644 dicte
1610 2567 1862 2659 execurionis,
1885 2581 2081 2674 corruptus
2094 2568 2254 2674 pecunia
2274 2549 2295 2645 a

873 2698 1047 2803 pluribus
1071 2696 1293 2775 hominibus
1316 2696 1414 2774 dicte
1438 2695 1604 2785 bastide,
1626 2695 1737 2803 plura
1760 2699 1916 2807 pignora
1941 2699 2121 2778 levaverat
2139 2699 2293 2807 injuste,

870 2829 1048 2934 pluribus
1075 2855 1207 2908 corum
1235 2828 1389 2935 injurias
1414 2844 1452 2904 et
1479 2827 1681 2908 violentias
1704 2829 1921 2922 inferendo,
1947 2829 2075 2935 plures
2101 2857 2233 2908 eorum
2260 2847 2297 2906 et

872 2961 989 3040 eciam
1004 2959 1152 3065 aliquos
1168 2959 1372 3038 servientes
1384 2975 1533 3036 nostros
1544 2959 1797 3050 verberando,
1811 2961 2014 3068 pluresque
2031 2961 2219 3040 dictorum
2233 2961 2296 3038 ho

871 3093 1019 3172 minum
1044 3091 1093 3173 de
1115 3090 1294 3177 domibus
1318 3092 1396 3170 suis
1419 3090 1580 3196 ejecerat
1604 3108 1644 3168 et
1667 3090 1803 3170 domos
1826 3117 1959 3170 eorum
1983 3091 2184 3181 clauserat,
2199 3091 2295 3170 adeo

871 3222 975 3328 quod
994 3223 1073 3302 duo
1087 3221 1218 3326 pueri,
1236 3237 1390 3327 propter
1415 3220 1555 3300 sactum
1581 3223 1680 3328 ejus,
1701 3223 1975 3327 expiraverunt,
1998 3240 2131 3328 petens
2150 3251 2170 3298 a
2193 3220 2293 3298 dicto

869 3351 1076 3430 senescallo
1097 3350 1218 3456 quod,
1245 3351 1455 3429 secundum
1477 3350 1637 3438 sormam
1660 3351 1824 3431 mandati
1847 3351 1964 3430 nostri
1985 3369 2097 3454 super
2123 3347 2195 3426 boc
2219 3349 2291 3427 sibi

869 3481 973 3568 lacti,
991 3482 1039 3557 de
1058 3480 1238 3588 predictis
1255 3480 1486 3585 inquireret,
1501 3497 1539 3558 et
1553 3481 1766 3586 inquestam
1785 3479 1917 3559 factam
1937 3479 2048 3562 nobis
2065 3477 2289 3565 remitteret,

869 3627 912 3688 ut
933 3640 1019 3688 cum
1040 3611 1218 3717 predictis
1239 3609 1422 3717 legittime
1442 3612 1686 3718 puniremus,
1708 3611 1807 3688 dicto
1829 3611 2005 3719 magistro
2027 3610 2136 3689 Petro
2162 3637 2205 3686 ex
2224 3609 2290 3687 ad-

869 3771 974 3819 verso
995 3758 1229 3849 proponente
1244 3769 1301 3830 se,
1322 3743 1473 3820 racione
1500 3743 1598 3819 dicte
1622 3741 1875 3830 executionis,
1897 3769 1917 3817 a
1935 3741 2109 3847 pluribus
2133 3739 2289 3846 pignora

867 3873 1006 3952 levasse
1021 3873 1124 3980 juste
1143 3889 1270 3953 tamen
1291 3890 1329 3953 et
1347 3874 1557 3952 secundum
1585 3873 1746 3953 sormam
1767 3871 1933 3953 mandati
1959 3871 2031 3950 sibi
2055 3897 2123 3976 per
2147 3869 2291 3948 dictum

867 4003 1115 4091 senescallum
1135 4003 1238 4097 facti,
1259 4020 1392 4109 petens
1412 4033 1477 4082 eos
1496 4005 1546 4082 de
1560 4003 1755 4108 predictis,
1779 4002 1850 4080 sibi
1868 4002 1959 4080 salso
1979 4019 2018 4080 et
2036 4000 2292 4106 calumpniose

867 4133 1702 4241 impositis,etanimodillamandi,legittime
1718 4130 2288 4239 puniri:Visa-igiturinquesta,
2373 4162 2380 4178 ⁴

866 4293 980 4370 super
992 4265 1066 4343 hiis
1079 4265 1127 4343 de
1140 4265 1315 4344 mandato
1327 4283 1458 4344 nostro
1469 4265 1580 4357 lacta,
1594 4293 1663 4370 per
1677 4265 1779 4343 curie
1792 4279 1919 4343 nostre
1926 4262 2133 4371 judicium,
2146 4260 2289 4359 dictum

867 4396 940 4472 luit
957 4397 1170 4500 predictum
1191 4397 1410 4506 magistrum
1428 4398 1582 4474 Petrum
1610 4397 1661 4474 de
1678 4394 1873 4502 predictis,
1894 4393 1965 4471 sibi
1989 4392 2191 4498 impositis,
2214 4387 2292 4470 cul·

867 4526 1030 4630 pahilem
1045 4555 1122 4606 non
1137 4527 1253 4608 luisse
1265 4529 1476 4625 inventum,
1496 4546 1534 4608 et
1549 4527 1601 4631 de,
1612 4526 1812 4634 predictis,
1824 4553 1897 4632 per
1910 4524 2013 4602 idem
2020 4523 2226 4631 judicium,
2242 4519 2295 4605 ab·

867 4657 1107 4763 impeticione
1121 4658 1310 4740 dictorum
1319 4659 1523 4738 consulum
1538 4659 1610 4750 luit
1622 4657 1818 4746 absolutus
1827 4690 1843 4747 ;.
1855 4654 2194 4761 condempnatique
2207 4649 2288 4728 lue-

866 4805 956 4868 runt
977 4789 1068 4866 dicti
1089 4789 1279 4884 consules,
1301 4819 1372 4898 pro
1394 4792 1592 4898 predictis,
1614 4791 1653 4869 iu
1676 4787 1848 4868 ducentis
1872 4786 1978 4865 libris
1999 4780 2287 4871 Perisiensibus,

865 4919 976 4997 nobis
991 4948 1060 5026 pro
1081 4923 1242 5002 emenda
1254 4938 1318 5016 ,et
1336 4923 1375 5005 in
1393 4913 1546 5005 centum
1569 4917 1979 5012 libris'Parisiensibus,
1996 4915 2095 4994 dicto
2111 4911 2292 5019 magistro
2397 5021 2402 5029 Ι

862 5050 972 5128 Petro
993 5050 1193 5131 solvendis.
1290 5121 1293 5130 .
1447 5134 1451 5142 ,
1548 5136 1551 5144 ,

876 5197 881 5208 ’
916 5179 1116 5257 Dominica
1136 5181 1317 5286 predicta,
1437 5207 1442 5214 '

916 5297 1074 5389 Cuillie‘r
1085 5314 1297 5417 reportavit.
