5817 7292
878 1118 952 1192 3b8
1164 1059 1171 1069 ·
1456 1121 1545 1192 LES
1574 1119 1712 1193 OLlM.

654 1269 784 1327 amana
795 1271 839 1334 W·
878 1290 923 1339 eo
939 1263 1044 1369 quod
1059 1262 1150 1340 dicti
1167 1261 1333 1368 religiosi
1348 1259 1522 1338 dicebant
1534 1261 1654 1367 quod,
1672 1291 1758 1339 cum
1774 1262 1843 1368 ipsi
1856 1279 2049 1349 tenerent,
2063 1291 2224 1342 excausa
2236 1292 2295 1340 ra-

713 1363 777 1406 1³00.

876 1393 993 1482 cbati,
1015 1394 1210 1502 majoriam
1230 1393 1280 1472 de
1299 1391 1512 1497 Boyssiaco‚
1535 1411 1749 1470 moventem
1769 1392 1817 1469 de
1836 1391 1950 1470 feodo
1971 1393 2188 1471 monasterii
2208 1422 2294 1500 pre-

876 1524 981 1614 dicti,
997 1543 1050 1613 et,
1068 1525 1210 1602 utendo
1218 1524 1305 1630 jure
1318 1550 1401 1610 suo,
1414 1520 1591 1600 fecissent
1601 1522 1719 1600 scindi
1737 1523 1939 1602 duodecim
1951 1550 2111 1630 quercus
2126 1525 2165 1600 in
2180 1523 2295 1602 bosco

876 1655 966 1732 dicti
979 1654 1083 1732 feodi
1098 1655 1312 1742 existentes,
1329 1668 1462 1762 gentes
1482 1669 1609 1730 nostre
1626 1652 1747 1731 dictos
1760 1680 1921 1759 quercus
1936 1671 2113 1760 ceperant
2128 1670 2165 1730 et
2181 1681 2295 1731 arres-

874 1801 1040 1869 taverant
1065 1784 1191 1860 minus
1209 1784 1336 1890 juste;
1358 1810 1474 1888 quare
1494 1780 1671 1888 petebant
1690 1782 1810 1862 dictos
1829 1811 1991 1890 quercus
2012 1783 2083 1863 sibi
2109 1783 2218 1862 reddi
2236 1784 2293 1862 vel

875 1916 1037 1995 valorem
1059 1941 1214 2002 eorum3
1230 1912 1350 1990 Adam
1369 1911 1472 1991 dicto
1493 1910 1767 2004 Chacelievre‚
1789 1913 1911 1990 milite
1932 1931 2078 2006 nostro,
2097 1913 2292 1993 forestario

871 2043 1179 2134 Cbaumontesii,
1198 2043 1431 2123 contrarium
1460 2060 1647 2120 asserente
1669 2073 1678 2117 ε
1697 2044 1871 2150 Inquesta
1895 2043 2011 2152 igitur
2039 2044 2086 2122 de
2113 2043 2291 2122 mandato

870 2191 998 2252 nostro
1023 2203 1136 2280 super
1156 2174 1230 2251 hoc
1251 2172 1346 2250 facta
1369 2174 1444 2251 risa
1464 2191 1502 2250 et
1522 2171 1723 2282 diligenter
1743 2175 1970 2266 examinata,
1989 2203 2058 2280 per
2078 2175 2181 2252 curie
2204 2199 2289 2250 nos—

869 2321 927 2381 tre
935 2305 1141 2414 judicium,
1157 2304 1302 2384 dictum
1315 2302 1389 2381 fuit
1400 2304 1506 2410 quod
1523 2304 1621 2383 dicte
1635 2285 2058 2411 quercus'restituentur
2070 2303 2212 2382 eisdem
2228 2329 2287 2379 re-

858 2435 1012 2544 ligiosis
1023 2434 1082 2513 vel
1097 2435 1199 2512 valor
1219 2434 1451 2511 eorumdem.

925 2567 1121 2644 Dominica
1140 2564 1319 2671 predicta.

927 2695 1040 2774 Greci
1062 2695 1274 2801 reportarit.

922 2960 1047 3039 XCIV.
1077 2961 1190 3048 Cum,
1205 2977 1308 3038 mota
1325 2960 1523 3066 questione
1540 2961 1638 3038 inter
1654 2960 1829 3039 abbatem
1845 2978 1884 3039 et
1902 2978 2127 3042 conventum
2141 2985 2289 3038 monas-

867 3093 951 3171 terii
972 3091 1308 3170 Sancti-Benedicti
1329 3092 1595 3182 floriacensis,
1619 3123 1662 3172 er
1682 3123 1756 3172 una
1781 3111 1903 3200 parte,
1924 3113 1962 3172 et
1977 3111 2107 3201 gentes
2127 3109 2287 3179 nostras,

866 3251 936 3330 pro
951 3225 1079 3311 nobis,
1095 3251 1138 3300 ex
1157 3223 1290 3316 altera,
1306 3251 1479 3331 supereo
1498 3225 1603 3331 quod
1617 3225 1706 3302 dicti
1728 3225 1893 3332 religiosi
1913 3223 2090 3301 dicebant
2108 3222 2230 3328 quod,
2248 3222 2286 3296 in

866 3355 1026 3462 quadarn
1040 3354 1159 3432 venda
1170 3354 1264 3433 facta
1277 3382 1346 3461 per
1358 3373 1489 3464 gentes
1502 3373 1647 3434 nostras
1661 3357 1699 3432 in
1716 3356 1800 3434 loco
1814 3354 1879 3461 qui
1895 3353 2034 3432 dicitur
2052 3354 2287 3430 la-Brocea-

865 3482 1046 3572 trs-wille,
1060 3501 1205 3590 partem
1217 3485 1486 3591 pertinentem,
1496 3487 1580 3594 jure
1592 3485 1767 3574 dominii,
1779 3484 1827 3561 ad
1836 3484 1983 3562 dictum
1996 3483 2282 3570 monasterium,

865 3615 1344 3695 secundum-ostensionem
1366 3644 1480 3724 super
1499 3617 1572 3695 boc
1591 3616 1741 3706 factam,
1758 3613 1933 3694 videlicet
1950 3642 1971 3689 a
1986 3641 2128 3719 quercu
2149 3640 2286 3720 prepo—

864 3748 941 3839 siti,
962 3764 1077 3853 prout
1094 3748 1250 3853 quidam
1269 3749 1446 3854 antiquus
1466 3747 1626 3826 fossatus
1642 3777 1681 3827 se
1705 3763 1928 3853 comportat,
1945 3762 2075 3854 gentes
2091 3761 2216 3822 nostre
2231 3745 2285 3824 in-.

866 3877 1053 3956 clu'serant
1062 3877 1188 3957 minus
1196 3879 1315 3984 juste,
1332 3906 1448 3986 quare
1458 3880 1639 3986 petebant
1646 3879 1856 3956 clausuram
1874 3877 1972 3955 dicte
1982 3876 2101 3954 vende
2111 3877 2284 3982 restringi

864 4037 984 4114 usque
993 4007 1042 4084 ad
1053 4006 1181 4086 locum
1190 4010 1401 4116 predictum
1414 4009 1758 4099 ostensum3Adam
1769 4008 1871 4086 dicto
1882 4006 2150 4096 Chaos-lievre,
2163 4005 2283 4082 milite

864 4155 904 4214 et
920 4139 1096 4246 magistro
1111 4137 1335 4218 forestarum
1354 4157 1588 4232 nostrarum,
1609 4169 1679 4248 pro
1695 4138 1821 4230 nobis,
1838 4139 2066 4218 contrarium
2085 4156 2282 4225 asserente,

864 4284 901 4342 et
925 4266 1073 4346 dicente
1092 4271 1198 4377 quod
1217 4271 1341 4350 dictus
1359 4272 1465 4350 locus
1484 4289 1658 4350 ostensus
1679 4271 1728 4347 ad
1748 4297 1817 4349 nos
1834 4267 2072 4377 pertinebat:
2094 4269 2282 4374 lnquesta‚

862 4397 1030 4503 partibus
1044 4402 1181 4481 vocatis
1194 4401 1242 4479 de
1257 4403 1436 4483 mandato
1448 4419 1597 4492 nostro,
1614 4429 1728 4508 super
1743 4401 1815 4478 hoc
1830 4398 1924 4478 facta
1938 4401 2013 4480 visa
2031 4417 2068 4476 et
2084 4400 2286 4506 diligenter
2341 4438 2343 4442 ·

862 4527 1042 4631 inspecta,
1064 4559 1132 4637 per
1151 4532 1252 4608 curie
1272 4550 1400 4611 nostre
1409 4532 1616 4640 judicium,
1632 4531 1776 4610 dictum
1792 4528 1863 4608 fuit
1877 4530 1985 4637 quod
1999 4530 2096 4608 dicta
2111 4529 2282 4609 clausura

862 4656 960 4734 dicte
980 4660 1099 4738 vende
1116 4663 1364 4769 restringatur
1385 4691 1505 4769 usque
1526 4663 1574 4742 ad
1595 4662 1721 4741 locum
1738 4661 1993 4769 supradictum
2017 4680 2220 4740 ostensum.

917 4787 1081 4867 Sabbato
1099 4810 1184 4898 post
1203 4791 1625 4900 Sanctum-Georgium,
1646 4793 1747 4900 apud
1765 4793 1940 4872 Carbant.

916 4918 1023 4998 Creci
1042 4923 1254 5029 reportavit.

914 5183 1023 5262 XCV.
1054 5185 1152 5263 Cum
1175 5185 1333 5264 vicarius
1358 5189 1524 5267 Tholose
1551 5190 1784 5296 Stephanum
1811 5191 1858 5268 de
1877 5189 2047 5279 Punetis,
2074 5187 2281 5266 Amaldum

858 5312 1005 5404 Briteri,
1020 5315 1246 5394 Durandum
1262 5317 1309 5394 de
1328 5317 1449 5410 Tene,
1467 5320 1619 5400 Petrum
1637 5321 1684 5398 de
1706 5321 1858 5410 Salluis,
1874 5321 2140 5409 Guillelmum,
2158 5317 2280 5396 filium

858 5441 1010 5525 arnaldi
1035 5445 1084 5524 de
1110 5445 1281 5536 Piuibus,
1304 5448 1537 5528 Bernardum
1563 5451 1612 5528 dc
1637 5451 1759 5540 Mora,
1784 5453 2018 5532 Bernardum
2039 5450 2222 5540 Escolavi,
2245 5467 2283 5528 et
