5817 7292
863 1125 934 1198 198
1440 1123 1531 1198 Las
1561 1123 1698 1196 OLIM.

631 1277 763 1335 annam
775 1277 819 1340 lv,
858 1266 955 1373 quin
965 1266 1045 1373 ipse
1061 1267 1109 1344 ad
1116 1293 1273 1344 manum
1285 1283 1453 1344 noemam
1465 1282 1657 1372 tamquam
1670 1263 1890 1370 superioris,
1904 1263 2004 1342 calvo
2014 1265 2104 1371 jure
2113 1267 2281 1371 parcium

694 1374 757 1418 1³00.

857 1399 1131 1503 predictarum,
1149 1414 1256 1504 capto
1272 1414 1311 1474 et
1324 1413 1559 1484 remanente,
1580 1396 1790 1502 inqueetam
1809 1394 2029 1502 hujusmodi
2044 1394 2188 1476 nullius
2202 1427 2282 1478 eece

859 1530 1008 1620 valoris,
1037 1548 1075 1608 et
1101 1529 1292 1619 eamdem,
1313 1529 1345 1606 ei
1370 1527 1540 1637 partibus
1565 1525 1766 1634 placuerit,
1793 1525 2037 1604 reficiendam
2062 1555 2143 1606 esee
2171 1557 2284 1638 super

856 1660 1001 1739 eisdem
1021 1661 1188 1739 articulis
1207 1661 1246 1736 in
1266 1661 1438 1766 inqueeta
1455 1658 1623 1766 predicta
1643 1657 1839 1736 contentia.

914 1793 1014 1870 Jovis
1031 1808 1117 1898 poet
1135 1790 1493 1870 Sanctam-Luciam.

914 1923 1096 2002 Gorintus
1115 1921 1325 2029 reportavit.

914 2185 1037 2264 xvffl.
1069 2184 1192 2291 Super
1208 2213 1254 2262 eo
1274 2183 1379 2290 quod
1395 2211 1523 2260 comes
1540 2182 1724 2260 Bolonnie
1743 2181 1958 2289 requirebat
1976 2182 2080 2289 quod
2097 2183 2281 2262 habitato·

858 2347 919 2394 res
943 2318 1049 2395 castri
1076 2312 1426 2397 Mones-omanis
1444 2313 1728 2421 justiciarentur
1749 2330 1787 2390 et
1810 2327 2059 2391 tractarentur
2082 2313 2128 2391 de
2155 2330 2280 2392 cetero

858 2477 927 2555 per
938 2446 1212 2555 preposituram
1229 2445 1494 2523 tantummodo
1510 2444 1792 2538 Pontia-Caetri,
1806 2443 1996 2524 mandavit
2010 2443 2189 2538 dominus
2203 2448 2279 2522 Rex

857 2580 994 2660 ballivo
1003 2579 1180 2658 Arvernia
1195 2577 1318 2686 quod,
1333 2595 1461 2658 vocato
1477 2595 1720 2685 procuratore
1732 2605 1802 2656 cuo
1816 2575 1946 2656 etaliie
1961 2577 2177 2665 evocandis,
2188 2577 2281 2656 veri-

856 2727 973 2788 tatem
990 2709 1198 2818 inquireret
1218 2709 1249 2787 ei
1269 2705 1412 2815 absque
1433 2707 1643 2817 prejudicio
1660 2707 1719 2786 vei
1740 2707 1985 2788 incommodo
2006 2706 2153 2786 domini
2172 2706 2282 2814 Regia

857 2842 915 2918 vel
936 2841 1059 2919 alieno
1079 2841 1153 2918 hoc
1176 2839 1258 2918 fieri
1278 2856 1423 2947 posset,
1446 2855 1485 2916 et
1503 2839 1534 2918 ai
1555 2867 1597 2916 ex
1616 2839 1690 2916 hoc
1709 2837 1850 2918 utilitas
1869 2837 1995 2945 aliqua
2015 2838 2169 2915 domino
2192 2838 2282 2944 Regi

857 2973 915 3050 vel
941 2973 1014 3050 alio
1038 2973 1252 3080 proveniret
1276 3001 1285 3046 ε
1311 2970 1395 3049 Visa
1415 2971 1532 3080 igitur
1550 2969 1818 3050 informacione
1838 2998 1908 3078 per
1927 2969 2124 3077 deputatos
2142 2998 2162 3046 a
2182 2969 2281 3050 dicto

857 3102 996 3183 ballivo
1012 3132 1125 3210 super
1139 3103 1212 3180 hoc
1231 3100 1340 3187 facta,
1364 3102 1560 3179 inventum
1577 3101 1649 3179 tuit
1672 3101 1779 3208 quod
1794 3100 1891 3180 dicta
1910 3100 2133 3178 informacio
2156 3101 2279 3179 minus

857 3233 1091 3312 sufficienter
1110 3250 1167 3315 aet
1183 3231 1297 3323 facta,
1318 3261 1389 3339 pro
1409 3261 1455 3310 eo
1475 3233 1634 3310 maxime
1654 3233 1760 3340 quod
1779 3231 1933 3338 publice
1951 3259 2028 3310 non
2048 3229 2120 3308 fuit
2138 3232 2284 3336 procla-

857 3381 1023 3454 matum,
1045 3363 1161 3442 modo
1181 3380 1383 3451 consueto,
1406 3364 1512 3471 quod
1528 3363 1760 3469 quicumque
1779 3362 1920 3439 vellent
1938 3390 1976 3439 se
2001 3363 2041 3438 in
2061 3361 2281 3468 hujusmodi

858 3523 1067 3603 opponere,
1085 3495 1134 3572 ad
1148 3511 1287 3572 certam
1305 3493 1407 3572 diem
1422 3511 1461 3571 et
1478 3511 1754 3606 competentem
1771 3491 1819 3569 ad
1835 3492 1907 3570 hoc
1921 3509 2180 3600 comparerent
2195 3521 2281 3568 cum

857 3625 1099 3704 intimatione
1123 3627 1164 3703 in
1182 3623 1325 3704 talibus
1345 3643 1540 3711 concreta,
1562 3623 1760 3702 etidcirco
1785 3621 1948 3700 anullata
1972 3621 2045 3701 fuit
2063 3620 2281 3700 informacio

857 3757 1035 3864 predicta.

914 3890 1015 3968 Jovie
1033 3909 1120 3997 poet
1138 3888 1499 3968 Sanctae-Luciam.

913 4155 1007 4231 XIX.
1038 4154 1138 4233 Cum
1160 4181 1276 4260 super
1303 4179 1352 4229 eo
1374 4149 1479 4258 quod
1501 4145 1693 4228 Johannae
1715 4147 1752 4225 le
1776 4150 1891 4238 Jene,
1917 4147 2110 4253 ringimus,
2139 4150 2180 4227 in
2198 4149 2285 4228 Cae·

856 4284 987 4362 teileto
1006 4286 1204 4364 Pariaienci
1228 4281 1379 4390 petebat
1397 4281 1445 4360 ab
1465 4279 1671 4359 Hcrbelino
1695 4277 1876 4390 Gangen,
1904 4309 1946 4358 ex
1965 4279 2186 4359 vendicioue
2205 4281 2285 4388 pel·
2405 4374 2412 4388 Ι

857 4412 1009 4520 liparia,
1030 4414 1183 4522 triginta
1200 4413 1315 4492 libras
1333 4415 1594 4502 Tritannum,
1614 4410 1785 4489 residuae
1805 4411 1854 4488 de
1873 4439 2022 4490 summa
2041 4412 2227 4520 sexaginta
2247 4428 2285 4488 et

856 4543 974 4620 uniue
998 4542 1180 4621 librarum
1209 4543 1513 4634 'lteronenaium
1544 4541 1647 4620 dicto
1675 4540 1882 4620 Herbelino
1909 4542 2143 4622 solucionem
2171 4571 2295 4649 super·

855 4673 932 4751 hoc
949 4691 1186 4782 proponente
1198 4674 1359 4752 modum
1377 4691 1415 4752 et
1431 4691 1555 4781 putee
1570 4673 1775 4754 solucionis
1793 4674 2014 4782 hujusmodi
2030 4675 2281 4778 distinguente

858 4822 897 4882 et
916 4823 1144 4913 exponente,
1170 4803 1396 4884 benedictue
1420 4804 1470 4882 da
1494 4803 1840 4894 Sanane-Gemma,
1863 4803 2014 4882 auditor
2032 4803 2120 4880 dicti
2141 4801 2282 4880 Castel-

856 4935 922 5014 teti
943 4936 1025 5043 (8),
1050 4936 1220 5044 partibus
1238 4935 1396 5031 auditis,
1417 4935 1562 5016 dictum
1582 4935 1831 5016 HarbeIinum
1855 4963 1876 5010 a
1900 4934 2067 5042 predicta
2096 4933 2283 5040 peticione
2364 4949 2368 4959 '

857 5067 948 5144 dicti
977 5070 1160 5150 lobannis
1184 5097 1252 5177 per
1275 5096 1389 5148 suum
1407 5068 1598 5179 judicium
1624 5067 1859 5158 abeoiriaeet,
1886 5083 1923 5144 et
1946 5065 2051 5144 idem
2074 5064 2282 5154 Johannee,

857 5227 974 5307 cuper
991 5201 1065 5280 hoc
1084 5201 1256 5279 senciens
1274 5229 1316 5279 ee
1334 5218 1540 5310 gravatum,
1563 5199 1653 5278 dicti
1667 5198 1827 5308 judicati
1847 5194 2158 5275 emendacionem
2178 5225 2197 5272 a
2216 5197 2285 5274 Pa·

857 5331 1006 5412 risienei
1026 5333 1217 5442 preposito
1235 5333 1424 5442 petiiaeet,
1446 5333 1569 5410 dictus
1593 5330 1824 5439 prepositus,
1845 5329 1886 5405 in
1907 5357 2016 5408 cauea
2036 5327 2133 5406 dicte
2157 5355 2287 5406 emen·

859 5464 1027 5544 ducionis
1039 5466 1264 5573 procedens,
1281 5465 1423 5543 auditis
1430 5463 1615 5571 partibus,
1633 5457 2180 5567 sentencialiterpronunciavit
2194 5457 2284 5536 dicti
