5817 7292
1061 1091 1327 1200 saoneres
1354 1108 1417 1179 er
1444 1089 1648 1184 moetas.
2018 1110 2066 1180 os

641 1281 795 1345 sanum,
822 1271 859 1330 et
884 1280 905 1329 e
930 1269 1102 1359 tempore
1133 1251 1221 1328 dicti
1244 1249 1420 1328 escambii
1445 1278 1484 1327 se
1508 1251 1652 1328 dictum
1676 1249 1815 1328 factum
1838 1251 2066 1358 possedisse3
2105 1257 2293 1320 ¹>¹¹¹211’1’1W·

641 1410 757 1488 super
770 1367 911 1490 quibus
930 1381 1113 1460 offerebat
1133 1376 1249 1488 ipsius
1271 1381 1401 1458 militis
1420 1398 1651 1487 procurator,
1676 1409 1801 1458 coram
1822 1379 1922 1459 dicto
1944 1409 2069 1460 senes·
2168 1350 2232 1392 Μ’

642 1512 753 1620 callo,
769 1513 889 1592 facere
908 1530 1122 1620 promptam
1139 1510 1275 1604 fidem,
1297 1529 1429 1618 petens
1446 1513 1629 1589 instanter
1647 1539 1761 1618 super
1778 1511 1969 1616 premissis
1987 1541 2069 1619 pro

643 1643 725 1720 cedi
746 1645 949 1722 summarie
966 1660 1003 1722 et
1022 1643 1069 1720 dc
1085 1641 1219 1750 plano,
1241 1671 1533 1752 proponensque
1552 1643 1626 1720 boc
1644 1641 1727 1720 fieri
1753 1640 1892 1718 debere
1913 1641 1960 1719 de
1981 1670 2070 1718 con·

643 1773 845 1850 suetudine
871 1791 909 1851 et
930 1773 1017 1852 stilo
1042 1773 1144 1850 curie
1165 1773 1440 1861 Ruthenensis,
1462 1790 1704 1880 procuratore
1729 1789 1859 1850 nostro
1880 1786 1918 1847 et
1944 1771 2068 1877 priore

643 1905 813 2010 predicto
836 1905 1066 1981 contrarium
1085 1903 1356 1992 asserentibus,
1373 1933 1416 1982 ac
1431 1903 1732 2012 proponentibus
1748 1931 1863 2008 super
1880 1903 2070 2008 premissis

643 2063 720 2114 nou
734 2035 952 2126 summarie,
970 2035 1053 2124 sed,
1064 2035 1164 2140 juris
1181 2035 1313 2112 ordine
1329 2053 1489 2125 servato,
1503 2035 1584 2114 fore
1594 2036 1892 2142 procedendum.
1903 2035 2069 2112 Demum

641 2167 802 2244 testibus
822 2183 860 2244 et
879 2165 1139 2244 instrumentis
1159 2193 1203 2242 ex
1223 2182 1382 2274 utraque
1403 2183 1510 2272 parte
1529 2193 1645 2272 super
1663 2166 1856 2273 premissis
1874 2165 2068 2243 hincinde

641 2297 849 2402 productis,
873 2297 995 2375 dictus
1009 2296 1237 2375 senescallus
1252 2294 1466 2404 predictam
1480 2297 1654 2378 saisinam
1668 2297 1822 2390 amovit,
1840 2315 1878 2374 et
1892 2296 2013 2374 voluit
2029 2325 2070 2372 ac

573 2423 579 2434 ’
640 2428 809 2533 precepit
827 2430 933 2535 quod
955 2429 1079 2508 dictus
1097 2429 1202 2536 prior
1220 2429 1320 2508 dicto
1343 2429 1472 2518 militi,
1492 2459 1561 2537 pro
1579 2430 1689 2509 dictis
1708 2429 1819 2518 locis,
1844 2429 1942 2506 sicut
1959 2426 2069 2505 uobis

641 2557 801 2648 solebat,
823 2558 1007 2636 obediret.
1024 2559 1055 2636 A
1070 2560 1208 2665 quibus
1230 2564 1419 2638 sentencia
1438 2591 1507 2640 seu
1526 2580 1720 2670 precepto,
1737 2579 1916 2667 tanquam
1933 2560 1980 2636 ab
1997 2559 2070 2634 iui-

641 2689 726 2792 quis
740 2705 777 2766 et
789 2689 952 2795 injustis,
968 2707 1172 2796 protestato
1190 2690 1237 2767 de
1250 2691 1426 2770 nullitate
1441 2693 1683 2778 eorumdem,
1700 2692 1802 2768 idem
1819 2691 1933 2796 prior,
1950 2716 2069 2795 quan-

643 2835 724 2894 tum
744 2847 810 2896 sua
826 2821 1004 2898 interesse
1025 2837 1188 2927 poterat,
1210 2821 1419 2926 appellavit.
1441 2820 1562 2898 Causa
1581 2849 1669 2899 vero
1689 2821 1956 2927 appellacionis
1968 2837 2070 2925 post·

642 2948 801 3026 modum
826 2977 894 3056 per
918 2974 987 3026 nos
1012 2949 1188 3057 magistro
1212 2949 1419 3028 Guillelmo
1441 2949 1574 3028 Vitalis
1598 2953 1814 3039 commissa,
1842 2951 1945 3026 idem
1971 2978 2069 3026 com-

641 3081 847 3173 missarius,
870 3081 1005 3158 vocatis
1026 3080 1212 3186 partibus,
1232 3081 1271 3156 in
1289 3080 1388 3158 dicta
1408 3109 1517 3158 causa
1532 3082 1730 3187 processit,
1746 3099 1861 3160 testes
1876 3081 2068 3158 hincinde

639 3211 842 3316 productos
870 3229 907 3288 et
931 3211 1002 3288 alia
1028 3241 1102 3318 que
1129 3229 1253 3317 partes
1273 3211 1483 3317 producere
1506 3229 1546 3306 et
1563 3239 1779 3319 proponere
1797 3213 2001 3290 voluerunt
2021 3213 2069 3290 de

634 3341 722 3447 jure
743 3359 780 3418 et
801 3344 847 3418 de
864 3341 963 3420 sacto
984 3341 1193 3431 audiendo;
1215 3343 1388 3433 tandem,
1410 3370 1536 3420 coram
1558 3371 1604 3422 eo
1625 3343 1801 3420 concluso
1820 3343 1859 3418 in
1880 3343 1981 3421 dicto
2002 3371 2069 3420 ne·

638 3474 762 3577 goeio,
779 3501 996 3579 processum
1012 3474 1111 3550 dicte
1125 3502 1233 3552 cause
1247 3474 1295 3551 ad
1310 3474 1453 3551 curiam
1468 3492 1636 3552 nostram
1651 3475 1816 3552 remisit:
1830 3476 1927 3552 Visis
1941 3475 2066 3582 igitur,

638 3620 715 3681 tam
740 3603 954 3711 principalis
974 3634 1083 3682 cause
1104 3633 1217 3711 quem
1237 3604 1504 3711 appellacionis
1522 3606 1793 3712 predictarum,
1813 3605 2065 3711 processibus,

639 3735 892 3842 omnibusque
920 3733 1121 3842 diligenter
1146 3736 1409 3824 consideratis,
1438 3739 1729 3842 pronunciatum
1754 3737 1842 3825 fuit,
1871 3765 1940 3843 per
1965 3740 2068 3816 curie

640 3883 765 3942 nostre
775 3866 981 3972 judicium,
994 3867 1153 3972 predicti
1169 3865 1364 3944 senescalli
1378 3869 1607 3944 sentenciam
1623 3869 1767 3952 nullam
1783 3896 1863 3946 esse
1878 3885 1917 3946 et
1931 3868 2065 3956 fuisse,

640 3995 738 4072 salvo
760 3997 860 4074 dioto
880 3997 1048 4075 Guidoni
1074 3999 1104 4074 si
1127 4014 1272 4076 etcum
1294 3997 1341 4075 de
1364 3997 1451 4103 jure
1477 3996 1729 4106 proprietatis,
1754 3999 1785 4074 si
1806 3999 1912 4102 quod
1933 3999 2003 4074 sibi
2027 4000 2067 4074 in
2133 4027 2139 4036 ·

639 4126 829 4231 premissis
849 4143 1053 4231 competat,
1077 4129 1192 4206 modo
1213 4126 1344 4206 debito
1368 4128 1505 4206 vocatis
1525 4157 1690 4233 quorum
1713 4128 1883 4217 interest,
1905 4127 2068 4204 voluerit

641 4257 811 4360 experiri.

696 4388 833 4464 Actum
854 4390 1030 4466 mercurii
1045 4407 1131 4497 post
1146 4391 1283 4470 festum
1304 4391 1403 4469 beati
1421 4387 1590 4468 Barnabe
1602 4387 1774 4494 apostoli.

697 4518 746 4596 Μ.
769 4520 811 4596 R.
829 4519 1010 4598 Rosseleti
1030 4522 1243 4626 reportavit.
1318 4591 1322 4598 4

694 4784 737 4860 V.
769 4783 944 4861 Nicolaus
971 4783 1192 4878 Lomba'rdi‚
1222 4815 1335 4894 super
1363 4804 1485 4906 morte
1510 4786 1607 4863 dicti-
1625 4787 1844 4863 Cormarant
1871 4783 1938 4890 qui
1963 4783 2064 4860 licite

638 4911 711 4988 boc
732 4911 836 5005 fecit,
858 4941 926 5020 per
941 4914 1153 5022 inquestam
1173 4916 1263 4996 inde
1280 4917 1412 4996 iactam
1427 4917 1502 4995 fuit
1518 4915 1732 5005 absolutus,
1749 4931 1858 4992 otest
1876 4914 2066 4992 sentencia
2113 4972 2116 4978 ·

637 5041 678 5120 in
696 5044 823 5122 rotulo
843 5072 930 5123 meo
952 5046 1067 5154 hujus
1086 5047 1191 5138 anni,
1213 5066 1252 5126 et
1271 5049 1388 5126 eciam
1408 5049 1449 5124 in
1470 5049 1643 5156 inquesta
1664 5075 1741 5154 que
1758 5062 1815 5122 est
1830 5047 1933 5151 apud
1952 5073 2026 5122 me.

695 5307 753 5384 Vl.
784 5309 958 5414 luquesta
979 5338 1023 5388 ex
1045 5312 1308 5392 commissione
1330 5312 1475 5391 domini
1489 5311 1600 5419 Regis
1618 5340 1687 5419 per
1704 5308 1886 5388 ballivum
1906 5307 2065 5387 Gisorcii

639 5433 733 5514 facts
756 5441 856 5518 inter
878 5439 1077 5522 dominum
1104 5447 1262 5554 Regem,
1288 5472 1427 5523 exona
1454 5460 1577 5551 parte,
1604 5461 1644 5522 et
1660 5441 1896 5548 prepositum
1924 5463 2065 5516 merca·

726 5612 778 5654 nes
798 5613 881 5656 ontsr.
906 5618 952 5658 m.
1918 5617 1937 5678 9
