5817 7292
1065 1089 1335 1198 nnootrss
1362 1109 1425 1180 nr
1453 1089 1660 1181 nnocns.
2027 1113 2071 1184 51

706 1253 912 1329 invisente
924 1247 1192 1328 'Candeiosam

701 1515 816 1596 nvn.
848 1514 946 1592 Cum
971 1515 1010 1590 in
1038 1539 1145 1591 causa
1170 1515 1336 1593 arbitrali
1357 1515 1455 1592 inter
1472 1517 1685 1592 ‘iohannem
1705 1516 1850 1593 dictum
1870 1518 2075 1608 Robaiche,

654 1667 801 1722 ex'una
826 1663 950 1752 parte,
978 1663 1016 1722 et
1033 1646 1308 1753 Waqueiinum
1333 1647 1482 1724 'dictum
1510 1647 1654 1739 Balam,
1679 1670 1726 1724 ex
1752 1646 1881 1736 aitera,
1908 1635 2011 1726 mota
2041 1666 2079 1726 et

653 1777 787 1885 agitata
807 1800 932 1852 coram
953 1775 1103 1852 Nicolao
1132 1777 1233 1854 dicto
1251 1777 1431 1870 Catalier,
1454 1777 1594 1856 arbitro
1619 1799 1649 1854 a·
1663 1776 1831 1886 partibus
1850 1778 1940 1884 ipsis
1960 1779 2079 1858 eiecto

653 1925 776 2013 super*
793 1903 971 1983 omnibns
998 1906 1195 1982 discordiis
1221 1923 1258 1982 et
1284 1908 1451 2015 querelis
1477 1936 1571 2015 quas
1594 1925 1718 2016 partes
1742 1908 2000 2015 alterutrique'
2014 1912 2081 1988 ha·

655 2037 749 2116 bere
761 2052 914 2143 possent
928 2053 1020 2112 tunc
1031 2037 1227 2143 temporis,
1245 2037 1283 2113 in
1298 2055 1445 2115 tantum
1462 2039 1593 2118 fuisset
1606 2065 1823 2145 processum
1836 2041 1942 2148 quod
1959 2043 2080 2119 dictus

654 2169 793 2245 arbiter
812 2169 1102 2273 condempnavit
1121 2168 1264 2245 dictum
1286 2170 1499 2247 iohannem
1520 2172 1621 2249 dicto
1635 2172 1956 2280 Waqueiino‘per
1974 2200 2081 2250 suam

653 2297 875 2375 ‘arbitralem
902 2300 1131 2376 sentenciam
1161 2300 1200 2375 in
1226 2317 1379 2379 centum
1401 2319 1438 2379 et
1461 2303 1650 2380 sexdecim
1670 2303 1776 2381 libris
1795 2304 2081 2382 Turonensibus

652 2432 798 2538 petitis,
820 2459 863 2508 ex
882 2456 958 2507 nna
978 2446 1100 2538 parte,
1120 2449 1158 2508 et
1178 2432 1217 2507 in
1239 2450 1391 2509 centum
1408 2450 1445 2510 et
1461 2434 1592 2510 decern
1607 2433 1714 2511 iibris
1730 2436 2018 2513 Turonensibus
2033 2435 2081 2514 de

2115 1267 2246 1322 Parianae
2258 1268 2302 1330 tv.

2177 1360 2240 1402 tsoo.

656 2564 966 2669 summa'sepcies
989 2564 1120 2670 viginti
1139 2563 1321 2640 libratum
1340 2566 1644 2655 Turonensium,
1666 2585 1710 2640 et
1735 2565 1867 2654 attera,
1888 2567 1929 2642 in
1949 2566 2082 2642 ceteris
2178 2597 2182 2606 ¹

655 2694 696 2768 in
710 2696 898 2798 peticione
914 2694 1003 2772 dicti
1017 2695 1234 2800 Waquelini
1252 2697 1438 2772 contentis
1453 2696 1598 2772 dictum
1610 2696 1820 2771 Jobannem
1836 2695 2080 2787 absolvendo,

656 2825 884 2901 declarando
902 2843 978 2930 'per
996 2824 1159 2902 eandem
1185 2823 1418 2902 sentenciam
1438 2827 1543 2931 quod
1563 2827 1613 2903 de
1632 2825 1817 2902 contentis
1835 2825 1875 2900 in
1894 2825 2080 2930 peticione

650 2955 747 3032 dicti
763 2955 1000 3060 Waquelini,
1014 2973 1091 3061 ‘que
1108 2979 1327 3060 processum
1344 2971 1380 3032 et
1399 2953 1539 3032 factum
1555 2954 1825 3062 inquisitorum
1837 2971 2076 3046 ‘nostrorum

657 3106 754 3192 qu'os
773 3085 925 3162 dudum
943 3085 996 3160 ad*
1016 3102 1139 3190 partes
1160 3086 1318 3161 ducatus
1338 3085 1565 3163 Normannie
1591 3084 1780 3180 misimus,
1801 3084 2020 3193 tangebant,
2042 3113 2081 3161 se

659 3217 908 3293 intromittere
932 3241 1009 3291 non
1033 3215 1272 3306 intendebat,
1295 3215 1494 3321 dictusque
1512 3216 1702 3292 Jobannes
1720 3214 1823 3292 curie
1838 3232 1970 3292 nostre
1997 3244 2084 3321 sup—

655 3349 833 3454 plicasset
843 3345 954 3453 ''quod
967 3346 1282 3452 pmrtnnciaretur
1296 3346 1434 3422 dictant
1449 3346 1679 3422 sentenciam
1696 3345 1955 3437 nuliam‘esse,
1973 3364 2038 3423 aut
2054 3349 2083 3422 si

653 3495 761 3556 esset
776 3478 916 3584 eiirpra,
937 3479 1048 3583 ¹quod
1067 3477 1146 3583 ipsa
1171 3476 1219 3554 ad
1238 3475 1329 3554 boni
1348 3477 1418 3552 riri
1437 3476 1637 3554 arbitrium
1656 3477 1920 3565 reduceretur3
1944 3503 2086 3585 propo-

658 3636 753 3688 nens
780 3611 885 3718 quod
905 3629 1019 3717 super
1035 3611 1182 3716 sepcies
1202 3609 1331 3718 viginti
1356 3609 1464 3687 iibris
1489 3609 1669 3715 predictis
1693 3608 1816 3686 dictus
1834 3608 2085 3714 Waquelinus

659 3742 804 3818 nullam
826 3743 981 3818 omnino
1001 3740 1232 3846 peticionem
1252 3740 1322 3816 sibi
1344 3739 1515 3816 ediderat
1534 3763 1658 3817 coram
1675 3741 1781 3817 dicto
1802 3740 1960 3828 arbitr03
1981 3756 2085 3845 parte

659 3872 811 3948 ndversa
846 3872 1075 3949 contrarium
1101 3887 1347 3978 'proponente
1373 3902 1383 3945 t
1415 3871 1606 3961 Tandem,
1630 3870 1717 3947 ‘viso
1748 3894 1927 3976 processu
1953 3897 2086 3948 ‘coram

661 4003 763 4079 dicto
783 4002 927 4081 arbitro·
938 4005 1044 4080 'inter
1061 4003 1180 4080 dictas
1199 4021 1323 4109 pantes
1343 3993 1472 4078 habito
1491 4017 1531 4077 et
1550 4001 1753 4106 diiigenter
1772 4001 2088 4107 examinatos-per

662 4133 766 4211 curie
782 4147 912 4209 nostre
927 4134 1138 4240 judicium,
1166 4133 1239 4210 suit
1257 4131 1548 4238 pronunciatum
1567 4129 1676 4236 quod
1694 4127 1855 4206 ballivus
1874 4144 2002 4205 noster
2021 4131 2089 4207 ca-

664 4264 819 4341 letensis
831 4264 1016 4369 inquiret,
1036 4290 1114 4340 non
1128 4263 1303 4341 obstante·
1315 4283 1493 4368 processu
1510 4261 1698 4366 predicta,
1711 4276 1843 4337 utrum
1860 4259 1984 4336 dictus
1999 4262 2090 4340 Wa-

661 4394 842 4502 queliaus
868 4393 1000 4471 fecerit
1027 4394 1410 4499 peticionem’corura
1435 4390 1816 4468 dissentaneum
1833 4411 1963 4467 earam
1988 4391 2088 4468 diuo

662 4525 820 4615 arbitr0,
847 4551 961 4632 super
982 4525 1093 4602 dictis
1116 4526 1260 4632 sepcies
1282 4523 1411 4630 viginti
1432 4523 1539 4601 libris
1553 4523 1860 4609 'Turonensibus
1882 4522 1968 4598 etsi
1988 4521 2090 4599 inve-

662 4657 765 4733 nerit
791 4657 965 4747 ita‘esse,
984 4655 1218 4742 ¹sentenciam
1243 4655 1451 4762 predictam
1475 4656 1530 4731 in'
1544 4654 1650 4732 omni
1675 4655 1738 4730 sui·
1752 4646 2089 4760 partedemanda·

661 4787 723 4864 'bit
744 4788 980 4876 execucioni,
1003 4788 1069 4865 sin'
1082 4803 1226 4876 autem,
1248 4804 1434 4894 quantum
1455 4783 1606 4863 adilina
1630 4783 1929 4891 sepcies¹viginti
1944 4782 2086 4871 iibras,

662 4935 850 5025 quantum
871 4919 995 4997 dictus
1014 4919 1205 4996 Jobannes
1224 4915 1295 4996 fnit
1314 4920 1354 4993 in
1375 4917 1429 4995 eis
1447 4917 1507 4994 vel
1528 4933 1776 5022 earum‘parte
1792 4915 2090 5021 condempnatus

664 5068 733 5155 per
753 5051 900 5130 dictum
920 5051 1125 5139 arbitrum,
1144 5050 1377 5126 sentenciam
1392 5049 1620 5158 'hujusmodi
1640 5047 1801 5124 irritabit
1820 5064 1858 5124 et
1877 5066 1959 5123 enm
1975 5045 2016 5121 in
2037 5071 2091 5122 oe·

666 5183 758 5260 teris
779 5183 996 5261 execucioni
1019 5182 1146 5259 debite
1169 5180 1422 5260 demandabit.

727 5311 891 5392 Sabbata
913 5331 997 5391 ante
1018 5312 1278 5392 Candelosam.
