5817 7292
1011 1035 1277 1147 eventius
1304 1054 1367 1127 sr
1394 1033 1598 1127 recens.

653 1202 782 1283 Martis
800 1216 885 1307 post
902 1195 1312 1304 Sanctum-Georgium.

588 1372 594 1383 ·
654 1334 704 1411 M.
721 1333 764 1409 R.
787 1332 835 1411 de
850 1330 1032 1429 Brianpon
1046 1326 1258 1434 reportavit.

654 1594 714 1669 Xl.
746 1592 827 1669 Lite
847 1607 963 1679 mota,
981 1617 1106 1669 coram
1118 1588 1257 1667 ballivo
1270 1588 1433 1695 episcopi
1449 1586 1679 1676 Parisiensis,
1693 1586 1791 1661 inter
1801 1585 2016 1693 magistrum

598 1722 844 1801 Guillelmum
861 1720 909 1797 de
924 1721 1067 1808 Remis,
1083 1746 1126 1796 ex
1139 1748 1214 1797 una
1232 1736 1357 1825 parte,
1376 1734 1414 1795 et
1425 1719 1628 1826 Symonem
1645 1716 1692 1793 de
1707 1716 1831 1795 Insula
1850 1744 1891 1791 ac
1909 1713 2018 1793 Guil-

596 1852 818 1930 lelmumde
836 1850 974 1939 Calais,
990 1850 1196 1957 gerandum
1211 1848 1299 1927 dicti
1316 1849 1506 1957 Symonis,
1524 1876 1569 1925 es
1579 1847 1710 1935 altera,
1726 1875 1838 1953 super
1852 1874 1898 1933 eo
1913 1845 2018 1955 quod

597 1984 719 2060 dictus
739 1982 913 2089 magister
932 1979 1161 2058 Guillelmus
1175 1981 1326 2087 petebat
1339 1980 1409 2055 sibi
1431 1979 1636 2087 adjudicari
1652 1977 1865 2055 dominium
1880 1992 1924 2054 et
1932 2004 2018 2081 pro-

595 2111 791 2220 prietatem
808 2111 1002 2219 cujusdam
1027 2110 1182 2199 domus,
1201 2109 1271 2186 site
1290 2110 1328 2185 in
1348 2110 1427 2187 vico
1449 2108 1765 2190 Sancti-Germani
1782 2107 2017 2186 Autissiodo-

594 2240 728 2326 rensis,
757 2239 857 2317 inter
887 2239 980 2316 duas
1004 2238 1156 2331 ruellas,
1185 2266 1259 2345 que
1292 2236 1364 2317 luit
1391 2238 1558 2320 defuncti
1590 2239 1743 2318 Roberti
1775 2237 1812 2317 le
1844 2238 2014 2325 Coutier,

594 2397 707 2477 quam
724 2370 881 2471 domum
905 2368 1027 2447 dictus
1044 2372 1186 2477 Symon
1202 2370 1354 2447 tenebat
1369 2387 1406 2447 et
1421 2371 1654 2476 possidebat,
1673 2386 1711 2447 et
1728 2398 1842 2477 quam
1860 2370 2016 2447 domum

595 2498 715 2577 dictus
746 2500 923 2608 magister
949 2498 1182 2579 Guillelmus
1202 2499 1350 2577 dicebat
1370 2500 1439 2577 sibi
1462 2501 1637 2577 donatam
1659 2498 1773 2579 fuisse
1797 2529 1818 2576 a
1841 2498 2016 2608 delemcto
2144 2592 2149 2601 Ι

594 2627 799 2708 Guillelmo
820 2632 847 2705 F
850 2628 1030 2737 lamingo;
1059 2628 1167 2708 dictis
1193 2629 1356 2739 Symcne
1376 2647 1414 2706 ct
1430 2629 1636 2709 Guillelmo
1654 2630 1694 2705 in
1713 2630 1941 2707 contrarium
1961 2629 2018 2706 di-

595 2759 768 2837 centibus
786 2760 890 2867 quod
908 2757 1122 2837 dominium
1143 2776 1181 2836 et
1199 2760 1408 2866 proprietas
1428 2760 1532 2859 dicte,
1551 2760 1687 2838 domus
1710 2786 1789 2836 non
1807 2759 1855 2867 ad
1875 2758 2017 2835 dictum

595 2888 814 2995 magistrum
841 2887 1107 2979 Guillelmum,
1138 2889 1204 2969 sed
1235 2890 1284 2967 ad
1316 2890 1460 2969 dictum
1485 2891 1690 3000 Symonem
1714 2889 1947 2998 pertinebat,
1979 2906 2017 2968 et

594 3020 698 3125 quod
718 3019 868 3097 nullum
878 3019 943 3127 jus
957 3018 1118 3097 habebat
1130 3020 1253 3097 dictus
1270 3021 1445 3129 magister
1457 3021 1683 3104 Guillelmvss
1695 3020 1847 3128 petendi
1857 3020 2017 3099 eandem

594 3147 770 3238 domum,
784 3150 917 3229 virtute
930 3150 1286 3253 ,dictefdonacionim
1304 3180 1389 3231 cum
1404 3152 1505 3229 dere
1520 3153 1682 3259 litigiosa
1700 3151 1793 3261 lacta
1810 3150 1958 3239 luisset,
1974 3167 2018 3227 ut

594 3278 789 3371 dicebant3
817 3282 968 3389 cognito
994 3280 1108 3389 igitur
1134 3280 1301 3363 dedicta
1328 3311 1435 3379 causa
1461 3312 1530 3391 per
1556 3283 1702 3361 dictum
1723 3280 1922 3369 ballivum,
1949 3309 2016 3359 seu

593 3411 890 3491 commissarium
910 3411 957 3489 ab
981 3438 1027 3489 eo
1052 3438 1166 3517 super
1190 3412 1264 3490 boc
1288 3412 1501 3519 specialiter
1519 3412 1756 3520 deputatum,
1782 3412 1886 3489 idem
1910 3411 2018 3489 balli·

593 3568 675 3633 vus,
690 3540 755 3621 'vel
768 3541 850 3650 ejus
866 3541 1158 3632 commissarius,
1169 3543 1286 3621 trium
1303 3544 1471 3648 parcium
1485 3543 1582 3622 dicte
1598 3541 1734 3621 domus
1750 3542 2016 3650 proprietatem

592 3671 816 3778 adjudicavit
841 3672 969 3749 eidem
991 3672 1168 3777 magistro
1194 3670 1418 3761 Guillelmo,
1449 3702 1536 3750 cum
1561 3689 1662 3749 certo
1690 3672 1834 3749 honore
1864 3700 2012 3758 census,

593 3797 714 3876 dictos
736 3798 952 3877 defensores
976 3800 1017 3876 in
1035 3800 1181 3907 reliqua
1198 3817 1326 3907 parte,
1352 3828 1420 3906 per
1443 3801 1547 3879 idem
1563 3801 1773 3907 judicium,
1800 3799 1846 3875 ab
1866 3800 2016 3907 impeti-

593 3926 700 4006 cione
722 3928 810 4006 dicti
835 3927 999 4037 magistri
1020 3928 1216 4007 Guillelmi
1241 3929 1492 4021 absolvend03
1513 3958 1535 4007 a
1558 3957 1635 4035 quo
1658 3928 1811 4035 quidem
1826 3928 2012 4036 judicato,

594 4074 783 4166 tamquam
800 4085 821 4134 a
837 4057 930 4135 falso
949 4074 987 4135 et
1004 4086 1136 4165 pravo,
1153 4059 1201 4137 ad
1218 4075 1383 4138 nostram
1404 4059 1547 4139 curiam
1563 4060 1682 4138 extitit
1701 4056 1929 4166 appellatum
1947 4088 2016 4167 per

594 4189 720 4279 dictos,
740 4189 943 4297 Symonem
970 4206 1007 4266 et
1033 4189 1307 4269 Guillelmum:
1328 4189 1478 4269 Auditis
1506 4190 1620 4299 igitur
1646 4190 1755 4267 dictis
1781 4190 1950 4297 partibus
1976 4192 2014 4267 in

594 4320 696 4397 curia
711 4337 854 4409 nostra,
877 4320 917 4396 in
936 4348 1044 4399 causa
1063 4320 1328 4429 appellacionis
1347 4322 1532 4430 predicte,
1549 4322 1702 4431 visoque
1723 4349 1897 4428 processu
1917 4323 2015 4401 dicte

593 4477 703 4528 cause
722 4450 953 4559 principalis,
973 4452 1062 4559 qnia
1082 4453 1277 4531 inventum
1294 4470 1369 4542 est,
1391 4481 1459 4559 per
1478 4453 1645 4531 eundem
1665 4480 1894 4563 processum,
1910 4454 2016 4563 quod

594 4580 640 4659 lis
659 4582 846 4689 pendebat
872 4582 968 4660 inter
989 4584 1129 4661 dictum
1153 4582 1380 4669 ,defunctum
1399 4584 1648 4664 Guillelmum
1678 4583 1930 4695 Flamingum,
1948 4588 2014 4695 qui

594 4711 732 4791 dicitur
744 4713 879 4791 dictam
897 4713 1145 4799 donacionem
1158 4714 1299 4803 iecisse,
1315 4732 1353 4795 et
1367 4715 1487 4793 dictos
1495 4715 1698 4824 Symonem
1710 4741 1753 4790 ac
1764 4714 2014 4795 Guillelmum

596 4841 643 4921 de
664 4842 801 4934 Calais,
830 4872 943 4951 super
970 4845 1069 4924 dieta
1094 4847 1226 4936 domo,
1253 4848 1290 4923 in
1311 4847 1413 4933 curia
1434 4846 1526 4925 dicti
1545 4845 1727 4955 episcopi,
1748 4863 1919 4955 tempore
1937 4877 2014 4957 quo

595 4973 695 5051 dicta
712 4974 871 5053 donacio
893 4976 1031 5057 dicitur
1050 4976 1143 5060 laets
1164 4976 1296 5075 luisse,
1328 4978 1439 5057 etsie
1460 4978 1600 5055 dictam
1624 5003 1704 5054 rem
1727 4977 1904 5055 donatam
1924 4995 2015 5056 tunc

596 5130 674 5181 esse
700 5104 916 5214 litigiosam,
943 5136 1012 5215 per
1037 5108 1140 5187 curie
1165 5124 1292 5187 nostre
1312 5108 1521 5219 judicium,
1542 5105 1615 5187 luit
1637 5107 1781 5204 dictum
1802 5098 2014 5214 predictum

596 5230 792 5325 ballivum,
815 5236 872 5315 vel
893 5238 974 5348 ejus
992 5240 1310 5331 commissarium,
1333 5239 1373 5317 in
1391 5257 1577 5347 quantum
1597 5254 1728 5317 contra
1744 5239 1865 5317 dictos
1884 5238 2014 5316 delen-

597 5386 699 5443 sores
707 5364 903 5469 judicavit,
920 5369 1018 5450 male
1030 5369 1237 5477 judicasse,
1251 5384 1289 5447 et
1303 5370 1403 5477 ipsos
1416 5352 1747 5479 beneappellasse;
1764 5386 1821 5455 et,
1838 5366 2015 5475 quisdic-

1836 5539 1887 5601 δι.
