5817 7292
996 1145 1002 1154 ’
1048 1122 1406 1232 asculenses
1432 1120 1640 1217 crocus.
1985 1143 2053 1215 iss

634 1312 728 1362 num
744 1301 782 1362 et
795 1281 1002 1389 capitulum
1016 1283 1274 1362 Noviomensis
1288 1281 1461 1372 ecclesie,
1480 1310 1523 1360 ex
1541 1298 1644 1388 parte
1663 1308 1755 1369 una,
1779 1301 1818 1360 et
1836 1282 2056 1390 episcopum
2095 1293 2223 1346 emron
2236 1289 2279 1354 lv,

633 1414 921 1493 Noviomensem
947 1429 987 1490 et
1015 1412 1221 1490 Colardum
1252 1412 1396 1490 dietum
1421 1412 1639 1500 Pooheron,
1668 1411 1878 1493 lobannem
1911 1413 2054 1492 dictum
2156 1383 2219 1428 Μ

635 1545 684 1624 de
699 1546 790 1653 Roy,
813 1562 852 1622 et
869 1542 1056 1651 quosdam
1074 1544 1167 1621 alios
1186 1543 1360 1622 homines
1377 1541 1465 1620 ville
1485 1543 1839 1649 Pontis-Episcopi,
1862 1572 1905 1620 ex
1923 1544 2053 1633 altera,

634 1701 748 1782 super
768 1703 814 1752 eo
837 1674 944 1781 quod
962 1673 1055 1752 dicti
1074 1673 1239 1752 decanus
1260 1692 1297 1751 et
1317 1673 1524 1780 capitulum
1546 1672 1762 1752 asserebant
1780 1701 1819 1750 se
1837 1701 1917 1750 csse
1938 1689 1975 1750 et
1989 1675 2056 1752 diu

633 1805 748 1884 luisse
766 1805 808 1881 in
827 1805 963 1883 saisina
976 1801 1131 1909 pacifica
1144 1804 1292 1882 levandi
1307 1823 1347 1884 et
1361 1804 1592 1910 percipiendi
1608 1803 1848 1891 theloneum,
1865 1803 1967 1909 apud
1983 1806 2057 1880 No-

632 1937 801 2016 viomum
833 1952 873 2013 et
897 1936 997 2041 apud
1022 1935 1406 2041 Pontem-Episcopi,
1432 1965 1454 2009 a
1477 1934 1649 2040 personis
1667 1934 1734 2040 qui
1755 1934 2056 2040 negociacionem

634 2067 786 2146 emendi
808 2083 848 2142 et
869 2065 1061 2144 vendendi
1081 2083 1299 2142 exercerent
1319 2065 1480 2153 ibidem,
1500 2092 1648 2144 necnon
1666 2065 1870 2144 arrestandi
1892 2082 1929 2142 et
1944 2067 2057 2173 justi-

632 2197 756 2274 ciandi
777 2199 817 2272 in
837 2195 930 2273 loeis
949 2195 1149 2301 inquibus
1168 2195 1239 2300 ipsi
1262 2195 1478 2302 percipiunt
1502 2212 1540 2273 et
1563 2196 1754 2302 percipere
1782 2215 2058 2276 consueverunt

631 2328 871 2416 theloneum,
895 2327 1093 2406 occasione
1114 2325 1285 2405 thelonei
1305 2355 1383 2404 non
1404 2327 1537 2415 soluti,
1560 2345 1654 2404 etse
1675 2356 1755 2406 esse
1776 2328 1978 2434 impeditos
2001 2331 2058 2406 in-

632 2458 759 2537 debite
780 2475 819 2534 et
837 2457 976 2566 injuste
997 2458 1037 2534 in
1059 2457 1253 2563 premissis
1276 2485 1345 2563 per
1369 2457 1490 2534 dictos
1509 2458 1727 2565 episcopum
1749 2476 1787 2536 et
1808 2459 1997 2548 homines,
2021 2477 2058 2537 et

630 2589 681 2667 ob
698 2589 771 2668 boc
788 2604 963 2695 peterent
981 2587 1071 2666 dicti
1092 2588 1256 2667 decanus
1276 2605 1314 2665 et
1335 2587 1542 2692 capitulum
1570 2589 1713 2666 dictum
1740 2588 2067 2695 impedimentum*

631 2736 670 2796 et
691 2748 847 2797 manum
870 2735 1056 2810 nostram,
1082 2719 1123 2794 in
1145 2717 1337 2824 premissis
1360 2720 1567 2823 appositam
1592 2737 1747 2825 propter
1773 2720 1951 2798 debatum
1972 2749 2057 2826 par-

630 2850 752 2940 cium,
780 2849 963 2939 amoveri;
990 2847 1100 2926 dietis
1129 2849 1305 2954 episeopo
1334 2865 1373 2926 et
1396 2847 1617 2928 bominibus
1647 2877 1685 2925 se
1712 2851 1993 2955 opponentibus
2019 2869 2056 2928 et

631 2978 845 3057 dicentibus
867 2978 988 3058 dictos
1009 2978 1194 3056 decanum
1215 2994 1254 3055 et
1272 2980 1479 3085 capitulum
1501 3007 1579 3058 non
1600 2981 1738 3059 habere
1754 2983 1818 3088 jus
1838 2982 1877 3058 in
1898 2985 2055 3088 premis-

629 3112 696 3202 sis,
717 3139 788 3189 nec
802 3137 881 3188 esse
902 3109 943 3186 in
963 3108 1099 3186 saisina
1123 3108 1396 3215 premissorum
1413 3142 1423 3188 r
1440 3111 1628 3198 Tandem,
1650 3111 1817 3189 articulis
1841 3141 1954 3220 super
1972 3143 2056 3220 pre-

629 3240 752 3318 missis
769 3238 918 3317 traditis
932 3257 971 3318 et
984 3238 1277 3345 probacionibus
1296 3240 1508 3347 productis,
1525 3242 1612 3320 visis
1632 3242 1868 3347 processibus
1883 3243 2055 3348 pluribus

630 3387 669 3449 et
690 3371 874 3479 inquestis
896 3399 1011 3477 super
1037 3370 1230 3476 premissis
1251 3369 1358 3448 laetis
1387 3391 1425 3450 et
1451 3401 1521 3478 per
1546 3373 1684 3450 dictam
1718 3373 1859 3452 curiam
1888 3391 2053 3452 nostram

629 3501 831 3610 diligenter
849 3499 1085 3586 examinatis,
1108 3500 1197 3607 ipuia
1219 3500 1415 3580 inventum
1441 3503 1563 3582 extitit
1586 3502 1705 3582 dictos
1726 3503 1912 3582 decanum
1937 3521 1974 3580 et
1995 3535 2054 3582 ca-

629 3632 792 3737 pitulum
816 3631 1047 3712 sufficienter
1069 3632 1246 3739 probasse
1270 3661 1311 3710 se
1332 3661 1412 3712 esse
1435 3634 1475 3710 in
1496 3635 1629 3712 saisina
1655 3634 1803 3712 levandi
1825 3653 1863 3714 et
1891 3635 2054 3713 habendi

628 3762 853 3842 theloneum
872 3765 913 3840 in
937 3762 1024 3840 villa
1050 3762 1398 3870 Pontis-Episcopi,
1425 3793 1502 3842 non
1531 3783 1658 3842 tamen
1684 3765 1888 3842 arrestandi
1916 3783 1953 3842 et
1974 3767 2056 3873 jus-

629 3892 803 3982 ticiandi,
825 3893 1116 3997 pronunciatum
1138 3892 1226 3983 suit,
1250 3921 1321 4000 per
1346 3895 1448 3973 curie
1472 3913 1599 3974 nostre
1619 3895 1824 4002 judicium,
1851 3895 1970 3972 dictos
1991 3896 2056 3972 de-

630 4050 765 4100 canum
791 4040 831 4101 et
855 4024 1064 4130 capitulum
1090 4051 1285 4102 remanere
1310 4025 1449 4104 debere
1480 4027 1519 4102 in
1546 4027 1680 4104 saisina
1702 4026 1869 4133 predicta
1892 4028 1931 4102 in
1957 4027 2055 4104 dieta

629 4151 716 4230 villa
745 4154 904 4232 Pontis·
917 4153 1113 4260 Episcopi,
1148 4170 1186 4230 et
1213 4155 1482 4261 impedimenta
1516 4156 1682 4262 predicta
1714 4173 1752 4233 et
1781 4185 1933 4232 manum
1966 4185 2054 4232 nos-

627 4301 740 4376 tram,
762 4285 802 4363 in
820 4285 1013 4391 premissis
1031 4303 1185 4392 propter
1199 4285 1343 4364 dictum
1363 4285 1544 4364 debatum
1563 4287 1786 4394 appositam,
1805 4287 1967 4364 amoveri
1987 4288 2054 4364 de-

627 4415 730 4492 bere.
757 4417 815 4495 De
835 4413 968 4492 ceteris
990 4442 1079 4493 vero
1099 4415 1284 4503 articulis,
1306 4415 1479 4494 videlieet
1499 4416 1704 4494 arrestandi
1725 4434 1763 4494 et
1777 4417 1994 4524 justiciandi
2015 4417 2054 4494 in

628 4546 725 4624 dicta
753 4546 839 4625 villa
863 4543 1198 4651 Pontis-Episcopi,
1225 4574 1293 4652 per
1321 4545 1442 4626 dictos
1463 4547 1645 4624 decanum
1670 4563 1708 4624 et
1732 4547 1939 4654 capitulum
1966 4577 2053 4656 pro

626 4675 772 4782 positis,
792 4676 912 4754 dictos
933 4675 1151 4784 episcopum
1173 4691 1213 4754 et
1236 4677 1410 4756 homines
1428 4677 1536 4756 duxit
1560 4677 1693 4756 eadem
1716 4679 1818 4758 curia
1840 4696 1965 4758 nostra
1991 4681 2054 4756 ab·

625 4807 840 4888 solvendos.

682 4941 789 5018 Lune
803 4957 890 5047 post
907 4924 1140 5048 quindenam
1155 4943 1431 5034 Pentheeostes,

682 5072 914 5152 llosselletus
932 5073 1148 5179 reportavit.

681 5337 738 5413 u.
770 5337 868 5415 Cum
888 5336 1122 5445 llaquinetus
1141 5354 1181 5415 et
1194 5337 1414 5426 Vinanoius,
1431 5339 1540 5447 judei
1566 5339 1612 5418 de
1626 5339 1791 5446 Dysisia‚
1806 5337 1961 5444 fratres,
1980 5365 2052 5412 una

628 5492 712 5542 cum
732 5484 836 5573 patre
851 5469 1038 5573 ipsorum,
1060 5487 1384 5577 conquererentur
1405 5470 1452 5546 de
1474 5469 1609 5546 ballivo
1628 5469 1868 5558 Bituricensi,
1886 5468 2054 5542 dicentes

733 5641 785 5682 urs
806 5641 888 5684 curu.
909 5644 959 5684 ω.
1886 5625 1925 5689 ab
