5817 7292
887 1066 961 1142 too
1466 1059 1557 1132 tus
1587 1057 1728 1133 OLIM.

661 1219 790 1276 parurn
803 1222 846 1282 1v,
934 1207 992 1283 Μ.
1012 1205 1058 1284 G.
1080 1203 1129 1283 de
1149 1203 1288 1282 Landri
1307 1201 1521 1308 reportavit.

722 1311 784 1356 1⁸⁰⁹.

941 1466 1063 1544 XCIII.
1095 1465 1191 1544 Cum
1202 1461 1424 1568 Radulphus
1439 1461 1487 1539 de
1501 1459 1644 1570 Nigella
1657 1460 1812 1539 domino
1824 1460 1917 1569 Regi
1929 1459 2193 1540 denunciasset
2204 1464 2309 1568 quod

884 1597 1073 1675 Iohannes
1095 1595 1143 1672 de
1165 1593 1283 1682 Falvi,
1312 1591 1478 1685 scutifer,
1508 1591 1603 1669 duos
1627 1577 1744 1700 ipsiius
1766 1591 1957 1700 Radulphi
1979 1592 2134 1670 valletos
2155 1592 2310 1670 cilenia·

883 1747 998 1818 verat,
1025 1725 1198 1805 videlicet
1225 1728 1406 1803 Ioanneto
1435 1727 1580 1800 Kesnot
1602 1751 1736 1801 nervos
1757 1723 1985 1830 jarretorum
2010 1740 2049 1801 et
2068 1723 2237 1802 Mahieto
2259 1723 2308 1802 de

884 1859 981 1936 Mori
1001 1886 1131 1934 aurem
1152 1855 1360 1934 absciderat
1382 1871 1420 1931 et
1436 1853 1593 1963 injuste,
1610 1852 1839 1960 requirendo
1858 1853 1952 1932 sacta
1967 1854 2189 1961 hujusmodi
2205 1883 2307 1932 com-

881 2006 1053 2094 petenter
1066 1987 1277 2075 emendari,
1293 2002 1346 2076 et,
1360 1985 1454 2062 lacta
1464 2013 1577 2092 super
1589 1985 1678 2071 hoc,
1695 1985 1766 2063 sub
1778 2003 1879 2062 certa
1892 1985 2027 2074 forma,
2042 1986 2306 2065 commissione

880 2117 1018 2196 ballivo
1033 2117 1338 2204 Viromandensi,
1356 2132 1393 2192 et
1408 2115 1580 2221 inquesta
1594 2143 1707 2221 super
1722 2117 1796 2194 hoc
1809 2145 1878 2222 per
1894 2145 1982 2193 eum
1997 2117 2091 2194 lacta
2103 2117 2152 2192 ad
2163 2117 2305 2194 curiam

883 2265 1085 2354 reportata,
1108 2248 1321 2326 continente
1343 2245 1597 2327 confessiones
1616 2262 1654 2321 et
1677 2245 1917 2325 defensiones
1939 2246 2027 2324 dicti
2046 2246 2239 2333 Iohannis,
2261 2276 2305 2323 ex

883 2396 987 2486 parte
1012 2380 1130 2486 ipsius
1154 2378 1352 2466 Iohannis,
1378 2376 1507 2483 plures
1528 2375 1687 2454 luerunt
1707 2378 1900 2484 proposito
1925 2377 2092 2454 raciones
2118 2376 2168 2454 ad
2190 2377 2304 2454 linem

884 2509 1077 2586 anullandi
1102 2508 1239 2587 dictam
1261 2508 1493 2614 inquestam,
1514 2523 1553 2584 et
1575 2507 1693 2584 eciam
1714 2507 1913 2586 excusandi
1932 2508 2077 2585 dictum
2094 2507 2304 2586 Iohannem

883 2668 996 2746 super
1018 2638 1122 2716 sactis
1141 2637 1335 2744 predictis,
1364 2637 1539 2743 pluribus
1562 2637 1779 2717 nacionibus
1800 2667 1870 2746 per
1892 2638 2037 2716 dictum
2062 2636 2304 2744 Radulphum

882 2769 1083 2877 propositis
1103 2797 1147 2846 ex
1168 2767 1321 2846 adverso
1335 2799 1343 2846 t
1357 2768 1549 2861 Tandem,
1572 2769 1712 2847 auditis
1729 2769 1924 2848 hincinde
1938 2769 2154 2876 propositis,
2176 2786 2214 2846 et
2232 2768 2306 2846 visa

881 2899 1052 3006 inquesta
1082 2899 1250 3006 predicta
1279 2915 1318 2977 et
1346 2897 1645 2978 confessionibus
1674 2901 1764 2978 dicti
1790 2900 1970 2979 Iohannis
1995 2901 2036 2976 in
2063 2898 2197 2977 eadem
2225 2927 2307 2976 con·

880 3031 1008 3120 tentis,
1029 3059 1096 3138 per
1111 3030 1216 3108 curie
1230 3047 1356 3109 nostre
1366 3029 1574 3138 judicium,
1589 3031 1694 3108 idem
1715 3032 1907 3112 Iohannes
1920 3031 2218 3136 condempnatus
2236 3029 2309 3108 fuit

882 3161 926 3240 ad
959 3161 1200 3239 reddendum
1231 3161 1339 3239 dictis
1372 3161 1524 3240 duobus
1551 3161 1712 3251 valletis,
1744 3161 1915 3240 videlicet
1944 3162 2045 3240 dicto
2075 3161 2302 3248 Iohannem,

881 3291 1101 3399 quindecim
1123 3292 1298 3369 denarios
1317 3293 1559 3382 Parisienses‚
1577 3311 1614 3370 et
1633 3293 1732 3371 dicto
1753 3293 1931 3383 Mahieto,
1953 3309 2037 3370 octo
2053 3283 2227 3368 denarios
2239 3290 2305 3366 Pa-

882 3421 1074 3508 risienses,
1095 3451 1164 3528 pro
1183 3424 1282 3501 victu
1306 3451 1454 3512 eorum,
1477 3424 1646 3531 qualibet
1668 3425 1746 3516 die,
1768 3425 1952 3531 quamdiu
1970 3422 2041 3530 ipsi
2059 3422 2172 3498 vitam
2191 3422 2303 3500 duxe-

881 3552 955 3628 rint
975 3551 1015 3627 in
1035 3551 1225 3643 humanis,
1249 3571 1287 3632 et
1306 3555 1354 3632 ad
1372 3553 1615 3634 reddendum
1635 3555 1736 3634 dicto
1755 3555 1954 3662 Radnlpho
1974 3553 2100 3632 omnia
2121 3553 2219 3630 hona
2235 3583 2303 3632 sua

881 3709 948 3788 per
966 3684 1129 3760 eundem
1146 3684 1358 3764 Iohannem
1376 3703 1578 3793 asportata,
1595 3686 1635 3764 in
1657 3687 1756 3766 dicta
1768 3689 1941 3794 inquesta
1958 3700 2149 3775 contenta,
2171 3701 2210 3762 et
2223 3713 2306 3762 om·
2390 3699 2393 3704 ’

880 3839 948 3890 nes
969 3813 1094 3893 misias
1117 3844 1210 3922 quas
1234 3816 1313 3922 ipse
1339 3816 1428 3894 lecit
1447 3817 1488 3894 in
1509 3818 1667 3896 medicis
1689 3836 1728 3896 et
1751 3818 1852 3906 aliis,
1875 3845 1944 3923 pro
1965 3814 2163 3893 curatione
2189 3815 2307 3894 dicto·

879 3971 964 4020 rum
985 3937 1208 4027 valletorum
1232 3975 1387 4026 suorum
1412 3966 1449 4028 et
1470 3951 1740 4054 prosecucione
1766 3947 1911 4056 negocii
1932 3946 2154 4053 supradicti,
2179 3963 2217 4022 et
2237 3976 2306 4053 pro

881 4075 1041 4152 emenda
1063 4075 1147 4155 lacti
1173 4079 1410 4186 hujusmodi,
1431 4081 1611 4158 dominus
1631 4081 1884 4168 heriradus,
1909 4079 2028 4157 exitus
2047 4095 2086 4155 et
2104 4095 2305 4184 proventus

879 4203 1001 4279 tocius
1022 4221 1118 4284 terre
1140 4209 1227 4287 dicti
1248 4210 1429 4288 Iohannis
1450 4239 1495 4288 ex
1513 4213 1660 4319 integro
1679 4211 1861 4318 percipiet
1880 4228 1919 4290 et
1942 4209 2079 4288 levabit
2099 4235 2305 4314 perunum

880 4359 1032 4411 annunt

934 4464 1032 4542 Iovis
1050 4485 1135 4572 post
1153 4472 1509 4550 Sanctam-Luciam.

934 4594 966 4668 I.
990 4594 1036 4670 de
1056 4597 1175 4676 Voissi
1193 4604 1406 4707 reportavit.

935 4853 1059 4936 XCIV.
1092 4856 1212 4949 Cum,
1242 4889 1263 4938 a
1294 4862 1461 4968 quodam
1488 4863 1677 4971 judicato,
1707 4891 1777 4973 per
1802 4863 2036 4972 prepositum
2058 4863 2304 4942 Parisiensem

878 4983 990 5078 lacto,
1012 5003 1140 5065 contra
1164 4987 1389 5070 Gausridum
1414 4994 1462 5070 de
1482 4997 1618 5088 Ponte,
1640 4995 1841 5074 dominum
1860 4996 1908 5073 de
1933 4995 2104 5083 Riberac,
2127 4992 2307 5072 domicel-

877 5113 973 5206 lum,
995 5143 1064 5219 pro
1083 5118 1193 5196 Petro
1215 5119 1335 5212 Sales,
1357 5124 1613 5230 apothecario,
1630 5126 1670 5202 in
1685 5127 1847 5234 quadam
1868 5153 1976 5204 causa
1994 5125 2209 5232 pecuniaria
2227 5150 2303 5228 que

876 5271 1001 5321 coram
1024 5244 1123 5324 dicto
1144 5250 1335 5356 preposito
1354 5255 1546 5358 pendebat
1564 5257 1663 5334 inter
1675 5274 1801 5362 partes
1814 5256 2017 5363 predictas,
2039 5255 2143 5332 idem
2160 5250 2304 5334 Gatdri·

877 5373 949 5452 dus
979 5375 1026 5453 ad
1058 5395 1221 5456 nostram
1247 5381 1389 5458 curiam
1419 5384 1672 5490 appellasset:
1696 5388 1882 5475 Tandem,
1909 5386 1949 5462 in
1977 5414 2085 5463 causa
2112 5385 2210 5462 dicte
2236 5410 2302 5487 ap·
