5817 7292
1043 1111 1312 1221 anotrns
1337 1128 1399 1201 er
1425 1110 1633 1204 Procas.
1983 1131 2047 1203 η]

590 1296 593 1303 ’
631 1274 762 1352 liarius
780 1290 908 1350 noster
925 1271 1128 1351 Oudardus
1154 1272 1214 1350 de·
1228 1261 1474 1364 Villa-Nova,¹
1487 1289 1580 1349 tunc
1598 1270 1755 1378 negocio
1776 1270 1876 1348 dicte
1896 1272 2055 1378 inquisi-
2091 1312 2223 1367 ΜΝ,
2235 1288 2279 1350 ιν.

632 1405 750 1485 cionis
770 1404 984 1494 intendens,
1006 1405 1117 1482 sciret
1137 1432 1250 1511 super
1269 1403 1342 1481 hoc
1355 1402 1561 1480 veritatem.
1584 1402 1659 1497 Qui
1676 1400 1896 1489 Oudardus‚
1917 1402 2056 1481 vocatis
2155 1403 2217 1445 ¹³⁰³·

632 1538 819 1645 partibus,
841 1564 957 1643 super
976 1536 1048 1613 hoc
1065 1536 1223 1643 perfide
1242 1536 1376 1643 dignos
1389 1533 1685 1613 fecioveritatem
1700 1533 1841 1641 inquiri
1856 1566 1866 1609 ε
1882 1536 2058 1641 luquesta

633 1696 721 1747 vero
740 1668 925 1775 predicta,
947 1685 1073 1745 nostre
1094 1667 1196 1744 curie
1216 1682 1420 1774 reportata,
1445 1667 1522 1744 visa
1546 1681 1584 1744 et
1609 1666 1811 1772 diligenter
1835 1666 2059 1756 examinata,

633 1814 840 1904 vocatoque
857 1798 958 1875 dicto
977 1797 1129 1877 Matheo
1149 1797 1198 1874 ad
1212 1797 1275 1903 jus
1294 1824 1407 1903 super
1425 1795 1499 1873 hoc
1520 1795 1771 1887 audiendum,
1789 1824 1857 1901 per
1871 1795 2062 1904 judicium

634 1946 761 2007 nostre
776 1928 898 2015 curie,
914 1926 1059 2004 dictum
1071 1926 1142 2004 fuit
1153 1928 1367 2033 predictum
1382 1928 1544 2004 Alanum
1560 1944 1689 2005 contra
1704 1927 1850 2003 dictum
1865 1927 2062 2005 Matheum

634 2060 891 2139 intencionem
919 2088 1025 2136 suam
1050 2057 1282 2135 sufficienter
1306 2060 1544 2165 probavisse;
1572 2077 1610 2135 et
1637 2059 1744 2166 quod
1773 2059 1898 2137 eidem
1923 2059 2058 2150 Alaun,

633 2190 800 2297 quandiu
828 2191 906 2297 ipse
932 2190 1080 2281 vixerit,
1107 2216 1176 2295 pro
1204 2189 1377 2297 dampnis
1401 2190 1497 2279 suis,
1520 2190 1643 2269 dictus
1667 2190 1840 2269 Matheus
1867 2190 2060 2267 annuatim

632 2320 817 2429 persolvet
841 2322 972 2399 decem
997 2339 1035 2399 et
1059 2338 1144 2399 octo
1169 2320 1284 2399 libras
1307 2320 1549 2409 Parisienses,
1573 2337 1612 2399 et
1631 2321 1749 2439 ecipm
1768 2322 1920 2429 triginta
1940 2338 1978 2399 et
1997 2348 2060 2399 sex

633 2451 747 2529 libras
766 2480 835 2559 pro
856 2452 1048 2560 arreragiis
1064 2452 1155 2531 dicti
1175 2452 1348 2530 redditus
1363 2452 1413 2530 de
1429 2453 1581 2531 duobus
1598 2443 1913 2558 annis'preteritis
1928 2482 1949 2529 a
1965 2471 2060 2530 tem-

632 2611 724 2689 pore
744 2582 897 2661 lesionis
913 2583 1097 2689 predicte,
1113 2599 1152 2661 et
1163 2582 1269 2690 quod
1284 2582 1374 2659 dicti
1391 2583 1533 2660 Mathai
1548 2582 1739 2660 hereditas
1753 2583 1906 2659 ethona
1920 2583 1966 2660 ad
1986 2584 2060 2661 hoc

634 2714 886 2791 remanebunt
909 2715 1071 2823 obligata
1094 2714 1212 2791 Alano
1241 2714 1431 2821 predicto;
1461 2730 1500 2790 et
1526 2712 1630 2820 quod
1657 2714 1760 2789 idem
1786 2715 1978 2801 Matheus‚
2004 2742 2061 2790 ra-

634 2842 743 2920 cione
763 2842 848 2921 lacti
868 2846 1045 2951 predicti,
1070 2861 1323 2921 trecentarum
1350 2843 1532 2920 librarum
1552 2843 1818 2921 Parisiensium
1843 2844 1953 2921 uobis
1975 2872 2062 2949 per-

634 2972 753 3052 solvet
771 2974 985 3051 emendam.

690 3105 797 3181 Lune
817 3105 857 3181 in
877 3105 1020 3183 octabis
1038 3104 1275 3213 Magdalene‚
1298 3134 1396 3183 anno
1416 3106 1682 3183 trecentesimo
1700 3106 1832 3183 tercio.

688 3370 748 3447 IX.
781 3369 877 3446 Cum
904 3368 944 3444 in
964 3398 1073 3447 causa
1092 3368 1131 3447 iu
1151 3369 1254 3446 curia
1273 3387 1399 3446 nostra
1423 3384 1527 3447 mota
1544 3369 1645 3447 inter
1667 3368 1832 3475 priorem
1856 3386 1894 3447 et
1919 3372 2060 3477 capitu-

635 3497 715 3576 lum
732 3499 888 3578 ecclesie
907 3500 1193 3607 Santi-Caprasii
1213 3500 1260 3577 de
1277 3498 1450 3607 Agenno‚
1475 3530 1519 3577 er
1536 3530 1611 3578 uua
1630 3517 1751 3607 parte,
1774 3516 1812 3577 et
1831 3501 2005 3579 consules
2022 3518 2061 3578 et

635 3631 932 3720 universitatem,
955 3632 1110 3709 civitatis
1124 3630 1372 3740 Agennensis,
1395 3660 1439 3709 ex
1458 3632 1589 3722 altera,
1607 3660 1721 3739 super
1734 3631 1906 3738 pluribus
1920 3634 2061 3712 violen-

634 3761 717 3850 ciis,
738 3762 886 3871 injuriis
906 3780 944 3841 et
963 3762 1288 3871 oppressionibus,
1304 3792 1373 3869 per
1392 3762 1514 3840 dictos
1532 3762 1706 3840 consules
1723 3780 1761 3839 et
1779 3764 2059 3842 universitatem

636 3890 754 3967 eciam
779 3922 864 3970 cum
888 3893 1017 3983 armis,
1044 3894 1084 3970 in
1109 3893 1207 3971 dicta
1232 3892 1386 3972 ecclesia
1410 3892 1532 3982 lactis,
1552 3909 1597 3970 ut
1621 3892 1838 3986 dicebatur3
1860 3894 1998 3972 auditis
2022 3914 2059 3972 et

635 4019 777 4128 pluries
796 4024 961 4128 parcium
987 4025 1245 4131 predictarum
1261 4023 1476 4102 racionihus
1495 4024 1585 4102 hinc
1602 4040 1642 4100 et
1659 4023 1766 4111 inde,
1787 4053 1855 4130 per
1874 4042 2057 4103 arrestum

564 4190 568 4207 ·
636 4168 763 4229 nostre
778 4155 882 4231 curie
897 4153 1042 4231 dictum
1057 4155 1188 4234 suisset
1204 4156 1308 4263 quod
1323 4156 1495 4261 inquesta
1507 4182 1622 4260 super
1635 4155 1710 4231 hoc
1723 4153 1770 4231 de
1785 4155 1963 4231 mandato
1977 4183 2060 4232 nos·

635 4301 695 4361 tro
710 4282 804 4360 facta
820 4283 1010 4362 videretur
1025 4302 1062 4363 et
1072 4286 1329 4394 judicaretur:
1346 4285 1535 4378 Tandem,
1552 4289 1724 4392 inquesta
1739 4284 1905 4391 predicta
1918 4314 1988 4392 per
2001 4317 2060 4365 cu-

637 4416 731 4493 riam
738 4432 909 4492 nostram
917 4416 995 4493 visa
1008 4434 1046 4493 et
1059 4417 1257 4527 diligenter
1270 4418 1491 4508 examinata,
1507 4416 1607 4492 dicta
1619 4416 1802 4523 inquesta,
1816 4435 2002 4525 quantum
2012 4420 2059 4495 ad

635 4560 759 4652 partes
778 4546 981 4652 predictas,
1001 4564 1156 4655 propter
1176 4550 1490 4653 compromissum
1511 4548 1609 4623 inter
1627 4575 1667 4624 se
1688 4546 1828 4627 lactum
1848 4576 1963 4655 super
1976 4580 2061 4657 pre·

637 4674 764 4764 dictis,
784 4676 858 4753 fuit
876 4678 924 4755 ad
944 4706 1099 4785 presens
1115 4678 1238 4784 posita
1253 4678 1291 4755 in
1307 4706 1503 4787 suspenso,
1524 4694 1562 4756 et
1577 4678 1626 4755 ad
1635 4677 1850 4787 judicatum
1864 4698 2059 4759 reservata.

636 4805 913 4898 Veruntamen,
935 4825 1120 4915 quantum
1150 4807 1197 4886 ad
1222 4838 1307 4901 nos,
1329 4809 1602 4917 perjudicium
1624 4826 1751 4887 nostre
1774 4809 1897 4898 curie,
1920 4808 2061 4887 dictum

636 4933 708 5013 luit
732 4937 837 5043 quod
862 4938 951 5015 dicti
979 4938 1154 5017 consules
1179 4955 1218 5016 et
1234 4939 1472 5031 universitas,
1490 4968 1561 5046 pro
1586 4936 1691 5016 lactis
1713 4938 1909 5046 predictis,
1931 4940 2063 5017 decem

637 5064 799 5144 millium
817 5066 999 5147 librarum
1018 5070 1302 5152 Turonensium
1320 5070 1432 5149 nobis
1450 5070 1664 5177 persolvent
1678 5070 1892 5148 emendam.

693 5196 799 5275 Luna
818 5217 906 5306 post
925 5201 1105 5279 Sanctum
1125 5202 1394 5293 Laurentium,
1417 5230 1515 5280 anno
1533 5202 1803 5281 trecentesimo
1822 5202 1953 5279 tercio.

692 5460 739 5535 Χ.·
767 5460 865 5540 Cum
888 5463 1056 5543 Thomas
1081 5465 1130 5544 de
1157 5464 1332 5546 Graveria
1355 5464 1560 5572 quamdam
1584 5464 1814 5571 inquestam,
1842 5489 1956 5567 super
1980 5488 2058 5540 ser-

722 5634 775 5677 nas
796 5635 879 5679 caru.
902 5639 948 5679 ru.
1917 5614 1953 5677 16
