5817 7292
851 1149 922 1221 132
1426 1154 1517 1227 LES
1548 1152 1686 1227 OLIM.

621 1300 751 1356 annm
763 1299 807 1363 IV·
845 1290 918 1367 hoc
932 1288 1095 1369 absoluti
1109 1290 1278 1383 suerunt,
1295 1294 1403 1375 salvis
1419 1295 1623 1404 privilegiis
1638 1314 1677 1375 ct
1692 1294 1931 1374 libertatibus
1946 1293 2104 1373 ecclesie
2119 1311 2156 1374 et
2171 1324 2273 1376 com·

682 1391 745 1435 1³04.

845 1423 976 1501 munic
995 1422 1261 1529 predictarum.

901 1554 1058 1632 Veneris
1076 1571 1163 1665 post
1180 1556 1484 1651 Pentbecostem,
1506 1586 1606 1636 anno
1625 1558 1891 1637 trecentesimo
1909 1576 2055 1666 quarto.

902 1820 1026 1897 XXVI.
1058 1819 1155 1897 Cum
1179 1817 1364 1898 discretus
1383 1820 1439 1896 vir
1460 1822 1635 1929 magister
1654 1822 1863 1902 Grimerius
1888 1822 1936 1900 de
1955 1822 2169 1916 Placencia,
2190 1824 2275 1902 the·

846 1950 1035 2027 saurarius
1053 1949 1285 2057 Bajocensis‚
1310 1951 1421 2029 nobis
1441 1972 1668 2059 conquestus
1692 1953 1826 2031 fuisset
1849 1953 1953 2060 quod
1977 1954 2200 2061 Radulphus
2225 1957 2273 2035 de

846 2080 1044 2175 Mellento,
1066 2082 1246 2161 dominus
1266 2082 1314 2160 de
1337 2083 1522 2174 Cursella‚
1543 2085 1670 2178 miles,
1692 2086 1808 2191 ipsius
1826 2086 2050 2163 thesaurarii
2070 2087 2205 2165 domos
2224 2088 2273 2164 de

845 2213 1033 2291 Berneriis
1045 2230 1083 2291 et
1096 2213 1313 2306 Tombetis,
1329 2245 1415 2292 cum
1430 2231 1660 2292 armatorum
1673 2216 1936 2308 multitudine,
1951 2217 2077 2324 fregit,
2090 2217 2274 2297 violenter

846 2342 996 2421 intravit
1010 2361 1049 2423 ct
1061 2346 1268 2451 occupavit,
1285 2374 1326 2423 ac
1342 2346 1487 2423 detinet
1503 2364 1714 2452 occupatas,
1732 2376 1878 2427 necnon
1894 2347 2100 2456 quemdam
2115 2374 2271 2454 equum,
2400 2426 2404 2435 ,

846 2476 1066 2583 quindecim
1078 2505 1238 2583 capones
1254 2493 1292 2554 et
1305 2478 1579 2584 quinquaginta
1594 2478 1763 2584 quinque
1776 2479 1891 2558 libras
1904 2484 2160 2570 Turonenses,
2182 2478 2275 2556 dicti

847 2606 1069 2685 thesaurarii
1091 2607 1305 2700 existentes,
1324 2607 1468 2685 ibidem
1494 2607 1593 2714 cepit
1618 2624 1656 2685 et
1678 2637 1807 2687 secum
1829 2611 2008 2718 portavit,
2035 2611 2273 2716 dampnaque

847 2736 1010 2847 plurima
1031 2738 1103 2815 alia
1122 2737 1252 2815 intulit
1274 2739 1422 2831 eidem;
1448 2768 1517 2816 nos
1537 2768 1653 2847 super
1671 2740 1763 2831 hiis,
1784 2760 1916 2820 vocato
1938 2743 2040 2821 dicto
2061 2741 2198 2835 milite,
2221 2740 2240 2817 l
2257 2788 2276 2801 ·

848 2870 968 2949 cimus
984 2870 1179 2949 veritatem
1194 2870 1337 2977 inquiri
1357 2871 1467 2951 :Visa
1481 2870 1596 2979 igitur
1610 2888 1649 2949 et
1663 2871 1865 2979 diligenter
1881 2874 2087 2951 examinata
2103 2872 2277 2980 inquesta

847 3002 1031 3109 predicta,
1051 3018 1089 3079 et
1107 3002 1360 3108 procuratoris
1381 3001 1499 3109 ipsius
1517 3003 1743 3081 thesaurarii
1757 3004 1975 3112 juramento
1994 3022 2147 3111 recepto
2164 3031 2277 3111 super

848 3161 995 3211 summa
1024 3132 1184 3237 pecunie
1207 3132 1421 3238 supradicte
1449 3150 1488 3211 et
1516 3133 1707 3211 dictorum
1736 3164 1898 3213 numero
1923 3164 2127 3241 caponum,
2154 3133 2278 3213 dictus

849 3264 976 3354 miles,
991 3292 1060 3369 per
1072 3264 1175 3341 curie
1189 3264 1533 3371 uostrejudicium,
1549 3266 1829 3343 sentencialiter
1843 3268 1964 3347 extitit
1976 3267 2278 3372 condempnatus

849 3396 897 3473 ad
920 3395 1190 3473 dimittendum
1211 3412 1250 3473 et
1268 3394 1511 3474 liberandum
1531 3395 1657 3473 eidem
1676 3396 1912 3475 thesaurario
1933 3397 2068 3475 domos
2087 3425 2174 3473 suas
2192 3425 2278 3502 pre·

850 3526 966 3605 dictas
988 3543 1026 3604 et
1045 3526 1287 3604 reddendum
1303 3527 1429 3605 eidem
1451 3545 1489 3604 et
1507 3526 1786 3605 restituendum
1805 3528 1846 3605 in
1863 3528 1947 3607 loco
1968 3529 2068 3605 dicte
2089 3527 2276 3633 capcionis

851 3657 994 3736 dictum
1015 3686 1175 3764 equum,
1199 3659 1239 3735 in
1260 3657 1385 3735 valore
1410 3658 1450 3735 in
1476 3640 1553 3766 quo
1578 3675 1657 3735 erat
1680 3675 1852 3766 tempore
1877 3660 2065 3765 capcionis
2084 3658 2273 3763 predicte,

850 3818 998 3869 necnon
1021 3790 1222 3897 pecuniam
1248 3806 1287 3868 ct
1313 3819 1475 3898 capones
1493 3791 1701 3897 predictos,
1725 3810 1763 3869 et
1786 3792 2027 3871 reddendum
2054 3790 2181 3867 eidem
2207 3791 2277 3868 du·

850 3938 974 4000 centas
989 3920 1104 3999 libras
1118 3924 1370 4013 Turonenses,
1387 3952 1455 4029 pro
1470 3922 1604 4001 ceteris
1620 3923 1792 4030 dampnis
1810 3941 1849 4002 et
1865 3923 2013 4031 injuriis
2032 3921 2116 4011 sibi,
2136 3922 2177 3999 in
2194 3949 2280 4029 pre-

850 4051 991 4143 missis,
1007 4082 1076 4159 per
1089 4048 1252 4132 militem
1265 4054 1496 4160 predictum,
1509 4053 1638 4147 illatis,
1655 4058 1901 4162 pereundam
1914 4056 2072 4163 juratas,
2086 4052 2277 4131 taxacione

850 4202 977 4264 nostre
999 4186 1101 4264 curie
1122 4185 1365 4292 precedente,
1386 4203 1424 4263 et
1442 4187 1490 4263 ad
1509 4186 1733 4266 solvendum
1748 4187 1860 4265 nobis
1884 4186 1992 4265 mille
2016 4186 2130 4265 libras
2154 4186 2278 4263 Turo-

851 4345 985 4394 nenses
1004 4345 1072 4422 pro
1094 4319 1265 4395 emenda.
1287 4316 1424 4397 Actum
1448 4317 1551 4425 apud
1569 4318 1772 4411 Vicennas,
1794 4319 1925 4398 Martis
1941 4333 2028 4426 post
2046 4318 2278 4425 quindenam

850 4447 1133 4537 Penthecostes‚
1151 4476 1249 4525 anno
1263 4453 1530 4528 trecentesimo
1549 4466 1694 4557 quarto.

906 4578 977 4655 Ista
996 4578 1292 4685 condempnacio
1314 4578 1386 4657 luit
1403 4608 1584 4685 suspensa
1600 4610 1669 4687 per
1686 4582 1888 4660 dominum
1898 4584 2052 4687 Regem.

906 4842 1047 4921 XXVII.
1078 4841 1178 4920 Cum
1198 4842 1302 4949 prior
1321 4841 1369 4919 de
1388 4842 1606 4951 Argentolio
1626 4845 1731 4923 curie
1751 4863 1878 4923 nostre
1896 4858 2125 4950 conquestus
2149 4840 2280 4919 suisset

850 4971 957 5078 quod
979 4972 1184 5079 quemdam
1209 4974 1423 5065 hominem,
1449 4974 1515 5082 qui
1542 4974 1658 5055 falsus
1680 4975 1914 5053 monetarius
1939 4971 2154 5060 dicebatur,
2176 4970 2280 5078 pri0r
2358 4969 2361 4973 ’

850 5101 946 5208 ipse,
966 5120 1010 5183 ut
1027 5101 1189 5195 dicebat,
1212 5106 1252 5182 in
1270 5134 1336 5183 sua
1348 5106 1499 5214 justicia
1514 5124 1664 5214 ceperat
1684 5124 1722 5184 et
1737 5122 1887 5213 captum
1904 5103 2115 5195 detinebat,
2138 5119 2177 5179 et
2194 5129 2281 5207 pre-

849 5232 994 5339 positus
1005 5234 1220 5313 Parisiensis
1232 5236 1356 5343 ipsum
1369 5236 1537 5342 priorem
1552 5266 1666 5343 super
1680 5236 1753 5313 hoc
1772 5235 1812 5311 in
1826 5233 1977 5341 justicia
1995 5232 2182 5325 iacienda,
2204 5260 2279 5340 que

849 5365 898 5442 ad
914 5366 1038 5475 ipsum
1057 5367 1288 5474 pertinebat,
1308 5368 1435 5447 minus
1454 5368 1732 5447 racionabiliter
1750 5364 2000 5473 impediehat;
2020 5364 2122 5442 dicto
2141 5390 2281 5471 prepo-

849 5495 921 5577 sito
937 5496 1086 5579 dicente
1105 5499 1298 5607 adipsum
1317 5498 1485 5607 priorem
1498 5497 1803 5606 jurisdictionem
1823 5494 2045 5603 hujusmodi
2067 5522 2145 5573 non
2163 5494 2280 5603 perti·
