5817 7292
1041 1096 1309 1206 evocares
1334 1115 1399 1187 ur
1419 1095 1632 1188 >crocus
1971 1114 2044 1190 sss

627 1258 745 1365 ipsius
761 1257 945 1365 Aymerici
966 1275 1005 1337 et
1016 1258 1228 1346 hominum
1243 1279 1399 1334 suorum
1420 1255 1674 1363 prejudicium
1696 1275 1772 1334 non
1785 1256 1986 1335 ¹modicum
2009 1277 2045 1336 ct
2081 1267 2210 1323 aarum
2225 1271 2267 1334 tv.

625 1417 839 1496 gravamem
860 1389 959 1467 dicto
974 1388 1157 1467 Gaulrido
1173 1389 1212 1464 in
1230 1387 1458 1467 contrarium
1475 1403 1731 1474 asserentem
1745 1385 1892 1464 dicente
1908 1413 1947 1463 se
1965 1413 2046 1492 pre·
2143 1361 2205 1405 Μ’

627 1518 724 1597 dicta
742 1519 844 1598 bona
862 1519 934 1598 rite
953 1537 992 1596 et
1006 1520 1108 1627 juste
1126 1520 1264 1597 levasse
1283 1535 1322 1594 et
1335 1541 1465 1595 secum
1481 1525 1702 1624 asportasse,
1720 1533 1830 1603 etse,
1850 1533 2047 1622 aquatnor

626 1651 735 1726 annis
754 1650 864 1737 citra,
887 1678 968 1728 esse
989 1667 1028 1727 et
1043 1650 1158 1728 luisse
1179 1677 1223 1728 ex
1236 1650 1337 1757 justa
1356 1678 1465 1726 causa
1484 1650 1522 1726 in
1543 1648 1675 1726 saisina
1694 1647 1838 1726 levandi
1856 1648 2046 1753 predictos

627 1777 814 1870 redditus,
843 1779 981 1870 tallias,
1008 1780 1172 1885 explecto
1199 1797 1237 1857 et
1264 1780 1363 1856 dicta
1388 1779 1535 1857 deveris
1561 1795 1757 1867 consueta,
1787 1795 1824 1854 et
1847 1806 1886 1855 se
1908 1807 1986 1856 esse
2009 1779 2046 1856 in

627 1910 762 1990 saisina
777 1938 800 1985 a
811 1909 916 1988 dicto
927 1925 1099 2015 tempore
1114 1911 1312 1988 exercendi
1325 1911 1434 1986 altam
1458 1928 1494 1988 et
1509 1908 1653 1988 bassam
1664 1908 1853 2015 justiciam
1874 1926 1912 1985 et
1927 1910 2048 1986 omni-

628 2040 778 2120 modam
792 2038 1099 2146 jucisdictionem
1117 2039 1157 2116 in
1177 2041 1288 2118 dictis
1308 2033 1448 2118 usensis
1469 2059 1505 2117 et
1525 2040 1622 2116 dicta
1642 2038 1858 2145 parrochia:
1875 2040 2047 2116 Tandem

627 2171 803 2276 inquesta
819 2197 933 2275 super
949 2170 1023 2247 hoc
1035 2166 1278 2248 demandato
1299 2189 1427 2248 nostro
1446 2170 1542 2247 lacta
1558 2170 1633 2248 visa
1648 2187 1685 2246 et
1699 2170 1899 2276 diligenter
1914 2172 2049 2248 exami-

627 2316 730 2388 nata,
750 2301 841 2408 qnia
865 2301 1062 2378 inventum
1087 2319 1143 2378 est
1164 2297 1396 2380 sufficienter
1421 2301 1621 2408 probatum
1647 2301 1791 2380 dictum
1810 2295 2047 2408 Aymericum

627 2447 667 2508 et
687 2430 971 2536 predecessores
994 2459 1084 2510 satos
1099 2457 1183 2510 esse
1209 2450 1248 2509 et
1265 2432 1381 2511 luisse
1400 2433 1448 2509 ab
1466 2433 1623 2540 antiquo
1638 2434 1676 2509 in
1696 2433 1829 2511 saisina
1848 2434 2049 2539 premisso-

627 2589 730 2652 rum,
751 2579 790 2638 et
808 2562 955 2640 dictum
971 2561 1194 2642 Gausridnm
1215 2582 1254 2642 et
1271 2581 1405 2672 gentes
1421 2588 1522 2654 suas,
1542 2564 1657 2668 ipsius
1683 2565 1837 2641 nomine
1863 2591 1928 2640 seu
1949 2593 2049 2641 man·

627 2690 730 2784 dato,
747 2693 830 2798 ipso
844 2712 967 2771 ratum
983 2695 1307 2783 labeum-eontra
1321 2694 1639 2799 prohibicionem,
1657 2711 1735 2770 tarn
1750 2693 1820 2770 sibi
1837 2721 1951 2800 quam
1966 2723 2049 2802 gen·

629 2820 733 2900 tibus
755 2822 849 2912 suis,
877 2851 920 2902 ex
949 2841 1054 2929 parte
1078 2841 1221 2912 nostra,
1248 2850 1316 2928 per
1341 2825 1546 2902 servientes
1570 2840 1718 2900 nomros
1746 2823 1898 2914 lactans,
1923 2825 2045 2931 ipsum

629 2944 868 3058 Ayme'ricum
888 2971 926 3030 et
938 2971 1070 3060 gentes
1080 2955 1220 3032 suas-in
1236 2953 1417 3059 predictis
1432 2953 1673 3060 impedivisse
1690 2970 1728 3030 et
1739 2953 1908 3032 turbasse
1923 2945 2049 3032 minus

624 3082 727 3188 juste
747 3101 787 3160 et
803 3085 884 3161 sine
908 3113 1037 3174 causa,
1056 3103 1094 3164 et
1111 3086 1230 3162 multa
1249 3083 1348 3162 bona
1368 3085 1486 3191 ipsius
1505 3083 1687 3192 Ayrnerici
1709 3103 1747 3163 et
1766 3083 1943 3190 gencium
1962 3113 2048 3162 sua·

628 3239 734 3302 mm,
764 3231 893 3292 contm
922 3215 1058 3294 dictam
1089 3215 1380 3304 inhibioionem,
1414 3243 1483 3321 per
1509 3213 1732 3292 violenciam
1764 3241 1971 3304 armorum,
1996 3217 2051 3294 le-

628 3371 730 3424 vasse
745 3356 785 3422 et
795 3373 924 3433 soeum
941 3365 1163 3452 asportasse,
1178 3375 1302 3453 usque
1317 3347 1365 3423 ad
1381 3373 1555 3452 magnam
1571 3373 1777 3432 summam,
1795 3363 1833 3424 ct
1846 3348 2049 3452 quemdam

630 3475 842 3566 hominem,
858 3478 1081 3584 deputatum
1094 3502 1163 3583 per
1175 3478 1379 3556 servientes
1397 3494 1546 3556 nostros
1566 3477 1615 3554 ad
1631 3476 1840 3556 custodiam
1859 3477 2051 3556 bonorum

629 3604 751 3711 ipsius
765 3606 953 3718 elymas-ici
973 3607 1251 3715 hominumque
1270 3633 1447 3694 suorum,
1471 3625 1508 3684 et
1532 3605 1650 3684 eciam
1667 3608 1851 3714 quosdam
1871 3607 1963 3686 alios
1985 3609 2053 3688 ho-

629 3735 752 3814 mines
776 3737 866 3814 dicti
888 3738 1078 3844 Ayrnerioi
1102 3738 1261 3844 pariter
1279 3737 1509 3827 vulnerasse,
1542 3755 1580 3814 et
1603 3736 1740 3814 multas
1764 3736 1854 3812 alias
1877 3737 2049 3844 injurias,

630 3863 847 3956 violencias,
872 3868 1021 3972 prisias,
1034 3885 1085 3946 *et
1108 3866 1273 3973 dampna
1298 3867 1370 3944 alia
1393 3868 1464 3972 ipsi
1484 3866 1679 3973 Aymerico
1701 3883 1738 3942 et
1756 3864 1932 3973 gentibus
1954 3869 2049 3956 suis,

630 4008 760 4068 matra
784 3993 922 4072 dictam
944 3997 1234 4085 inhibitionem,
1252 4025 1321 4104 per
1339 3996 1559 4088 violenciam
1585 4023 1777 4072 armorum
1804 3995 1991 4088 intulisse,
2012 3999 2051 4075 in

630 4138 889 4228 contemptum
911 4144 1145 4206 nostramet
1169 4123 1461 4233 dicti'Aymerici
1483 4125 1759 4231 hominumque
1779 4155 1954 4218 suorum,
1971 4157 2051 4234 pre·
2104 4115 2109 4122 ⁶

625 4251 816 4358 judicium
830 4281 907 4331 nou
922 4257 1115 4334 modicum
1129 4275 1170 4336 et
1182 4285 1396 4366 gravamen,
1412 4273 1450 4333 et
1466 4256 1629 4363 quedam
1647 4255 1757 4332 verba
1778 4255 2049 4337 contumeliosa

631 4381 677 4458 de
697 4383 809 4460 nobis
834 4384 984 4475 dixisse,
1002 4388 1125 4466 dictus
1142 4388 1362 4476 Gaufridus,
1384 4386 1533 4498 pacione
1555 4385 1808 4492 predictarum
1829 4387 2048 4496 injuriarum

631 4528 669 4588 et
686 4511 973 4606 violenciamm,
992 4517 1104 4596 nobis
1122 4519 1162 4596 in
1182 4518 1333 4596 duobus
1352 4516 1523 4595 millibus
1541 4516 1647 4594 libris
1661 4515 1963 4607 Turonensibus,
1982 4547 2049 4624 pro

631 4644 790 4721 emenda
810 4664 952 4738 nostra,
970 4665 1007 4724 et
1026 4649 1126 4727 dicto
1140 4649 1335 4756 Aymerico
1356 4666 1395 4726 et
1414 4648 1635 4726 hominibus
1651 4649 1729 4726 suis
1748 4649 1787 4726 in
1806 4649 1987 4727 sexcentis
2006 4649 2051 4727 li-

628 4773 707 4850 bris
727 4775 1030 4867 Turonensibus,
1050 4806 1119 4886 pro
1138 4779 1309 4886 dampnis
1328 4781 1421 4871 suis,
1435 4780 1597 4887 injuriis,
1618 4763 1824 4885 deperditis
1840 4796 1878 4858 et
1893 4781 2048 4874 catallis,

629 4903 678 4980 de
702 4905 841 5011 quibus
860 4910 1108 5016 constititper
1126 4911 1336 5016 inquestam
1357 4912 1580 5018 predictam,
1600 4940 1667 5018 per
1686 4911 1790 4990 curie
1812 4929 1937 4990 nostre
1948 4913 2051 5021 judi-

630 5034 733 5112 cium
746 5038 869 5115 extitit
881 5040 1196 5147 condempnatus,
1214 5057 1271 5130 et,
1286 5070 1355 5147 per
1368 5042 1472 5120 idem
1482 5043 1689 5149 judicium,
1706 5043 1849 5122 dictum
1866 5043 1936 5122 fuit
1946 5045 2050 5150 quod

631 5163 919 5270 impedimenta,
933 5172 1103 5278 apposita
1113 5171 1154 5248 in
1167 5173 1347 5277 predictis
1359 5201 1429 5280 per
1442 5174 1585 5250 dictum
1601 5173 1825 5252 Gaulridum
1839 5205 1906 5254 seu
1922 5191 2052 5283 gentes

632 5321 734 5386 snas,
748 5298 840 5380 inde
854 5301 1138 5390 amovebuntur,
1155 5303 1343 5408 peticione
1355 5303 1626 5384 levaturumde
1639 5304 1751 5385 bonis
1765 5306 1855 5383 dicti
1865 5305 2050 5412 Aymerici

634 5439 674 5497 et
688 5428 862 5528 gencium
882 5440 1035 5511 suarum
1048 5461 1117 5538 per
1131 5433 1273 5512 dictum
1290 5432 1515 5514 Gaufridum
1530 5452 1570 5512 et
1582 5452 1713 5544 gentes
1726 5439 1833 5523 'suas,
1851 5453 2048 5540 postquam

718 5597 772 5640 sss
792 5601 874 5643 ouras.
896 5605 943 5646 ru.
1884 5588 1920 5654 da
