5817 7292
1021 1042 1291 1151 saoneres
1317 1060 1380 1131 rr
1407 1042 1618 1134 proces.
1954 1061 2024 1133 err

610 1216 726 1277 tatem
748 1198 838 1277 dicti
855 1198 1050 1279 Guillelmi
1075 1200 1286 1291 detinebst;
1308 1200 1408 1277 dicto
1427 1199 1582 1279 Odardo
1603 1201 1642 1277 in
1658 1197 1805 1305 jndicio
1825 1202 2030 1280 confitente
2069 1207 2199 1263 Parnm
2212 1208 2256 1269 tv,

610 1357 649 1407 se
669 1329 875 1436 predictam
893 1330 1052 1437 pecunie
1077 1358 1261 1407 summam
1283 1362 1304 1408 a
1323 1331 1420 1409 dicta
1440 1330 1593 1408 domina
1614 1330 1660 1406 de
1682 1327 1856 1417 Melloto,
1877 1332 2030 1409 nomine
2132 1299 2194 1343 Μ’

611 1459 700 1537 dicti
720 1460 844 1537 mariti
868 1462 925 1538 sui
952 1460 1136 1551 defuncti,
1152 1460 1336 1567 recepisse
1351 1478 1389 1537 et
1409 1460 1601 1548 habuisse,
1624 1474 1786 1565 negante
1799 1474 1927 1535 tamen
1945 1489 2031 1565 pre·

612 1590 750 1667 dictam
770 1618 955 1668 summam
969 1592 1128 1698 pecunie
1145 1620 1184 1671 se
1200 1620 1382 1697 umquam
1397 1620 1418 1669 a
1434 1591 1535 1668 dicto
1555 1589 1761 1669 Guillelmo
1778 1588 1962 1694 recepisse
1974 1591 2032 1669 vel

612 1721 729 1798 eciam
747 1719 943 1809 habuisse
959 1723 1154 1830 productis
1168 1722 1283 1829 igitur
1296 1722 1466 1812 testibus,
1481 1736 1640 1827 exparte
1655 1719 1746 1797 dieti
1758 1717 1970 1810 Guillelmi‚
1984 1722 2033 1799 ad

612 1878 719 1929 suam
740 1851 996 1931 intencionem
1015 1852 1266 1960 probandam,
1287 1869 1410 1959 partes
1425 1852 1594 1958 predicte
1609 1848 1854 1957 postmodum
1873 1848 2034 1929 ulterius

611 1980 652 2057 in
672 2010 796 2069 causa,
827 2010 935 2061 more
961 1984 1094 2073 solito,
1122 2001 1400 2089 processerunt;
1430 1982 1585 2059 tandem
1610 1981 1672 2058 die
1696 1980 1875 2085 assignata
1900 1981 1948 2058 ad
1968 2009 2032 2060 au·

612 2109 870 2216 diendumjus
884 2140 998 2217 super
1012 2112 1222 2219 premissis,
1244 2111 1369 2189 dictus
1387 2110 1561 2200 ballivus,
1576 2138 1646 2217 per
1658 2138 1765 2189 suam
1785 2086 2029 2201 sentenciam,

612 2239 902 2346 condempnavit
922 2243 1065 2319 dictum
1078 2240 1275 2321 Odardnm
1291 2241 1339 2319 ad
1350 2241 1592 2318 reddendum
1607 2242 1709 2319 dicto
1729 2240 1937 2319 Guillelmo
1950 2272 2034 2350 pre-

611 2368 749 2447 dictam
764 2371 923 2477 pecunie
939 2400 1127 2449 summam
1142 2388 1180 2448 et
1195 2370 1332 2449 dictam
1350 2370 1514 2448 litteram
1530 2371 1806 2477 obligatoriam,
1824 2372 2031 2477 predictam

610 2530 797 2581 summam
813 2504 1088 2593 continentem3
1111 2519 1164 2591 et,
1181 2502 1269 2608 quia
1290 2500 1391 2578 dicto
1410 2498 1560 2592 ballivo,
1576 2518 1655 2577 tam
1672 2529 1741 2605 per
1759 2500 2032 2581 confessionem

611 2632 700 2709 dicti
718 2630 874 2720 Odardi,
890 2659 1003 2738 quam
1014 2660 1083 2738 per
1095 2631 1355 2737 deposiciones
1368 2632 1523 2731 testium
1533 2657 1647 2737 super
1659 2629 1732 2707 hoc
1744 2632 2030 2736 productorum,

611 2763 794 2872 legittime
814 2762 991 2854 constitit,
1014 2778 1058 2840 ut
1078 2760 1241 2854 dicebat,
1262 2762 1475 2868 predictum
1500 2759 1697 2839 Odardum
1721 2789 1842 2840 unum
1873 2780 1911 2840 et
1929 2764 2031 2842 idem

611 2891 784 2971 debitum
817 2892 976 2969 scienter
1000 2890 1060 2967 bis
1084 2890 1268 2996 recepisse
1302 2907 1341 2967 et
1364 2889 1556 2978 babuisse,
1583 2889 1687 2966 idern
1715 2888 1875 2969 ballivus
1904 2896 2033 2972 omnia

610 3021 710 3100 bona
730 3020 819 3099 dicti
840 3021 982 3101 Odardi
1004 3022 1044 3098 in
1064 3049 1179 3098 manu
1200 3038 1326 3099 nostra
1345 3022 1503 3127 accepit,
1521 3047 1719 3127 quousque
1733 3019 1837 3099 idem
1856 3022 2032 3102 Odardus

610 3154 737 3242 nobis,
755 3181 823 3260 pro
843 3153 1051 3261 premissis,
1077 3152 1278 3229 emendam
1298 3151 1467 3231 solvisset
1485 3151 1729 3261 condignam
1749 3182 1865 3259 quam
1881 3168 2032 3232 senten·

610 3284 703 3363 ciam
725 3283 828 3362 idem
844 3283 1019 3363 Odardus
1039 3283 1284 3389 postmodum
1300 3284 1339 3359 in
1359 3300 1486 3360 nostra
1505 3284 1623 3373 curia,
1647 3283 1832 3387 perviam
1852 3286 2032 3395 simplicis

609 3413 859 3521 querimonie,
871 3412 1077 3520 proposuit,
1090 3412 1137 3489 de
1153 3413 1427 3490 consuetudine
1438 3413 1569 3519 patrie,
1583 3441 1661 3490 non
1668 3430 1798 3491 tenere
1812 3442 1883 3493 nec
1894 3416 2031 3507 valere,

609 3574 725 3651 quare
739 3544 891 3650 petebat
905 3543 1063 3621 eandem
1079 3542 1256 3633 anullari3
1275 3543 1376 3621 dicto
1389 3543 1539 3632 ballivo,
1555 3571 1597 3619 ex
1614 3544 1780 3632 adverso,
1796 3564 2031 3652 proponente

611 3674 748 3749 dictam
767 3671 1008 3758 sentenciam,
1021 3672 1068 3747 de
1085 3673 1359 3749 consuetudine
1377 3671 1450 3749 loci
1470 3689 1508 3749 et
1525 3673 1662 3776 patrie,
1684 3690 1815 3749 tenere
1832 3691 1870 3751 et
1886 3676 2029 3769 valere;

609 3800 776 3886 tandem,
794 3827 906 3905 super
925 3800 998 3876 boc
1017 3798 1154 3876 auditis
1170 3799 1280 3875 dictis
1293 3799 1477 3906 partibus,
1500 3800 1602 3875 curia
1620 3816 1763 3887 nostra,
1781 3801 1828 3877 de
1843 3830 2030 3884 consensu

611 3929 843 4017 earumdem,
860 3928 1047 4005 ordinavit
1061 3928 1177 4033 quod,
1191 3957 1304 4035 super
1319 3929 1428 4006 dictis
1441 3928 1782 4007 consuetudinibus
1795 3946 1834 4007 et
1847 3929 1930 4009 aliis
1942 3934 2031 4012 hinc

611 4077 649 4137 et
667 4059 757 4137 inde
771 4058 987 4165 propositis,
1002 4058 1136 4136 veritas
1148 4058 1414 4164 inquireretur,
1431 4077 1469 4136 et
1481 4059 1653 4165 inquesta
1667 4059 1887 4167 hujusmodi
1904 4081 2029 4142 nostre

610 4190 713 4268 curie
731 4205 995 4295 reportaretur,
1013 4206 1051 4265 et
1063 4189 1164 4267 curia
1181 4206 1306 4266 nostra
1319 4218 1432 4294 super
1445 4189 1638 4299 premissis
1654 4188 1848 4270 exhiberet
1863 4194 2030 4299 partibus

605 4320 756 4428 justicie
770 4320 1091 4426 complementum
1105 4350 1113 4395 :
1129 4320 1238 4396 Facta
1249 4317 1363 4425 igitur
1382 4318 1556 4423 inquesta
1570 4346 1684 4424 super
1701 4322 1903 4424 premissis,
1923 4342 1962 4401 et
1980 4327 2029 4403 ad

611 4469 776 4529 nostram
801 4450 942 4529 curiam
969 4466 1175 4555 reportata,
1204 4449 1342 4527 visset
1368 4448 1570 4557 diligenter
1591 4449 1815 4540 examinata,
1841 4453 2028 4533 relacione

610 4582 727 4658 eciam
757 4580 848 4658 dicti
874 4578 999 4658 ballivi
1028 4607 1142 4685 super
1170 4580 1242 4657 hoc
1272 4579 1415 4669 audita,
1428 4608 1514 4686 ·per
1543 4580 1647 4658 curie
1678 4596 1805 4658 nostre
1825 4580 2026 4689 judicium,

611 4712 754 4791 dictum
776 4710 848 4789 fuit
865 4710 1009 4787 dictum
1023 4708 1219 4798 ballivum,
1245 4708 1343 4788 bene
1353 4710 1557 4818 judicasse,
1575 4728 1613 4788 et
1628 4710 1711 4817 ejus
1717 4710 1932 4818 judicatum
1942 4745 2029 4821 pre·

611 4842 770 4947 dictum,
795 4840 842 4919 de
863 4840 1138 4919 consuetudine
1158 4840 1298 4949 patrie,
1320 4858 1450 4919 tenere
1470 4859 1508 4919 et
1522 4843 1644 4917 valere
1664 4839 1867 4950 [debere],
1885 4862 1938 4933 et,
1960 4874 2029 4951 per

519 4946 528 4963 ⁰
607 4971 711 5049 idem
718 4971 925 5082 judicium,
944 4971 1067 5050 dictus
1079 4970 1254 5051 Odardus
1265 4971 1305 5047 in
1316 4972 1533 5080 quingentis
1546 4971 1651 5050 libris
1662 4971 2029 5064 Parisiensibus,iro·

610 5103 711 5181 mine
730 5103 917 5193 emende,
930 5103 1122 5181 occasione
1142 5102 1429 5211 premissorum,
1454 5102 1562 5183 nobis
1581 5104 1701 5182 extitit
1721 5104 2025 5214 condempnatus.

664 5233 819 5312 Veneris
841 5250 925 5343 post
943 5234 1179 5313 Trinitatem.

665 5362 849 5443 Thihotot
859 5364 1069 5473 reportavit.
