5817 7292
1066 1093 1334 1201 ssoudrss
1360 1111 1424 1186 cr
1451 1092 1659 1187 rnocrts.
2006 1112 2075 1185 trs

655 1256 846 1337 dictorum
862 1255 1061 1335 bominum
1076 1272 1114 1333 et
1123 1254 1326 1331 mulierum
1341 1254 1480 1333 debere
1495 1253 1675 1342 amoveri,
1692 1251 1790 1331 salva
1804 1253 1843 1331 in
1856 1252 2074 1363 hujusmodi
2113 1254 2245 1311 “¹⁸¹⁹ss
2258 1252 2303 1319 tv,

655 1387 765 1465 dictis
783 1387 1007 1465 hominibus
1025 1403 1063 1464 et
1082 1384 1307 1463 mulieribus
1325 1376 1565 1493 proprietatis
1582 1383 1793 1491 questione.
2175 1345 2239 1389 m

713 1516 890 1595 Mercurii
910 1533 996 1623 post
1014 1515 1251 1595 Trinitatem.

710 1648 886 1728 Bncellus
904 1646 1119 1754 reportavit.

709 1913 849 1991 XXXII.
881 1912 978 1991 Cum
993 1912 1033 1989 in
1051 1914 1155 1991 curia
1171 1931 1299 1991 nostra
1311 1914 1461 2021 questio
1478 1928 1688 1989 verteretur
1702 1913 1804 1989 inter
1820 1908 2005 2020 Agnetem
2028 1911 2077 1989 de

654 2042 831 2151 Amycus,
849 2072 893 2123 ex
910 2072 987 2121 una
1005 2062 1129 2151 parte,
1148 2060 1187 2123 et
1200 2047 1354 2123 Petrum
1369 2045 1417 2123 de
1433 2044 1656 2131 lnclaustro,
1674 2044 1793 2119 civem
1811 2044 2076 2147 Parisiensem,

654 2200 698 2251 ex
712 2174 843 2263 altera,
862 2202 1036 2281 supereo
1051 2175 1158 2281 quod
1173 2174 1272 2252 dicta
1286 2172 1410 2283 Agnes
1424 2175 1578 2279 petebat
1592 2173 1833 2279 pronunciari
1847 2191 1886 2252 et
1899 2173 2078 2251 declarari

652 2330 721 2409 per
744 2302 886 2381 citriam
913 2322 1080 2382 nostram
1109 2305 1314 2413 quamdam
1339 2303 1506 2394 vineam,
1533 2301 1643 2381 sitam
1668 2303 1709 2381 in
1734 2303 1924 2382 territorio
1948 2322 2078 2384 vocato

652 2434 803 2523 Torset,
817 2435 1049 2545 contiguam,
1065 2462 1110 2549 ex
1122 2464 1198 2513 una
1210 2450 1332 2541 parte,
1346 2434 1454 2511 vinee
1471 2430 1669 2513 Guillelmi
1684 2435 1734 2512 de
1747 2426 1916 2528 cirsiaco,
1928 2434 2076 2525 militis,

654 2581 692 2641 et
709 2565 768 2643 vie
787 2564 940 2671 publice
961 2566 1133 2673 ejusdem
1157 2564 1248 2655 loci,
1270 2594 1316 2643 ex
1334 2564 1470 2656 altera,
1491 2591 1599 2641 suam
1625 2592 1727 2657 esse,
1755 2582 1794 2642 et
1818 2565 1867 2642 sd
1892 2594 1974 2644 eam
1989 2567 2076 2674 jure

655 2694 817 2772 dominii
833 2696 1041 2801 pertinere,
1062 2713 1100 2774 et
1116 2695 1260 2774 litteras
1279 2692 1501 2773 donacionis
1515 2711 1671 2801 propter
1688 2694 1842 2801 nupcias
1860 2694 1932 2773 sibi
1947 2714 1986 2774 et
2000 2724 2078 2773 ma-

653 2822 727 2901 rito
748 2852 817 2902 suo
832 2826 1027 2932 quondam
1047 2854 1068 2902 a
1088 2842 1194 2933 petre
1215 2843 1253 2903 et
1270 2841 1389 2901 matre
1409 2824 1530 2929 ipsius
1547 2824 1703 2931 Agnetis
1720 2851 1836 2930 super
1856 2825 1929 2903 hoc
1948 2824 2076 2917 laam,

655 2972 694 3033 et
712 2955 836 3063 sigillo
854 2956 1004 3034 comitis
1016 2955 1354 3034 Autissiodorensis
1369 2954 1564 3061 sigillatas,
1581 2954 1810 3036 sufficientes
1824 2975 1864 3035 et
1878 2955 2079 3065 legittimas

649 3086 828 3193 judicari,
850 3087 952 3165 dicto
969 3088 1081 3165 Petro
1098 3087 1139 3164 in
1155 3086 1385 3165 contrarium
1399 3102 1605 3173 asserente,
1623 3103 1661 3164 et
1673 3085 1849 3192 pluribus
1863 3087 2080 3168 nacionibus

653 3234 892 3323 proponente
913 3216 1051 3294 dictam
1071 3216 1219 3295 vineam
1238 3217 1287 3293 ad
1301 3218 1426 3323 ipsum
1444 3217 1650 3321 pertinere,
1670 3232 1709 3294 et
1723 3217 1797 3295 sibi
1816 3217 1931 3297 fnisse
1947 3222 2078 3297 vendi-

653 3364 747 3438 tam,
775 3365 813 3425 et
838 3375 882 3424 ex
906 3374 1017 3425 causa
1035 3347 1270 3426 vendicionis
1295 3346 1467 3453 legitime
1488 3346 1665 3425 traditam
1688 3349 1953 3454 aparentibus
1976 3368 2080 3429 ante·

654 3478 764 3557 dictis
776 3510 785 3557 ε
799 3477 988 3571 Tandem,
1002 3476 1169 3557 articulis
1183 3478 1374 3555 hincinde
1392 3475 1539 3556 traditis
1558 3504 1673 3583 super
1689 3478 1899 3583 premissis,
1914 3482 2075 3561 testibus

655 3627 693 3688 et
706 3608 966 3689 instrumentis
981 3609 1194 3715 productis,
1211 3627 1249 3687 et
1264 3607 1347 3687 aliis
1364 3608 1603 3715 processibus
1618 3636 1734 3716 super
1746 3612 1938 3717 premissis
1953 3612 2074 3706 Iactis,

653 3742 740 3819 visis
767 3741 972 3849 diligenter
995 3757 1034 3818 et
1058 3740 1293 3831 examinatis,
1317 3757 1356 3817 et
1380 3741 1624 3819 consideratis
1647 3740 1730 3819 aliis
1755 3770 1831 3849 que
1855 3772 1970 3849 super
1992 3774 2079 3851 pre-

655 3871 778 3948 missis
796 3871 1024 3949 considerari
1042 3887 1217 3977 poterant
1231 3887 1269 3947 et
1288 3869 1496 3961 debebant,
1517 3898 1588 3977 per
1606 3871 1709 3948 curie
1729 3887 1858 3951 nostre
1870 3874 2077 3980 judicium,

655 4000 799 4078 dictmn
813 4000 887 4078 suit
903 4018 943 4079 et
957 4002 1248 4107 pronunciatum
1262 4002 1402 4079 dictam
1417 4002 1565 4079 vineam
1581 4002 1629 4079 ad
1645 4002 1783 4079 dictam
1798 4002 1981 4112 Agnetem
1994 4035 2079 4112 per·

654 4132 792 4219 tinere,
811 4149 849 4209 et
868 4130 986 4211 dictas
1004 4133 1151 4211 litteras
1166 4160 1281 4239 super
1300 4133 1373 4210 hoc
1393 4130 1598 4221 consectas,
1617 4148 1801 4237 quantum
1820 4133 1869 4210 ad
1885 4134 1974 4225 boc,
1996 4164 2077 4215 esse

590 4346 595 4358 ,
654 4262 794 4339 validas
814 4288 856 4339 ac
875 4263 992 4339 eciam
1012 4262 1197 4355 efficaces,
1215 4262 1312 4341 salva
1330 4260 1565 4371 obligacioue
1581 4290 1696 4367 quam
1711 4262 1899 4343 Robertus
1912 4266 2076 4355 Leuier,

654 4393 743 4471 civis
762 4391 974 4482 Remensis,
994 4420 1109 4498 super
1129 4393 1229 4471 dicta
1246 4394 1354 4472 vinea
1373 4392 1514 4471 dicitur
1532 4391 1684 4469 habere.

710 4523 888 4603 Mercurii
907 4541 994 4630 post
1011 4522 1249 4602 Trinitatem.

709 4654 884 4733 bocellus
903 4655 1117 4761 reportavit.

709 4919 866 4999 XXXIII.
898 4919 997 4999 Cum
1016 4921 1115 4999 inter
1133 4936 1415 5027 procuratorem
1435 4936 1627 5012 nostrum,
1655 4948 1727 5027 pro
1752 4920 1880 5015 nobis,
1904 4925 2076 5013 Petrum,

650 5051 863 5131 Iohannem
889 5051 1131 5158 Alphunsum
1155 5069 1193 5131 et
1218 5048 1341 5131 socios
1372 5078 1524 5141 eorum,
1548 5068 1776 5131 mercatores
1798 5053 2075 5161 Hyspanenses‚

653 5210 697 5259 ex
712 5200 818 5289 parte
832 5211 923 5273 una,
946 5201 984 5261 et
1001 5184 1155 5261 Petrum
1175 5183 1377 5293 Flamingi‚
1395 5200 1433 5260 et
1445 5182 1655 5261 Robertum
1669 5180 1852 5273 AsGauz,
1867 5183 1964 5262 cives
1975 5186 2077 5264 Pari·

652 5310 810 5405 sienses,
829 5342 872 5391 ex
888 5313 1020 5405 alters,
1036 5330 1139 5392 mota
1157 5332 1256 5393 esset
1277 5313 1465 5393 discordia
1482 5340 1598 5420 super
1615 5340 1663 5391 eo
1679 5312 1803 5421 quod,
1819 5342 1891 5420 pro
1910 5313 2020 5394 nobis
2039 5334 2078 5394 et

653 5444 925 5524 mercatoribus
938 5444 1134 5551 predictis,
1152 5444 1349 5525 dicebatur
1363 5444 1466 5553 ipsos
1477 5446 1631 5523 Petrum
1645 5461 1684 5521 et
1697 5443 1906 5523 Robertnm
1920 5441 2075 5523 fraudu·
