5817 7292
850 1104 897 1172 20
1123 1173 1125 1178 ,
1424 1098 1515 1172 LES
1545 1097 1688 1172 OLIM.

621 1251 750 1306 saraim
764 1250 807 1315 lv,
848 1241 1158 1345 predecessorum
1182 1263 1355 1327 suorum,
1380 1267 1468 1316 cum
1493 1238 1649 1318 canibus
1667 1255 1706 1316 et
1725 1237 1879 1316 arnesiis
1897 1239 1990 1330 suis,
2015 1265 2058 1316 ac
2076 1240 2191 1318 eciam
2213 1241 2268 1318 le·

683 1342 746 1384 ’²⁹⁹'
846 1371 955 1450 vendi
989 1369 1168 1448 emendas
1198 1398 1219 1446 a
1244 1368 1467 1448 venantibus
1492 1368 1638 1446 ibidem
1666 1386 1794 1446 contra
1823 1367 2053 1448 voluntatem
2080 1397 2202 1460 suam,
2231 1388 2270 1450 et

811 1599 812 1604 Ἰ
846 1500 1055 1606 specialiter
1081 1529 1102 1578 a
1126 1499 1459 1607 predecessoribus
1481 1498 1640 1606 predicti
1663 1497 1841 1589 Auberti;
1867 1527 1941 1606 que
1965 1526 2122 1577 nemora
2146 1500 2270 1578 dictus

846 1631 1053 1720 Guiardus‚
1075 1647 1119 1708 ut
1141 1629 1290 1718 dicitur,
1312 1659 1332 1706 a
1352 1630 1463 1708 nobis
1482 1646 1588 1706 tenet
1606 1629 1645 1705 in
1664 1627 1822 1707 feodum
1841 1657 1928 1706 cum
1948 1628 2118 1706 dominio
2138 1647 2177 1708 et
2189 1631 2269 1738 jue·

843 1760 929 1836 ticia
951 1761 1026 1839 alta
1046 1776 1084 1839 et
1101 1759 1225 1849 bassa,
1245 1777 1285 1838 et
1304 1761 1409 1868 quod
1429 1761 1477 1838 de
1497 1759 1675 1867 predictis
1699 1777 1779 1837 erat
1797 1758 1895 1836 sarna
1913 1759 2081 1866 publica,
2106 1777 2146 1837 et
2163 1761 2270 1868 quod

843 1890 1034 1996 predictus
1047 1889 1237 1969 Aubertus
1251 1890 1482 1998 impediebat
1497 1891 1640 1969 dictum
1654 1889 1865 1968 Gadardum
1879 1889 1920 1966 in
1934 1889 2071 1966 saisina
2085 1890 2265 1996 predicta,

842 2021 1014 2098 venando
1029 2039 1067 2099 et
1078 2021 1203 2099 venari
1215 2021 1388 2100 faciendo
1398 2050 1467 2129 per
1478 2038 1610 2130 gentes
1621 2049 1706 2099 suas
1717 2020 1757 2099 in
1767 2018 2123 2106 dictisnemoribus‚
2139 2038 2268 2098 contra

841 2151 1073 2229 voluntatem
1104 2151 1193 2228 dicti
1220 2151 1395 2240 Guiardi3
1422 2179 1539 2258 quare
1565 2151 1719 2257 petebat
1745 2151 1869 2228 dictus
1892 2149 2082 2229 Guiardus
2108 2151 2268 2256 impedi·

744 2263 752 2274 ⁸
843 2285 988 2370 menta,
1009 2311 1078 2390 per
1103 2283 1247 2362 dictum
1271 2281 1483 2361 Aubertum
1510 2298 1549 2360 et
1579 2299 1709 2390 gentes
1737 2309 1841 2371 suas,
1868 2309 1982 2389 super
2008 2281 2082 2360 hoc
2100 2283 2267 2387 apposita

842 2414 1025 2506 amoveri,
1061 2430 1100 2492 et
1128 2413 1210 2492 loca
1242 2413 1407 2492 resaisita
1437 2413 1477 2489 in
1507 2441 1624 2488 manu
1655 2428 1781 2490 nostra
1807 2412 1928 2520 posita
1954 2412 1994 2488 in
2030 2440 2145 2489 manu
2176 2411 2266 2490 dicti

841 2544 997 2622 Guiardi
1023 2546 1175 2652 reponi,
1202 2562 1241 2622 et
1265 2545 1457 2622 emendari
1482 2543 1667 2650 predicta,
1695 2544 1795 2623 dicto
1820 2541 1987 2622 Auberto
2011 2544 2179 2650 predicta
2200 2566 2268 2620 ne·

840 2693 969 2783 gente,
990 2693 1028 2752 et
1047 2675 1086 2751 in
1102 2675 1332 2752 contrarium
1348 2691 1535 2752 asserente
1548 2675 1654 2778 quod
1669 2673 1837 2780 predicta
1854 2700 2010 2751 nemora
2026 2692 2116 2751 sunt
2128 2674 2216 2752 talia
2231 2689 2270 2751 et

841 2805 925 2882 talis
946 2806 1180 2884 condicionis
1199 2804 1305 2912 quod
1324 2833 1458 2882 omnes
1476 2803 1627 2882 nobiles
1647 2822 1686 2880 et
1703 2803 1885 2912 religiosi,
1905 2820 1945 2882 et
1959 2804 2168 2910 specialiter
2186 2833 2269 2911 pre-

842 2934 1056 3016 decessores
1075 2938 1192 3045 ipsius
1211 2935 1390 3026 liuberti,
1412 2936 1534 3014 venati
1553 2935 1710 3013 fuerunt
1722 2935 1762 3012 in
1778 2934 1956 3042 predictis
1975 2935 2210 3028 nemoribus,
2232 2952 2270 3012 et

841 3068 989 3144 suntin
1009 3069 1143 3148 saisina
1159 3067 1319 3144 venandi
1340 3067 1503 3154 ibidem,
1525 3083 1564 3143 et
1585 3067 1644 3144 usi
1660 3066 1817 3144 suerunt
1830 3065 2175 3173 quocienscumque
2190 3067 2269 3173 pla-

841 3195 961 3270 cuerit
975 3194 1117 3270 eisdem
1133 3193 1312 3298 predictis
1326 3193 1552 3270 etomnibus
1565 3193 1842 3297 pertinentibus
1851 3193 1899 3269 ad
1910 3195 2092 3281 abaciam,
2110 3211 2149 3270 et
2161 3195 2267 3301 quod

841 3324 888 3397 de
916 3349 1012 3398 novo
1035 3339 1073 3398 et
1098 3350 1119 3396 a
1144 3319 1210 3397 tali
1237 3337 1407 3426 tempore
1435 3321 1538 3427 quod
1565 3349 1643 3399 non
1669 3338 1794 3428 potest
1813 3321 2072 3429 prescripsisse
2092 3323 2265 3401 saisinam

840 3479 1019 3559 gaceune,
1042 3451 1165 3528 dictus
1183 3450 1377 3529 Guiardus'
1393 3452 1433 3528 in
1455 3451 1608 3530 defensa
1628 3469 1874 3559 proposuerat
1888 3451 1986 3528 dicta
2001 3479 2156 3531 nemora
2170 3453 2266 3530 sicut

838 3610 1058 3690 garennam,
1080 3597 1210 3660 contra
1227 3582 1529 3689 prohibicionem
1549 3599 1717 3661 nostram
1737 3599 1776 3661 ct
1794 3582 1966 3691 usagium
1980 3581 2165 3661 bonarum
2180 3611 2266 3692 gen·

840 3714 940 3790 cium
969 3731 1006 3791 et
1032 3714 1150 3820 ipsius
1176 3713 1350 3802 dubani,
1379 3731 1417 3791 et
1445 3714 1550 3820 quod
1577 3715 1625 3793 de
1650 3713 1830 3822 predictis
1856 3713 2010 3821 publica
2036 3731 2114 3791 erat
2140 3713 2263 3792 lama:

841 3843 1028 3936 Tandem,
1055 3844 1226 3951 inquesta
1247 3872 1361 3951 super
1385 3843 1564 3952 predictis
1588 3844 1680 3922 lacta
1711 3844 1759 3923 de
1785 3845 1963 3923 mandato
1982 3863 2114 3923 nostro
2135 3847 2210 3924 visa
2228 3863 2268 3922 et

843 3972 1041 4081 diligenter
1062 3976 1589 4082 examinatapronunciatum
1604 3977 1693 4066 luit,
1713 4008 1782 4085 per
1796 3979 1900 4058 curie
1917 3997 2045 4058 nostre
2059 3979 2265 4087 judicium,

844 4103 1057 4210 predictum
1076 4104 1288 4185 Guiardum
1308 4106 1448 4184 debere
1468 4136 1662 4186 remanere
1682 4109 1721 4185 iu
1739 4110 1874 4188 saisina
1892 4111 2131 4188 custodiendi
2152 4131 2190 4189 et
2209 4114 2270 4190 de·

843 4234 1024 4314 fendeudi
1045 4238 1209 4344 predicta
1229 4265 1383 4316 nemora
1403 4268 1489 4328 sua,
1506 4240 1603 4316 sicut
1616 4266 1818 4348 garennam
1834 4258 1873 4319 et
1886 4241 1926 4318 in
1943 4270 2123 4350 garenna,
2139 4261 2269 4321 contra

842 4366 1056 4470 predictum
1075 4366 1306 4458 imbertum,
1329 4388 1367 4447 et
1385 4371 1657 4477 impedimenta
1665 4400 1744 4478 per
1763 4371 1906 4450 dictum
1926 4372 2136 4451 Aubertum
2157 4401 2269 4481 super

844 4493 916 4571 hoc
941 4497 1107 4601 apposita
1133 4497 1271 4576 debere
1301 4501 1485 4591 amoveri,
1515 4519 1553 4579 et
1576 4500 1657 4580 loca
1683 4503 1849 4582 resaisita
1877 4519 1917 4581 et
1939 4504 2061 4609 posita
2082 4504 2123 4579 in
2152 4531 2266 4580 manu

845 4643 972 4701 nostra
1002 4624 1140 4704 debere
1167 4629 1300 4733 reponi
1325 4630 1364 4706 in
1387 4657 1506 4708 manu
1524 4632 1615 4710 dicti
1635 4632 1813 4723 Guiardi,
1834 4651 1873 4710 et
1892 4633 2035 4710 dictum
2055 4631 2263 4708 Aubertum

847 4752 985 4831 debere
1003 4755 1203 4833 emendare
1223 4757 1391 4864 predicta
1409 4777 1487 4836 tam
1505 4761 1616 4841 nobis
1634 4789 1749 4868 msam
1769 4761 1936 4843 Guiaido
1954 4759 2135 4866 predicto.

900 5019 1060 5094 XXXlll.
1091 5019 1187 5096 Cum
1204 5045 1249 5098 ex
1263 5023 1501 5128 querimonia
1514 5025 1777 5135 religiosorum
1792 5026 1957 5104 virorum
1971 5023 2117 5103 abbatis
2132 5040 2170 5103 et
2184 5051 2266 5104 con-

843 5165 976 5226 ventus
1000 5149 1321 5230 virziliacensium
1345 5152 1643 5235 intellexerimus
1661 5157 1767 5265 quod
1784 5173 1915 5265 gentes
1934 5155 2064 5234 dilecti
2085 5172 2123 5236 et
2141 5153 2266 5235 fidelis

843 5279 960 5357 nostri
981 5281 1130 5358 comitis
1148 5280 1401 5376 Nivernensis‚
1423 5313 1511 5364 cum
1526 5315 1662 5394 magna
1675 5285 1919 5364 multitudine
1935 5303 2183 5376 armatorum,
2200 5312 2266 5394 pe-

844 5409 968 5486 ditum
983 5423 1032 5489 'et
1057 5411 1250 5519 equitum,
1272 5411 1321 5490 ad
1343 5411 1424 5492 loca
1447 5417 1496 5494 de
1515 5418 1703 5497 Cbameco
1727 5433 1765 5492 et
1789 5414 1838 5493 de
1860 5416 2041 5506 Domeci,
2067 5416 2106 5494 in
2127 5415 2267 5524 quibus
