5817 7292
902 1012 997 1087 'bdd
1370 1038 1375 1045 ·
1496 1010 1586 1083 Las
1617 1008 1758 1083 OLIM.

696 1166 825 1220 narraras
838 1162 881 1225 W·
921 1154 1033 1233 nibus
1047 1152 1320 1234 habitatoribus
1336 1150 1424 1229 dicti
1438 1150 1528 1242 loci,
1546 1151 1818 1258 cujuscumque
1830 1147 2062 1226 condicionis
2077 1151 2246 1249 existant,
2262 1156 2342 1234 sive

758 1254 819 1297 lm
920 1288 993 1364 sint
1017 1286 1158 1373 clerici,
1184 1286 1260 1363 sive
1285 1283 1397 1391 layci,
1424 1283 1574 1362 racione
1599 1283 1735 1361 domus
1758 1308 1828 1387 per
1851 1307 1917 1357 eoa
1941 1280 2087 1359 ibidem
2113 1283 2338 1377 inhabitate,

919 1418 1125 1496 videliceta
1138 1415 1358 1496 tenentibus
1373 1415 1517 1493 ibidem
1532 1442 1666 1521 equos,
1679 1440 1811 1518 operas
1826 1410 2013 1489 dimorum
2030 1441 2218 1521 equorum
2229 1420 2344 1495 unius

919 1549 995 1627 diei
1013 1549 1195 1657 usquead
1208 1575 1359 1637 nonam,
1376 1564 1414 1624 et
1432 1544 1571 1623 abillis
1590 1544 1655 1651 qui
1671 1571 1790 1650 equos
1809 1570 1886 1620 non
1900 1544 2057 1635 babent,
2078 1576 2213 1655 operas
2229 1552 2344 1629 unius

916 1708 1093 1787 persone,
1116 1679 1175 1757 vel
1202 1696 1385 1786 quantum
1406 1677 1616 1753 lucraretur
1634 1704 1734 1753 unus
1753 1674 1948 1779 operarius
1975 1704 2045 1782 per
2063 1676 2191 1771 diem3
2211 1700 2343 1787 petens

916 1811 1122 1918 predictam
1142 1810 1324 1889 corveiam
1346 1838 1367 1885 a
1386 1806 1658 1914 prenominatis
1676 1804 1837 1889 clericis,
1858 1805 2009 1883 racione
2029 1805 2235 1887 domorum
2250 1841 2342 1918 quas

917 1942 1058 2019 ibidem
1079 1941 1355 2026 inhabitabant,
1379 1937 1448 2013 sibi
1461 1937 1571 2021 solvi;
1582 1933 1761 2041 predictis
1775 1934 1921 2011 clericis
1938 1936 1979 2011 in
1997 1941 2227 2018 contrarium
2243 1970 2343 2020 asse·

919 2072 1090 2150 rentibus
1105 2100 1144 2149 se
1161 2098 1239 2149 esse
1254 2069 1394 2147 liberos
1407 2086 1444 2145 et
1457 2068 1677 2144 immunesa
1696 2066 1930 2169 prestacione
1944 2067 2043 2145 dicte
2063 2097 2228 2178 eorvoye,
2241 2090 2279 2149 et
2295 2101 2341 2150 se

920 2231 1001 2281 esse
1019 2200 1058 2278 iri
1072 2202 1232 2289 saisina,
1256 2200 1315 2277 vel
1340 2198 1462 2305 quasi,
1485 2226 1562 2274 non
1587 2196 1754 2273 solvendi
1775 2196 1913 2273 dictam
1940 2200 2136 2289 corveiam3
2163 2201 2339 2290 tandem,

920 2335 1014 2411 lacta
1042 2362 1110 2440 per
1139 2334 1259 2411 dictos
1282 2331 1473 2418 scabinos,
1495 2329 1544 2405 de
1568 2355 1756 2405 consensu
1778 2326 1869 2405 dicti
1892 2328 2045 2434 prioris,
2068 2329 2336 2410 informacioue

921 2493 988 2542 seu
1003 2465 1175 2570 inquesta
1189 2490 1303 2568 super
1315 2458 1523 2567 premissis,
1541 2486 1629 2535 cum
1644 2486 1720 2537 non
1735 2457 1848 2535 vellet
1864 2458 1986 2535 dictus
2001 2460 2106 2565 prior
2126 2461 2213 2538 alias
2231 2491 2336 2540 suam
2376 2483 2384 2490 ’

922 2596 1174 2671 intencionem
1197 2591 1375 2699 probare,
1402 2589 1675 2697 perjudicium
1701 2588 1890 2666 dictorum
1915 2588 2170 2683 scabinorum,
2197 2592 2337 2669 dictum

919 2724 991 2803 fuit
1015 2726 1204 2833 predictos
1223 2724 1378 2801 ciericos
1402 2722 1450 2799 ad
1466 2720 1739 2827 prestacionem
1763 2721 1862 2797 dicte
1886 2723 2032 2799 corveie
2051 2751 2129 2800 non
2159 2725 2296 2814 teneri;
2320 2752 2341 2799 a

919 2884 996 2963 quo
1011 2857 1180 2964 judicato
1198 2873 1390 2961 tamquam
1410 2851 1501 2930 falso
1517 2870 1556 2929 et
1567 2879 1696 2957 pravo,
1716 2851 1839 2928 dictus
1854 2853 1957 2955 prior
1970 2853 2019 2928 ad
2032 2852 2212 2935 ballivum
2227 2854 2343 2931 Silua-

921 2986 1369 3093 nectensem'appellavit3
1388 2984 1453 3091 qui
1471 2983 1645 3071 ballivus,
1661 2979 1797 3059 auditis
1816 2982 2001 3087 partibus,
2023 3012 2223 3089 persuum
2237 2985 2343 3092 judi-

922 3119 1038 3207 cium,
1062 3118 1199 3195 dictam
1221 3116 1450 3193 sentenciam
1476 3113 1697 3204 infirmavit3
1719 3142 1739 3189 a
1762 3113 1868 3219 cujus
1892 3113 2018 3193 ballivi
2039 3113 2223 3220 judicato,
2245 3134 2342 3192 nm-

921 3276 1033 3355 quam
1054 3247 1147 3325 falso
1168 3264 1205 3324 et
1215 3274 1338 3352 pravo,
1355 3246 1445 3322 dicti
1466 3245 1607 3323 scabini
1626 3245 1675 3322 ad
1690 3261 1856 3323 nostram
1871 3245 2010 3323 curiam
2029 3245 2305 3351 appellaverunt
2326 3280 2336 3321 ε

921 3378 1141 3482 Visisdgitur
1152 3394 1189 3453 et
1202 3376 1401 3484 diligenter
1412 3377 1626 3453 examinatis
1640 3376 1875 3483 processibus
1887 3375 2071 3481 predictis,
2085 3393 2161 3452 tam
2173 3376 2213 3451 in
2226 3402 2338 3453 eausa

921 3508 1114 3614 principali
1141 3536 1255 3615 quam
1281 3508 1320 3585 in
1337 3536 1447 3587 causa
1466 3508 1733 3615 appellacionis
1751 3508 1906 3597 habitis,
1926 3534 1993 3614 per
2011 3505 2113 3583 curie
2131 3522 2257 3583 nostre
2273 3507 2341 3612 ju-

922 3638 1080 3729 dicium,
1096 3638 1238 3717 dictum
1255 3638 1329 3719 finit
1340 3640 1552 3745 predictum
1567 3640 1747 3718 ballivum
1763 3640 1861 3717 male
1871 3640 2058 3747 judicasse
2076 3655 2114 3714 et
2127 3636 2247 3714 dictos
2262 3664 2343 3713 sca-

920 3768 1029 3847 binos
1052 3770 1151 3849 bene
1177 3768 1397 3877 appellasse,
1421 3788 1459 3849 et
1483 3769 1717 3850 confirmavit
1735 3773 1836 3848 curia
1863 3788 1989 3849 nostra
2015 3768 2226 3877 judicatum
2258 3796 2344 3873 pre-

921 3900 1064 3977 dictum
1085 3900 1274 3979 dictorum
1293 3902 1543 3981 scabinorum.

976 4032 1105 4109 Martis
1123 4049 1211 4137 post
1228 4032 1403 4111 Jubilate.

976 4164 1018 4238 R.
1041 4162 1088 4239 de
1107 4164 1290 4260 Briancou
1310 4167 1522 4269 reportavit.

976 4422 1034 4497 ΙΙΙ.
1067 4422 1148 4498 Lite
1169 4438 1288 4511 mota,
1303 4450 1427 4499 coram
1448 4425 1576 4515 nobis,
1599 4429 1697 4505 inter
1713 4429 1946 4533 Stephanum
1966 4427 2014 4505 de
2041 4428 2335 4534 Sancto-Luppo,

921 4550 1092 4640 militem,
1108 4578 1152 4628 cx
1164 4578 1239 4629 una
1256 4570 1372 4658 parte,
1386 4571 1430 4631 et
1445 4555 1611 4662 priorem
1633 4574 1671 4634 et
1690 4576 1912 4636 mouentum
1932 4558 2196 4664 Sancti-Luppi
2212 4559 2260 4635 de
2273 4558 2338 4634 Se-

920 4697 1040 4770 rento,
1057 4681 1246 4771 exalterat,
1264 4706 1378 4791 super
1393 4714 1439 4764 eo
1454 4686 1563 4793 qrmd
1573 4688 1699 4766 dictus
1714 4690 1823 4767 miles
1839 4690 1991 4795 petebat
2003 4689 2169 4767 amoueri
2184 4685 2339 4792 impedi-

920 4824 1092 4891 mentum
1105 4811 1194 4902 sibi,
1216 4828 1260 4891 ut
1275 4815 1440 4904 dicebat,
1457 4818 1688 4925 appositum,
1709 4848 1777 4926 per
1796 4819 1915 4897 dictos
1933 4819 2130 4929 religiosos
2146 4819 2183 4894 in
2201 4816 2337 4893 saisina

914 4941 1064 5049 justicie
1079 4941 1217 5023 domus
1227 4969 1295 5023 sue
1317 4948 1363 5025 de
1384 4949 1667 5057 Sancto-Luppo
1689 4969 1728 5028 et
1742 4950 1946 5059 pourprisii
1963 4950 2152 5060 ejusdem,
2178 4964 2214 5026 et
2233 4948 2340 5055 quod

917 5073 1048 5179 prisia,
1064 5074 1156 5154 sacta
1173 5104 1242 5184 per
1254 5076 1373 5156 dictos
1386 5080 1582 5189 religiosos
1596 5083 1634 5157 in
1646 5081 1731 5200 loco
1746 5083 1928 5191 predicto,
1945 5084 1992 5161 ad
2009 5098 2338 5161 manum-nostram

919 5206 1057 5311 posita,
1075 5225 1229 5313 propter
1244 5207 1422 5287 debatum
1439 5210 1623 5291 dictarum
1640 5214 1807 5320 parcium
1816 5270 1832 5304 ,-
1843 5214 2116 5293 deliberaretur
2131 5213 2251 5290 eidem
2268 5213 2344 5288 mi—

918 5334 994 5423 liti,
1017 5354 1054 5415 et
1074 5340 1180 5442 quod
1198 5339 1276 5443 ipse
1297 5328 1338 5416 in
1357 5340 1490 5419 saisina
1505 5344 1657 5449 justicie
1678 5346 1777 5423 dicte
1800 5347 1939 5425 domus
1958 5364 1997 5423 et
2015 5344 2217 5453 pourprisii
2238 5345 2345 5453 ejus-
