5817 7292
881 1106 958 1181 264
1467 1111 1558 1180 Las
1588 1107 1725 1181 OLIM.

654 1259 784 1312 Pmffl’ffl
796 1257 841 1321 IV·
880 1268 1010 1360 questa
1029 1277 1143 1358 super
1160 1253 1232 1328 hoc
1246 1251 1294 1326 de
1313 1250 1492 1328 mandato
1508 1251 1609 1326 curie
1624 1265 1750 1326 nostre
1766 1247 1875 1344 lacta,
1892 1251 1979 1328 visis
1994 1254 2111 1330 eciam
2127 1260 2306 1342 omnibus

716 1351 779 1395 nor.
883 1411 957 1489 que
978 1383 1025 1459 ab
1048 1402 1207 1489 utraque
1225 1399 1328 1488 parte
1349 1382 1496 1460 Inerant
1515 1409 1629 1486 super
1646 1380 1719 1457 boc
1737 1381 1926 1487 proposita
1949 1402 1987 1462 et
2007 1387 2184 1492 probata,
2207 1393 2303 1471 dicta
2419 1391 2424 1396 ’

882 1515 1068 1591 comitissa
1088 1514 1299 1607 Matbildis,
1321 1543 1389 1620 per
1408 1513 1511 1590 curie
1532 1530 1658 1589 nostre
1674 1510 1878 1618 judicium,
1900 1513 1972 1594 fuit
1994 1516 2041 1594 ab
2061 1518 2302 1626 impeticione

881 1645 1049 1750 predicta
1068 1646 1166 1722 dicte
1184 1645 1380 1752 Margarita
1400 1641 1675 1722 sentencialiter
1693 1642 1876 1720 absoluta.

934 1778 1041 1853 Lune
1062 1777 1240 1883 predicta.

935 1909 986 1986 M.
1004 1910 1050 1985 H.
1071 1907 1230 1986 Cuillier
1246 1907 1460 2014 reportavit.

935 2173 1027 2250 LIII.
1058 2174 1153 2251 Cum
1182 2171 1369 2249 comitissa
1394 2169 1564 2246 Hanonie
1589 2187 1734 2276 peteret
1757 2170 1797 2247 in
1822 2171 1923 2248 curia
1947 2189 2072 2250 nostra
2096 2175 2297 2281 quamdam

881 2303 1109 2381 sentenciam
1130 2301 1344 2378 arbitralem
1365 2301 1413 2378 ab
1432 2299 1513 2406 ipsa
1535 2298 1738 2404 prolatam,
1760 2318 1804 2378 ut
1824 2301 1988 2392 dicebat,
2010 2302 2049 2378 in
2069 2331 2177 2380 causa
2196 2323 2298 2382 mota

879 2436 978 2511 inter
994 2432 1212 2511 defunctum
1228 2432 1404 2509 comitem
1424 2431 1593 2507 Hanonie
1610 2447 1648 2506 et
1663 2429 1868 2540 burgenses
1883 2433 1930 2510 de
1948 2433 2139 2512 MalbodIo
2157 2453 2195 2512 et
2208 2437 2298 2515 Bin-

880 2567 949 2656 cio,
967 2594 1008 2642 ex
1027 2593 1100 2641 una
1114 2580 1239 2669 parte,
1259 2579 1297 2639 et
1312 2563 1533 2670 Rochynum
1550 2564 1833 2671 bonnenseigne
1851 2581 1889 2642 et
1904 2565 1982 2672 ejus
2002 2568 2234 2657 societatem,
2253 2595 2298 2646 ex

877 2696 1008 2785 altera,
1030 2712 1158 2771 contra
1177 2693 1322 2770 dictum
1341 2693 1555 2770 Rocbinum
1574 2710 1612 2768 et
1627 2693 1708 2800 ejus
1727 2694 1944 2772 societatem
1960 2696 2174 2775 execucioui
2194 2727 2298 2774 man-

795 2901 801 2912 ,
877 2825 973 2917 dari,
991 2844 1029 2903 et
1046 2826 1169 2902 dictus
1183 2823 1376 2901 Rochinus
1392 2840 1430 2900 et
1448 2824 1530 2931 ejus
1546 2824 1637 2902 socii
1657 2842 1913 2931 proponerent
1928 2854 1948 2902 e
1968 2828 2154 2904 contrario
2172 2827 2298 2932 plures

877 2958 1062 3047 raciones,
1078 2954 1256 3033 adfinem
1275 2955 1381 3061 quod
1399 2954 1497 3031 dicta
1511 2954 1700 3032 sentencia
1714 2953 1900 3032 arbitralis
1915 2974 1994 3033 erat
2005 2957 2123 3048 nulla,
2141 2959 2298 3052 maxime

877 3088 964 3193 quia
984 3087 1200 3162 Franciscus
1218 3085 1318 3177 Joie,
1337 3085 1403 3192 qni
1422 3087 1462 3161 in
1483 3084 1621 3161 dictam
1638 3085 1883 3178 comitissam,
1906 3087 2005 3166 dicte
2025 3088 2212 3167 societatis
2232 3119 2299 3168 no-

877 3219 977 3294 mine
997 3217 1326 3322 compromiserat,
1346 3233 1388 3292 ut
1407 3215 1613 3304 dicebatur,
1635 3243 1712 3294 non
1733 3235 1907 3324 potuerat
1924 3219 1971 3296 ad
1992 3218 2066 3296 boc
2086 3219 2223 3294 dictam
2238 3247 2298 3296 so-

877 3348 1049 3424 cietatem
1074 3345 1415 3452 compromittcndo
1439 3346 1641 3453 obligasse,
1668 3363 1921 3453 proponerent
1944 3348 2060 3424 eciam
2087 3346 2213 3451 plures
2237 3379 2296 3426 ra-

877 3478 1001 3553 ciones
1031 3476 1221 3552 adfinem
1249 3477 1371 3585 quod,
1392 3477 1425 3553 si
1453 3475 1550 3553 dicta
1579 3478 1769 3556 sentencia
1793 3494 1873 3554 erat
1897 3476 2039 3582 aliqua,
2060 3493 2187 3553 tamen
2214 3497 2295 3557 erat

876 3608 1005 3714 iniqua
1020 3625 1058 3684 et
1070 3607 1118 3683 ad
1131 3607 1334 3714 equitatem
1344 3607 1578 3699 reducenda;
1597 3637 1711 3714 quare
1724 3607 1903 3714 petebant
1914 3608 2051 3685 dictam
2066 3609 2293 3686 sentenciam

874 3739 1015 3816 nullam
1035 3738 1290 3846 pronunciari,
1312 3738 1371 3816 vcl
1391 3739 1420 3815 si
1442 3756 1539 3815 esset
1559 3738 1698 3846 aliqua,
1721 3766 1802 3816 earn
1823 3738 1963 3817 debere
1981 3738 2109 3816 reduci
2129 3740 2177 3815 ad
2198 3740 2295 3817 arbi-

873 3871 989 3948 trium
1009 3870 1101 3947 boni
1122 3869 1189 3945 viri
1211 3902 1219 3946 :
1241 3870 1431 3960 Tandem,
1455 3869 1627 3976 inquesta
1645 3869 1740 3946 lacta
1759 3897 1873 3977 super
1892 3869 2070 3978 predictis
2087 3870 2163 3945 visa
2183 3887 2222 3947 et
2240 3871 2296 3947 di-

874 4001 1036 4106 ligenter
1055 4001 1279 4090 examinata,
1304 3999 1593 4108 pronunciatum
1613 4000 1700 4090 luit,
1724 4029 1793 4106 per
1818 4000 1921 4079 curIe
1943 4019 2069 4080 nostre
2084 3999 2291 4108 judicium,

874 4131 1022 4208 dictum
1032 4131 1268 4210 Franciscum
1282 4134 1373 4240 Joye
1384 4131 1552 4239 potuisse
1568 4130 1751 4239 obligasse
1762 4133 1900 4209 dictam
1915 4133 2130 4211 societatem
2144 4150 2182 4209 et
2196 4129 2294 4210 bona

874 4263 971 4340 dicte
994 4263 1178 4341 societatis
1202 4263 1559 4370 compromittend0‚
1582 4279 1625 4341 ut
1651 4263 1888 4354 dictumest,
1912 4263 1951 4338 in
1973 4262 2111 4341 dictam
2133 4263 2294 4341 comitis-

872 4421 961 4485 sam,
977 4411 1015 4470 et
1024 4395 1250 4472 sentenciam
1264 4395 1478 4472 arbitralem
1493 4394 1591 4472 dicte
1605 4393 1792 4472 comitisse
1808 4423 1920 4501 super
1931 4394 2005 4471 hoc
2017 4393 2198 4482 tenuisse,
2217 4421 2292 4471 non

873 4524 1109 4604 obstantibus
1130 4525 1369 4637 processibus
1395 4542 1433 4602 et
1452 4525 1834 4630 pronunciacionibus
1857 4525 2158 4633 quibuscumque
2180 4551 2293 4631 super

872 4655 945 4734 boc
963 4685 1032 4762 per
1048 4656 1189 4732 curiam
1203 4671 1368 4732 nostram
1384 4654 1474 4732 alias
1492 4654 1617 4748 lactis;
1635 4672 1672 4733 et
1688 4653 1808 4762 quod,
1826 4655 1857 4731 si
1871 4655 2029 4761 predicti
2048 4653 2238 4732 Ilochinus
2253 4671 2292 4732 et

873 4787 954 4894 ejus
974 4786 1064 4865 socii
1084 4784 1274 4864 voluerint
1294 4786 1471 4892 prosequi
1492 4786 1541 4862 de
1563 4785 1759 4893 iniquitate
1778 4784 1878 4862 dicte
1898 4785 2105 4890 sentencie,
2126 4783 2165 4860 in
2187 4783 2291 4861 curia

872 4936 998 4995 nostra
1018 4932 1142 5022 partes
1162 4944 1277 5021 super
1292 4916 1366 4992 boc
1384 4915 1587 4992 audientur
1607 4932 1645 4993 et
1663 4914 1731 4992 fiet
1743 4915 1826 5022 jus3
1847 4932 1902 5003 et,
1924 4914 2060 4992 auditis
2079 4941 2193 5020 super
2218 4913 2291 4992 boc

873 5048 980 5124 dictis
998 5045 1167 5153 partibus
1186 5062 1332 5151 postea,
1353 5045 1451 5124 dicta
1465 5048 1669 5135 sentencia,
1688 5063 1873 5154 quatenus
1886 5062 2034 5152 reperta
2047 5044 2161 5122 fuerit
2177 5073 2288 5152 equa,

871 5176 1115 5257 mandabitur
1134 5176 1360 5254 enecueioni.

926 5310 1031 5385 Luna
1051 5305 1229 5414 predicta.

926 5440 977 5515 M.
1001 5437 1225 5547 Pasquerius
1246 5439 1446 5546 reportarit
