5817 7292
1001 1056 1268 1165 evootres
1295 1076 1359 1147 nr
1387 1056 1597 1150 esoces.
1934 1073 2010 1151 ets
2107 1121 2111 1129 ·

590 1214 1726 1327 Gravelignescaptafuerunt‚,obcausam·predictam,quein
1739 1243 1854 1293 manu
1867 1235 2009 1308 nostra,
2049 1223 2236 1287 summm,

590 1365 744 1456 propter
759 1348 938 1425 debatum
951 1346 1136 1453 parcium,
1149 1362 1255 1423 erant
1266 1345 1404 1451 posita,
1420 1342 1570 1451 majori,
1585 1362 1623 1421 et
1633 1342 1793 1421 scabinis
1806 1344 1853 1421 de
1863 1346 2014 1426 Sancto
2112 1314 2176 1359 Μ’

590 1479 807 1559 Audomaro
820 1478 1091 1567 liberabuntur,
1112 1494 1293 1555 reservata
1310 1494 1437 1554 tamen
1456 1476 1497 1552 in
1512 1475 1704 1582 premissis
1724 1476 1873 1584 majori,
1894 1478 2014 1555 scabi-

590 1610 649 1688 nis
675 1626 714 1687 et
737 1608 1011 1687 habitatoribus
1033 1606 1120 1685 ville
1146 1607 1194 1684 de
1217 1606 1459 1715 Gravelignes
1477 1606 1676 1713 questione
1695 1604 1943 1713 proprietatis.

648 1740 778 1819 Martis
795 1755 881 1847 post
901 1736 1306 1846 Sanctum-Georgium
2074 1730 2081 1743 ⁰

649 1870 699 1949 Μ.
721 1871 766 1948 Η.
784 1870 832 1947 de
849 1866 1121 1949 Sancto-Paulo
1136 1866 1349 1973 reportavit.
1422 1958 1428 1969 Ι

646 2134 740 2211 XIII.
772 2133 870 2212 Cum
890 2130 1162 2239 proposuisset,
1177 2129 1216 2205 in
1234 2128 1338 2207 curia
1353 2145 1495 2218 nostra,
1510 2128 1643 2207 Petrus
1661 2121 1852 2208 Porcberii
1872 2129 1920 2208 de
1936 2132 2015 2211 Ma·-

590 2262 697 2351 rinis,
721 2278 850 2340 contre
869 2262 1077 2339 liebertum
1096 2259 1143 2335 de
1163 2256 1305 2347 Hunal,
1322 2257 1557 2365 prepositum
1575 2259 1786 2351 Pontisare,
1805 2262 1911 2368 quod
1935 2264 2014 2369 ipse

591 2391 774 2499 compulit
801 2392 943 2469 dictum
967 2393 1121 2469 Petrum
1149 2390 1455 2497 compromittere
1476 2388 1516 2465 in
1535 2389 1659 2494 ipsum
1684 2417 1755 2496 pro
1774 2392 1936 2499 quadam
1956 2395 2016 2470 in-

585 2522 686 2629 juria
713 2521 810 2599 dicte
836 2520 997 2599 Iohanni
1018 2517 1243 2598 Guillemier
1262 2547 1284 2595 a
1302 2518 1384 2596 filio
1410 2517 1640 2609 dissipent,
1667 2533 1706 2595 et
1727 2520 2015 2627 condempnavit

592 2651 734 2729 dictum
754 2653 926 2740 Petrum,
951 2678 1020 2755 pro
1042 2648 1212 2755 expensis
1231 2647 1379 2753 prandii
1395 2645 1499 2753 quod
1511 2648 1727 2726 babuerunt
1742 2648 1875 2743 simul,
1894 2652 1936 2727 in
1952 2677 2014 2729 sex

592 2780 715 2871 libris,
738 2796 776 2859 et
800 2782 901 2859 dioto
924 2779 1086 2857 Iohanni
1107 2779 1147 2856 in
1169 2779 1301 2855 decem
1328 2777 1436 2855 libris
1457 2805 1527 2885 pro
1551 2778 1731 2869 emenda,
1751 2795 1789 2856 et
1807 2780 1909 2858 dioto
1930 2808 2016 2888 pre-

590 2910 714 3017 posito
734 2912 774 2987 in
794 2938 858 2989 sex
881 2907 1054 2998 llorenis,
1077 2935 1155 2985 non
1175 2907 1312 2985 auditis
1325 2906 1543 2985 racionibus
1561 2906 1651 2986 dicti
1670 2910 1770 2985 Petri
1791 2927 1829 2987 et
1847 2908 1918 2987 filii
1941 2913 2012 2989 sui.

591 3042 702 3133 Item,
724 3040 828 3148 quod
849 3038 971 3116 dictus
999 3038 1213 3146 prepositus
1233 3038 1386 3115 extorsit
1412 3066 1433 3114 a
1454 3037 1554 3116 dicto
1573 3039 1685 3116 Petro
1705 3056 1792 3117 octo
1811 3038 1925 3120 libras
1947 3066 2016 3148 per

590 3170 811 3249 violenciam
827 3186 865 3246 et
877 3168 998 3245 minas
1017 3196 1113 3245 suas.
1134 3169 1248 3259 Item,
1268 3166 1374 3273 quod
1391 3168 1474 3275 ipse
1492 3168 1645 3247 extorsit
1664 3186 1816 3247 centum
1836 3167 2016 3249 solidosa

591 3298 692 3378 dicto
710 3302 828 3379 Petro
848 3297 982 3386 invito,
1003 3315 1040 3375 et
1066 3298 1151 3404 ipso
1169 3298 1348 3375 existente
1375 3298 1415 3375 in
1442 3298 1610 3406 prisione
1637 3324 1725 3389 sua,
1752 3318 1789 3377 et
1821 3302 2016 3407 opportuit

591 3428 732 3509 dittum
747 3431 899 3508 Petrum
914 3426 1059 3507 solvere
1073 3428 1202 3535 viginti
1217 3444 1255 3505 et
1274 3443 1437 3535 quatuor
1449 3426 1585 3517 libras,
1600 3456 1670 3535 pro
1686 3429 1812 3506 usuris
1827 3430 2015 3509 dictorum

592 3578 743 3639 centurn
755 3560 980 3638 solidorum.
994 3560 1109 3648 Item,
1124 3557 1229 3665 quod
1239 3556 1319 3664 ipse
1334 3557 1490 3636 extorsit
1507 3586 1529 3633 a
1544 3558 1645 3637 dicto
1659 3561 1771 3639 Petro
1787 3588 1901 3639 unam
1917 3590 2016 3640 sum·

591 3718 691 3765 mam
711 3716 823 3767 avene
844 3705 882 3765 et
901 3716 1023 3764 unum
1045 3688 1194 3765 dolium
1215 3687 1291 3763 vini
1312 3704 1350 3764 et
1369 3686 1572 3765 duodecim
1592 3717 1756 3766 anceres.
1777 3691 1888 3777 Item,
1909 3692 2014 3797 quod

593 3820 716 3896 dictus
739 3817 950 3925 prepositus
973 3816 1063 3894 lecit
1092 3816 1183 3922 poni
1209 3816 1248 3891 in
1272 3816 1437 3921 prisione
1460 3832 1498 3892 et
1517 3816 1559 3891 iu
1578 3816 1676 3894 fossa
1696 3817 1840 3894 dictum
1860 3819 2014 3897 Petrum

594 3950 749 4056 iujuste,
765 3949 918 4055 quando
931 3946 1036 4023 scivit
1050 3946 1174 4059 ipsum
1189 3944 1364 4024 babuisse
1378 3962 1563 4023 arrestum
1575 3974 1693 4051 prose
1705 3946 1745 4023 in
1759 3947 1861 4024 curia
1873 3964 2011 4025 nostra.

592 4081 702 4168 Item,
724 4078 919 4185 proposuit
938 4076 1063 4155 dictus·
1079 4078 1213 4154 Petrus
1230 4091 1357 4153 contra
1375 4076 1586 4153 Iohannem
1603 4074 1640 4153 le
1657 4075 1819 4154 Peletier
1833 4078 1881 4155 de
1896 4078 2014 4159 Chars

587 4208 769 4289 etlilium
786 4236 921 4297 suum,¹
940 4207 1142 4285 servientes
1154 4206 1389 4313 prepositure
1405 4205 1615 4295 Pontisare,
1633 4206 1739 4312 quod
1754 4207 1825 4313 ipsi
1843 4208 2013 4287 fecerunt

594 4338 665 4419 sibi
677 4338 783 4444 plura
798 4339 976 4444 dampna,
995 4354 1032 4415 et
1046 4338 1174 4445 plures
1189 4336 1344 4444 injurias
1364 4337 1489 4414 eidem
1508 4336 1731 4427 intulerunt,
1754 4355 1792 4415 et
1805 4342 1925 4446 quod,
1944 4366 2013 4449 pro

594 4468 772 4576 predictis
794 4468 965 4575 dampnis
985 4484 1023 4545 et
1041 4467 1189 4574 injuriis
1212 4466 1313 4544 dicto
1331 4469 1442 4544 Petro
1462 4466 1574 4544 illatis
1591 4495 1613 4543 a
1636 4467 1746 4546 dictis
1764 4471 1955 4575 preposito
1976 4491 2015 4550 et

594 4599 855 4690 servientibus,
884 4597 1169 4706 dampnificatus
1184 4596 1257 4675 fuit
1271 4597 1374 4675 idem
1392 4598 1525 4673 Petrus
1543 4626 1663 4703 usque
1683 4597 1730 4673 ad
1749 4598 1915 4677 valorem
1934 4630 2014 4681 cen·

594 4749 677 4809 tum
696 4729 877 4809 librarum
893 4746 932 4807 et
950 4729 1067 4820 ultra,
1082 4727 1262 4834 predictis
1281 4728 1474 4834 preposito
1488 4746 1526 4805 et
1536 4728 1788 4806 servientibus
1797 4731 1922 4808 omnia
1933 4762 2015 4839 pre

595 4861 692 4939 dicta
706 4860 946 4969 negantibus,
968 4877 1006 4937 et
1022 4860 1062 4938 in
1082 4860 1309 4937 contrarium
1330 4857 1580 4936 asserentibus
1600 4886 1640 4935 se
1654 4857 1784 4937 lecime
1792 4862 1895 4969 juste
1909 4867 2016 4971 quic·

594 4991 687 5097 quid
708 4991 778 5098 ipsi
802 4990 973 5069 lecerunt
994 4992 1033 5067 in
1052 4990 1258 5098 predictis:
1285 4991 1392 5067 Facta
1418 4988 1588 5095 inquesta
1613 5016 1728 5097 super
1753 4992 1945 5098 predictis,
1966 4995 2014 5071 de

594 5123 770 5202 mandato
785 5122 887 5200 curie
905 5136 1047 5211 nostre,
1063 5122 1138 5199 visa
1149 5138 1188 5200 et
1199 5120 1399 5227 diligenter
1411 5120 1632 5211 examinata,
1647 5121 1785 5200 auditis
1799 5123 2014 5203 rationibus

595 5250 683 5327 hinc
703 5270 740 5331 et
765 5252 854 5329 inde
876 5250 1094 5358 propositis,
1115 5250 1205 5359 quia
1221 5251 1415 5329 inventum
1437 5269 1493 5327 est
1513 5250 1656 5329 dictum
1679 5254 1832 5329 Petrum
1852 5252 2013 5331 Porche·

596 5380 642 5454 rii
663 5406 738 5457 non
757 5382 931 5487 probasse
956 5382 1210 5461 intencIonem
1233 5410 1353 5471 suam,
1380 5380 1473 5459 dicti
1496 5383 1709 5489 prepositus
1736 5401 1774 5461 et
1792 5383 2013 5477 servientes,
