<?xml version="1.0" encoding="UTF-8"?>
<!DOCTYPE html PUBLIC "-//W3C//DTD XHTML 1.0 Transitional//EN"
    "http://www.w3.org/TR/xhtml1/DTD/xhtml1-transitional.dtd">
<html xmlns="http://www.w3.org/1999/xhtml" xml:lang="en" lang="en">
 <head>
  <title>
</title>
<meta http-equiv="Content-Type" content="text/html;charset=utf-8" />
  <meta name='ocr-system' content='tesseract 3.04.00' />
  <meta name='ocr-capabilities' content='ocr_page ocr_carea ocr_par ocr_line ocrx_word'/>
</head>
<body>
  <div class='ocr_page' id='page_1' title='image "./lesolimouregist00pargoog_0224.png"; bbox 0 0 5817 7292; ppageno 0'>
   <div class='ocr_carea' id='block_1_1' title="bbox 874 1139 1708 1215">
    <p class='ocr_par' dir='ltr' id='par_1_1' title="bbox 874 1139 1708 1215">
     <span class='ocr_line' id='line_1_1' title="bbox 874 1139 1708 1215; baseline -0.001 -1"><span class='ocrx_word' id='word_1_1' title='bbox 874 1140 945 1214; x_wconf 81' lang='lat'>126</span> <span class='ocrx_word' id='word_1_2' title='bbox 1453 1141 1544 1213; x_wconf 88' lang='lat' dir='ltr'>LES</span> <span class='ocrx_word' id='word_1_3' title='bbox 1571 1139 1708 1215; x_wconf 89' lang='lat' dir='ltr'><strong>OLIM.</strong></span> 
     </span>
    </p>
   </div>
   <div class='ocr_carea' id='block_1_2' title="bbox 645 1280 2295 2831">
    <p class='ocr_par' dir='ltr' id='par_1_2' title="bbox 645 1280 2293 1392">
     <span class='ocr_line' id='line_1_2' title="bbox 645 1280 2293 1392; baseline 0.004 -32"><span class='ocrx_word' id='word_1_4' title='bbox 645 1306 774 1355; x_wconf 62' lang='lat' dir='ltr'>Pariunt</span> <span class='ocrx_word' id='word_1_5' title='bbox 787 1294 830 1357; x_wconf 63' lang='lat' dir='ltr'>lv,</span> <span class='ocrx_word' id='word_1_6' title='bbox 869 1312 909 1361; x_wconf 91' lang='lat' dir='ltr'>se</span> <span class='ocrx_word' id='word_1_7' title='bbox 929 1281 1072 1361; x_wconf 82' lang='lat' dir='ltr'>absolvi</span> <span class='ocrx_word' id='word_1_8' title='bbox 1092 1312 1113 1359; x_wconf 90' lang='lat' dir='ltr'>a</span> <span class='ocrx_word' id='word_1_9' title='bbox 1131 1280 1318 1389; x_wconf 70' lang='lat' dir='ltr'>peticione</span> <span class='ocrx_word' id='word_1_10' title='bbox 1338 1282 1525 1390; x_wconf 88' lang='lat' dir='ltr'>predicta:</span> <span class='ocrx_word' id='word_1_11' title='bbox 1541 1284 1730 1376; x_wconf 84' lang='lat' dir='ltr'><strong>Tandem,</strong></span> <span class='ocrx_word' id='word_1_12' title='bbox 1747 1282 1884 1360; x_wconf 90' lang='lat' dir='ltr'>auditis</span> <span class='ocrx_word' id='word_1_13' title='bbox 1903 1311 2017 1389; x_wconf 86' lang='lat' dir='ltr'>super</span> <span class='ocrx_word' id='word_1_14' title='bbox 2035 1285 2109 1361; x_wconf 88' lang='lat' dir='ltr'>hoc</span> <span class='ocrx_word' id='word_1_15' title='bbox 2124 1288 2293 1392; x_wconf 81' lang='lat' dir='ltr'>partibus</span> 
     </span>
    </p>

    <p class='ocr_par' dir='ltr' id='par_1_3' title="bbox 707 1390 2293 1522">
     <span class='ocr_line' id='line_1_3' title="bbox 707 1390 2293 1522; baseline 0.004 -31"><span class='ocrx_word' id='word_1_16' title='bbox 707 1390 769 1435; x_wconf 50' lang='grc' dir='ltr'>Μ’</span> <span class='ocrx_word' id='word_1_17' title='bbox 870 1413 1082 1507; x_wconf 80' lang='lat' dir='ltr'>antedictis,</span> <span class='ocrx_word' id='word_1_18' title='bbox 1113 1414 1200 1493; x_wconf 90' lang='lat' dir='ltr'>visis</span> <span class='ocrx_word' id='word_1_19' title='bbox 1228 1414 1363 1493; x_wconf 88' lang='lat' dir='ltr'>litteris</span> <span class='ocrx_word' id='word_1_20' title='bbox 1390 1432 1428 1493; x_wconf 90' lang='lat' dir='ltr'>et</span> <span class='ocrx_word' id='word_1_21' title='bbox 1456 1414 1539 1492; x_wconf 92' lang='lat' dir='ltr'>aliis</span> <span class='ocrx_word' id='word_1_22' title='bbox 1569 1442 1643 1522; x_wconf 91' lang='lat' dir='ltr'>que</span> <span class='ocrx_word' id='word_1_23' title='bbox 1674 1414 1773 1491; x_wconf 90' lang='lat' dir='ltr'>dicte</span> <span class='ocrx_word' id='word_1_24' title='bbox 1797 1431 1922 1522; x_wconf 88' lang='lat' dir='ltr'>partes</span> <span class='ocrx_word' id='word_1_25' title='bbox 1955 1416 1995 1491; x_wconf 90' lang='lat' dir='ltr'>iu</span> <span class='ocrx_word' id='word_1_26' title='bbox 2029 1411 2147 1493; x_wconf 72' lang='lat' dir='ltr'>curia&#39;</span> <span class='ocrx_word' id='word_1_27' title='bbox 2166 1436 2293 1499; x_wconf 86' lang='lat' dir='ltr'>nostra</span> 
     </span>
    </p>

    <p class='ocr_par' dir='ltr' id='par_1_4' title="bbox 869 1545 2295 1659">
     <span class='ocr_line' id='line_1_4' title="bbox 869 1545 2295 1659; baseline 0.003 -36"><span class='ocrx_word' id='word_1_28' title='bbox 869 1545 1139 1635; x_wconf 82' lang='lat' dir='ltr'>exhibuerunt,</span> <span class='ocrx_word' id='word_1_29' title='bbox 1159 1573 1201 1622; x_wconf 91' lang='lat' dir='ltr'>ac</span> <span class='ocrx_word' id='word_1_30' title='bbox 1221 1545 1404 1659; x_wconf 81' lang='lat' dir='ltr'>inquestis</span> <span class='ocrx_word' id='word_1_31' title='bbox 1424 1574 1538 1653; x_wconf 90' lang='lat' dir='ltr'>super</span> <span class='ocrx_word' id='word_1_32' title='bbox 1556 1546 1646 1624; x_wconf 89' lang='lat' dir='ltr'>hinc</span> <span class='ocrx_word' id='word_1_33' title='bbox 1664 1546 1753 1623; x_wconf 91' lang='lat' dir='ltr'>inde</span> <span class='ocrx_word' id='word_1_34' title='bbox 1771 1546 1989 1652; x_wconf 91' lang='lat' dir='ltr'>propositis,</span> <span class='ocrx_word' id='word_1_35' title='bbox 2010 1546 2115 1625; x_wconf 82' lang='lat' dir='ltr'>lactis</span> <span class='ocrx_word' id='word_1_36' title='bbox 2135 1548 2295 1656; x_wconf 87' lang='lat' dir='ltr'>diligen-</span> 
     </span>
    </p>

    <p class='ocr_par' dir='ltr' id='par_1_5' title="bbox 867 1677 2294 1787">
     <span class='ocr_line' id='line_1_5' title="bbox 867 1677 2294 1787; baseline 0.003 -32"><span class='ocrx_word' id='word_1_37' title='bbox 867 1696 935 1767; x_wconf 91' lang='lat' dir='ltr'>ter,</span> <span class='ocrx_word' id='word_1_38' title='bbox 969 1678 1053 1755; x_wconf 89' lang='lat' dir='ltr'>visis</span> <span class='ocrx_word' id='word_1_39' title='bbox 1079 1692 1124 1754; x_wconf 91' lang='lat' dir='ltr'>et&#39;</span> <span class='ocrx_word' id='word_1_40' title='bbox 1146 1677 1377 1768; x_wconf 82' lang='lat' dir='ltr'>examinatis,</span> <span class='ocrx_word' id='word_1_41' title='bbox 1404 1708 1474 1785; x_wconf 88' lang='lat' dir='ltr'>per</span> <span class='ocrx_word' id='word_1_42' title='bbox 1498 1679 1601 1755; x_wconf 90' lang='lat' dir='ltr'>curie</span> <span class='ocrx_word' id='word_1_43' title='bbox 1629 1694 1758 1756; x_wconf 89' lang='lat' dir='ltr'>nostre</span> <span class='ocrx_word' id='word_1_44' title='bbox 1782 1679 1991 1787; x_wconf 88' lang='lat' dir='ltr'>judicium,</span> <span class='ocrx_word' id='word_1_45' title='bbox 2022 1679 2111 1756; x_wconf 89' lang='lat' dir='ltr'>dicti</span> <span class='ocrx_word' id='word_1_46' title='bbox 2136 1680 2228 1759; x_wconf 86' lang='lat' dir='ltr'>socii</span> <span class='ocrx_word' id='word_1_47' title='bbox 2256 1701 2294 1759; x_wconf 90' lang='lat' dir='ltr'>et</span> 
     </span>
    </p>

    <p class='ocr_par' dir='ltr' id='par_1_6' title="bbox 867 1808 2294 1921">
     <span class='ocr_line' id='line_1_6' title="bbox 867 1808 2294 1921; baseline 0.004 -36"><span class='ocrx_word' id='word_1_48' title='bbox 867 1825 1094 1887; x_wconf 84' lang='lat' dir='ltr'><strong>mercatores</strong></span> <span class='ocrx_word' id='word_1_49' title='bbox 1113 1808 1379 1915; x_wconf 88' lang='lat' dir='ltr'>condempnati</span> <span class='ocrx_word' id='word_1_50' title='bbox 1400 1808 1557 1886; x_wconf 83' lang='lat' dir='ltr'>luerunt</span> <span class='ocrx_word' id='word_1_51' title='bbox 1572 1809 1621 1885; x_wconf 87' lang='lat' dir='ltr'>ad</span> <span class='ocrx_word' id='word_1_52' title='bbox 1634 1808 1875 1887; x_wconf 89' lang='lat' dir='ltr'>reddendum</span> <span class='ocrx_word' id='word_1_53' title='bbox 1892 1810 2003 1888; x_wconf 86' lang='lat' dir='ltr'>uobis</span> <span class='ocrx_word' id='word_1_54' title='bbox 2019 1829 2188 1917; x_wconf 78' lang='lat' dir='ltr'><strong>quartam</strong></span> <span class='ocrx_word' id='word_1_55' title='bbox 2209 1841 2294 1921; x_wconf 89' lang='lat' dir='ltr'>par-</span> 
     </span>
    </p>

    <p class='ocr_par' dir='ltr' id='par_1_7' title="bbox 866 1938 2292 2048">
     <span class='ocr_line' id='line_1_7' title="bbox 866 1938 2292 2048; baseline 0.002 -30"><span class='ocrx_word' id='word_1_56' title='bbox 866 1957 944 2018; x_wconf 89' lang='lat' dir='ltr'>tem</span> <span class='ocrx_word' id='word_1_57' title='bbox 961 1938 1179 2045; x_wconf 88' lang='lat' dir='ltr'>quindecim</span> <span class='ocrx_word' id='word_1_58' title='bbox 1194 1938 1359 2016; x_wconf 92' lang='lat' dir='ltr'>millium</span> <span class='ocrx_word' id='word_1_59' title='bbox 1374 1938 1555 2016; x_wconf 88' lang='lat' dir='ltr'>librarum</span> <span class='ocrx_word' id='word_1_60' title='bbox 1572 1941 1854 2019; x_wconf 90' lang='lat' dir='ltr'>Turonensium</span> <span class='ocrx_word' id='word_1_61' title='bbox 1865 1968 2066 2048; x_wconf 86' lang='lat' dir='ltr'>parvorum</span> <span class='ocrx_word' id='word_1_62' title='bbox 2080 1942 2129 2019; x_wconf 92' lang='lat' dir='ltr'>de</span> <span class='ocrx_word' id='word_1_63' title='bbox 2144 1970 2292 2021; x_wconf 88' lang='lat' dir='ltr'>summa</span> 
     </span>
    </p>

    <p class='ocr_par' dir='ltr' id='par_1_8' title="bbox 866 2069 2293 2181">
     <span class='ocr_line' id='line_1_8' title="bbox 866 2069 2293 2181; baseline 0.004 -37"><span class='ocrx_word' id='word_1_64' title='bbox 866 2070 1050 2175; x_wconf 87' lang='lat' dir='ltr'>predicta,</span> <span class='ocrx_word' id='word_1_65' title='bbox 1071 2069 1243 2148; x_wconf 89' lang='lat' dir='ltr'>deductis</span> <span class='ocrx_word' id='word_1_66' title='bbox 1261 2088 1388 2148; x_wconf 89' lang='lat' dir='ltr'>tamen</span> <span class='ocrx_word' id='word_1_67' title='bbox 1407 2069 1455 2147; x_wconf 87' lang='lat' dir='ltr'>de</span> <span class='ocrx_word' id='word_1_68' title='bbox 1482 2070 1705 2179; x_wconf 88' lang='lat' dir='ltr'>hujusmodi</span> <span class='ocrx_word' id='word_1_69' title='bbox 1727 2090 1860 2178; x_wconf 88' lang='lat' dir='ltr'>quarta</span> <span class='ocrx_word' id='word_1_70' title='bbox 1882 2089 1986 2179; x_wconf 88' lang='lat' dir='ltr'>parte</span> <span class='ocrx_word' id='word_1_71' title='bbox 2007 2072 2118 2149; x_wconf 87' lang='lat' dir='ltr'>nobis</span> <span class='ocrx_word' id='word_1_72' title='bbox 2144 2073 2293 2181; x_wconf 84' lang='lat' dir='ltr'>adjudi-</span> 
     </span>
    </p>

    <p class='ocr_par' dir='ltr' id='par_1_9' title="bbox 868 2200 2292 2309">
     <span class='ocr_line' id='line_1_9' title="bbox 868 2200 2292 2309; baseline 0.005 -34"><span class='ocrx_word' id='word_1_73' title='bbox 868 2217 946 2275; x_wconf 89' lang='lat' dir='ltr'>cata</span> <span class='ocrx_word' id='word_1_74' title='bbox 961 2216 1111 2276; x_wconf 88' lang='lat' dir='ltr'>centum</span> <span class='ocrx_word' id='word_1_75' title='bbox 1125 2216 1161 2276; x_wconf 88' lang='lat' dir='ltr'>et</span> <span class='ocrx_word' id='word_1_76' title='bbox 1174 2200 1304 2309; x_wconf 87' lang='lat' dir='ltr'>viginti</span> <span class='ocrx_word' id='word_1_77' title='bbox 1315 2200 1497 2277; x_wconf 89' lang='lat' dir='ltr'>librarum</span> <span class='ocrx_word' id='word_1_78' title='bbox 1509 2202 1789 2279; x_wconf 88' lang='lat' dir='ltr'>Turonensium</span> <span class='ocrx_word' id='word_1_79' title='bbox 1802 2227 2017 2309; x_wconf 85' lang='lat' dir='ltr'>parvorum,</span> <span class='ocrx_word' id='word_1_80' title='bbox 2030 2204 2178 2281; x_wconf 87' lang='lat' dir='ltr'>racione</span> <span class='ocrx_word' id='word_1_81' title='bbox 2193 2233 2292 2282; x_wconf 91' lang='lat' dir='ltr'>com-</span> 
     </span>
    </p>

    <p class='ocr_par' dir='ltr' id='par_1_10' title="bbox 868 2331 2289 2439">
     <span class='ocr_line' id='line_1_10' title="bbox 868 2331 2289 2439; baseline 0.002 -31"><span class='ocrx_word' id='word_1_82' title='bbox 868 2331 1100 2437; x_wconf 89' lang='lat' dir='ltr'>pensacionis</span> <span class='ocrx_word' id='word_1_83' title='bbox 1129 2347 1261 2439; x_wconf 84' lang='lat' dir='ltr'>quarte</span> <span class='ocrx_word' id='word_1_84' title='bbox 1288 2332 1402 2437; x_wconf 87' lang='lat' dir='ltr'>partis</span> <span class='ocrx_word' id='word_1_85' title='bbox 1428 2332 1680 2438; x_wconf 89' lang='lat' dir='ltr'>quarumdam</span> <span class='ocrx_word' id='word_1_86' title='bbox 1704 2361 1938 2410; x_wconf 89' lang='lat' dir='ltr'>summarum</span> <span class='ocrx_word' id='word_1_87' title='bbox 1965 2350 2227 2410; x_wconf 88' lang='lat' dir='ltr'>contentarum</span> <span class='ocrx_word' id='word_1_88' title='bbox 2250 2336 2289 2411; x_wconf 92' lang='lat' dir='ltr'>in</span> 
     </span>
    </p>

    <p class='ocr_par' dir='ltr' id='par_1_11' title="bbox 867 2458 2289 2702">
     <span class='ocr_line' id='line_1_11' title="bbox 867 2458 2289 2568; baseline 0.004 -31"><span class='ocrx_word' id='word_1_89' title='bbox 867 2462 1094 2567; x_wconf 87' lang='lat' dir='ltr'>quibusdam</span> <span class='ocrx_word' id='word_1_90' title='bbox 1118 2461 1254 2539; x_wconf 86' lang='lat' dir='ltr'>litteris</span> <span class='ocrx_word' id='word_1_91' title='bbox 1278 2461 1381 2538; x_wconf 87' lang='lat' dir='ltr'>curie</span> <span class='ocrx_word' id='word_1_92' title='bbox 1406 2478 1532 2539; x_wconf 88' lang='lat' dir='ltr'>nostre</span> <span class='ocrx_word' id='word_1_93' title='bbox 1555 2488 1624 2568; x_wconf 89' lang='lat' dir='ltr'>per</span> <span class='ocrx_word' id='word_1_94' title='bbox 1642 2461 1787 2540; x_wconf 92' lang='lat' dir='ltr'>dictum</span> <span class='ocrx_word' id='word_1_95' title='bbox 1810 2458 1994 2542; x_wconf 86' lang='lat' dir='ltr'>Guiotum</span> <span class='ocrx_word' id='word_1_96' title='bbox 2020 2463 2211 2553; x_wconf 83' lang='lat' dir='ltr'>exhibitis,</span> <span class='ocrx_word' id='word_1_97' title='bbox 2239 2465 2289 2542; x_wconf 93' lang='lat' dir='ltr'>de</span> 
     </span>
     <span class='ocr_line' id='line_1_12' title="bbox 868 2592 1962 2702; baseline 0.001 -32"><span class='ocrx_word' id='word_1_98' title='bbox 868 2592 1008 2698; x_wconf 91' lang='lat' dir='ltr'>quibus</span> <span class='ocrx_word' id='word_1_99' title='bbox 1027 2593 1196 2670; x_wconf 86' lang='lat' dir='ltr'>constitit</span> <span class='ocrx_word' id='word_1_100' title='bbox 1214 2593 1317 2670; x_wconf 91' lang='lat' dir='ltr'>curie</span> <span class='ocrx_word' id='word_1_101' title='bbox 1337 2610 1463 2670; x_wconf 89' lang='lat' dir='ltr'>nostre</span> <span class='ocrx_word' id='word_1_102' title='bbox 1483 2592 1662 2700; x_wconf 86' lang='lat' dir='ltr'>predicte.</span> <span class='ocrx_word' id='word_1_103' title='bbox 1683 2597 1725 2672; x_wconf 92' lang='lat' dir='ltr'>ln</span> <span class='ocrx_word' id='word_1_104' title='bbox 1746 2595 1870 2702; x_wconf 85' lang='lat' dir='ltr'>cujus,</span> <span class='ocrx_word' id='word_1_105' title='bbox 1892 2612 1962 2672; x_wconf 88' lang='lat' dir='ltr'>etc.</span> 
     </span>
    </p>

    <p class='ocr_par' dir='ltr' id='par_1_12' title="bbox 924 2723 2162 2831">
     <span class='ocr_line' id='line_1_13' title="bbox 924 2723 2162 2831; baseline -0.002 -30"><span class='ocrx_word' id='word_1_106' title='bbox 924 2725 1030 2801; x_wconf 88' lang='lat' dir='ltr'>Lune</span> <span class='ocrx_word' id='word_1_107' title='bbox 1050 2740 1137 2831; x_wconf 88' lang='lat' dir='ltr'>post</span> <span class='ocrx_word' id='word_1_108' title='bbox 1158 2724 1337 2803; x_wconf 89' lang='lat' dir='ltr'>Sanctum</span> <span class='ocrx_word' id='word_1_109' title='bbox 1357 2723 1610 2815; x_wconf 78' lang='lat' dir='ltr'>Clementem,</span> <span class='ocrx_word' id='word_1_110' title='bbox 1632 2752 1730 2804; x_wconf 87' lang='lat' dir='ltr'>anno</span> <span class='ocrx_word' id='word_1_111' title='bbox 1749 2725 2013 2803; x_wconf 87' lang='lat' dir='ltr'>trecentesimo</span> <span class='ocrx_word' id='word_1_112' title='bbox 2031 2725 2162 2802; x_wconf 91' lang='lat' dir='ltr'>tercio.</span> 
     </span>
    </p>
   </div>
   <div class='ocr_carea' id='block_1_3' title="bbox 865 2986 2292 3616">
    <p class='ocr_par' dir='ltr' id='par_1_13' title="bbox 865 2986 2292 3616">
     <span class='ocr_line' id='line_1_14' title="bbox 922 2986 2292 3095; baseline 0.001 -34"><span class='ocrx_word' id='word_1_113' title='bbox 922 2986 1015 3065; x_wconf 89' lang='lat' dir='ltr'><strong>XVI.</strong></span> <span class='ocrx_word' id='word_1_114' title='bbox 1047 2986 1118 3063; x_wconf 91' lang='lat' dir='ltr'>Per</span> <span class='ocrx_word' id='word_1_115' title='bbox 1137 2986 1350 3093; x_wconf 89' lang='lat' dir='ltr'>inquestam</span> <span class='ocrx_word' id='word_1_116' title='bbox 1368 2986 1503 3065; x_wconf 82' lang='lat' dir='ltr'>factam</span> <span class='ocrx_word' id='word_1_117' title='bbox 1525 3016 1639 3095; x_wconf 90' lang='lat' dir='ltr'>super</span> <span class='ocrx_word' id='word_1_118' title='bbox 1656 2987 1877 3066; x_wconf 85' lang='lat' dir='ltr'>vendicione</span> <span class='ocrx_word' id='word_1_119' title='bbox 1897 2986 2151 3093; x_wconf 88' lang='lat' dir='ltr'>quorumdam</span> <span class='ocrx_word' id='word_1_120' title='bbox 2169 2986 2292 3064; x_wconf 89' lang='lat' dir='ltr'>bono-</span> 
     </span>
     <span class='ocr_line' id='line_1_15' title="bbox 867 3116 2292 3225; baseline -0.001 -31"><span class='ocrx_word' id='word_1_121' title='bbox 867 3144 955 3194; x_wconf 92' lang='lat' dir='ltr'>rum</span> <span class='ocrx_word' id='word_1_122' title='bbox 979 3116 1180 3194; x_wconf 89' lang='lat' dir='ltr'>mobilium</span> <span class='ocrx_word' id='word_1_123' title='bbox 1203 3117 1380 3196; x_wconf 85' lang='lat' dir='ltr'>Esdeline</span> <span class='ocrx_word' id='word_1_124' title='bbox 1405 3118 1440 3195; x_wconf 89' lang='lat' dir='ltr'>la</span> <span class='ocrx_word' id='word_1_125' title='bbox 1460 3119 1643 3211; x_wconf 88' lang='lat' dir='ltr'>Poilesse,</span> <span class='ocrx_word' id='word_1_126' title='bbox 1667 3146 1738 3225; x_wconf 90' lang='lat' dir='ltr'>pro</span> <span class='ocrx_word' id='word_1_127' title='bbox 1760 3118 1890 3197; x_wconf 89' lang='lat' dir='ltr'>debito</span> <span class='ocrx_word' id='word_1_128' title='bbox 1912 3119 2042 3225; x_wconf 87' lang='lat' dir='ltr'>Regis,</span> <span class='ocrx_word' id='word_1_129' title='bbox 2062 3146 2132 3223; x_wconf 91' lang='lat' dir='ltr'>per</span> <span class='ocrx_word' id='word_1_130' title='bbox 2153 3116 2292 3195; x_wconf 89' lang='lat' dir='ltr'>Danie-</span> 
     </span>
     <span class='ocr_line' id='line_1_16' title="bbox 866 3246 2291 3353; baseline -0.001 -29"><span class='ocrx_word' id='word_1_131' title='bbox 866 3248 944 3325; x_wconf 90' lang='lat' dir='ltr'>lem</span> <span class='ocrx_word' id='word_1_132' title='bbox 971 3249 1018 3324; x_wconf 87' lang='lat' dir='ltr'>dc</span> <span class='ocrx_word' id='word_1_133' title='bbox 1042 3248 1185 3339; x_wconf 86' lang='lat' dir='ltr'>Insula,</span> <span class='ocrx_word' id='word_1_134' title='bbox 1208 3262 1260 3338; x_wconf 90' lang='lat' dir='ltr'>et,</span> <span class='ocrx_word' id='word_1_135' title='bbox 1283 3265 1326 3324; x_wconf 94' lang='lat' dir='ltr'>ut</span> <span class='ocrx_word' id='word_1_136' title='bbox 1345 3248 1423 3353; x_wconf 87' lang='lat' dir='ltr'>ipsa</span> <span class='ocrx_word' id='word_1_137' title='bbox 1444 3247 1606 3339; x_wconf 88' lang='lat' dir='ltr'>dicebat,</span> <span class='ocrx_word' id='word_1_138' title='bbox 1629 3264 1757 3324; x_wconf 89' lang='lat' dir='ltr'>contra</span> <span class='ocrx_word' id='word_1_139' title='bbox 1776 3274 1888 3324; x_wconf 88' lang='lat' dir='ltr'>usum</span> <span class='ocrx_word' id='word_1_140' title='bbox 1913 3264 1951 3323; x_wconf 90' lang='lat' dir='ltr'>ct</span> <span class='ocrx_word' id='word_1_141' title='bbox 1977 3246 2291 3325; x_wconf 87' lang='lat' dir='ltr'>consuetudinem</span> 
     </span>
     <span class='ocr_line' id='line_1_17' title="bbox 867 3375 2289 3483; baseline -0.002 -28"><span class='ocrx_word' id='word_1_142' title='bbox 867 3378 958 3468; x_wconf 88' lang='lat' dir='ltr'>loci,</span> <span class='ocrx_word' id='word_1_143' title='bbox 979 3394 1017 3455; x_wconf 90' lang='lat' dir='ltr'>et</span> <span class='ocrx_word' id='word_1_144' title='bbox 1035 3378 1074 3453; x_wconf 92' lang='lat' dir='ltr'>iu</span> <span class='ocrx_word' id='word_1_145' title='bbox 1094 3376 1192 3455; x_wconf 88' lang='lat' dir='ltr'>dicte</span> <span class='ocrx_word' id='word_1_146' title='bbox 1209 3376 1384 3453; x_wconf 87' lang='lat' dir='ltr'>Esdeline</span> <span class='ocrx_word' id='word_1_147' title='bbox 1399 3376 1676 3483; x_wconf 90' lang='lat' dir='ltr'>prejudicium:</span> <span class='ocrx_word' id='word_1_148' title='bbox 1697 3375 1796 3468; x_wconf 83' lang='lat' dir='ltr'>Quia</span> <span class='ocrx_word' id='word_1_149' title='bbox 1813 3375 1910 3452; x_wconf 88' lang='lat' dir='ltr'>dicta</span> <span class='ocrx_word' id='word_1_150' title='bbox 1927 3376 2104 3452; x_wconf 89' lang='lat' dir='ltr'>Esdelina</span> <span class='ocrx_word' id='word_1_151' title='bbox 2122 3376 2195 3453; x_wconf 87' lang='lat' dir='ltr'>hoc</span> <span class='ocrx_word' id='word_1_152' title='bbox 2211 3404 2289 3453; x_wconf 94' lang='lat' dir='ltr'>non</span> 
     </span>
     <span class='ocr_line' id='line_1_18' title="bbox 865 3505 2286 3616; baseline -0.004 -29"><span class='ocrx_word' id='word_1_153' title='bbox 865 3508 1053 3616; x_wconf 83' lang='lat' dir='ltr'>probavit,</span> <span class='ocrx_word' id='word_1_154' title='bbox 1076 3508 1192 3585; x_wconf 90' lang='lat' dir='ltr'>immo</span> <span class='ocrx_word' id='word_1_155' title='bbox 1213 3507 1442 3584; x_wconf 90' lang='lat' dir='ltr'>contrarium</span> <span class='ocrx_word' id='word_1_156' title='bbox 1458 3507 1646 3584; x_wconf 88' lang='lat' dir='ltr'>invenitur</span> <span class='ocrx_word' id='word_1_157' title='bbox 1660 3532 1740 3583; x_wconf 88' lang='lat' dir='ltr'>esse</span> <span class='ocrx_word' id='word_1_158' title='bbox 1759 3505 1981 3611; x_wconf 89' lang='lat' dir='ltr'>probatum,</span> <span class='ocrx_word' id='word_1_159' title='bbox 1997 3505 2121 3583; x_wconf 88' lang='lat' dir='ltr'>dictus</span> <span class='ocrx_word' id='word_1_160' title='bbox 2134 3505 2286 3595; x_wconf 86' lang='lat' dir='ltr'>Daniel,</span> 
     </span>
    </p>
   </div>
   <div class='ocr_carea' id='block_1_4' title="bbox 866 3634 2291 4133">
    <p class='ocr_par' dir='ltr' id='par_1_14' title="bbox 866 3634 1977 3746">
     <span class='ocr_line' id='line_1_19' title="bbox 866 3634 1977 3746; baseline -0.006 -28"><span class='ocrx_word' id='word_1_161' title='bbox 866 3668 935 3746; x_wconf 89' lang='lat' dir='ltr'>per</span> <span class='ocrx_word' id='word_1_162' title='bbox 956 3639 1058 3717; x_wconf 90' lang='lat' dir='ltr'>curie</span> <span class='ocrx_word' id='word_1_163' title='bbox 1072 3637 1279 3745; x_wconf 88' lang='lat' dir='ltr'>judicium,</span> <span class='ocrx_word' id='word_1_164' title='bbox 1301 3666 1415 3744; x_wconf 90' lang='lat' dir='ltr'>super</span> <span class='ocrx_word' id='word_1_165' title='bbox 1433 3636 1614 3744; x_wconf 83' lang='lat' dir='ltr'>predictis</span> <span class='ocrx_word' id='word_1_166' title='bbox 1633 3636 1753 3714; x_wconf 82' lang='lat' dir='ltr'>extitit</span> <span class='ocrx_word' id='word_1_167' title='bbox 1772 3634 1977 3713; x_wconf 86' lang='lat' dir='ltr'>absolutus.</span> 
     </span>
    </p>

    <p class='ocr_par' dir='ltr' id='par_1_15' title="bbox 866 3764 2291 4003">
     <span class='ocr_line' id='line_1_20' title="bbox 923 3764 2291 3875; baseline -0.003 -28"><span class='ocrx_word' id='word_1_168' title='bbox 923 3767 1161 3848; x_wconf 90' lang='lat' dir='ltr'>Presentibus</span> <span class='ocrx_word' id='word_1_169' title='bbox 1185 3768 1420 3846; x_wconf 90' lang='lat' dir='ltr'>thesaurario</span> <span class='ocrx_word' id='word_1_170' title='bbox 1444 3766 1720 3875; x_wconf 87' lang='lat' dir='ltr'>Audegavensi,</span> <span class='ocrx_word' id='word_1_171' title='bbox 1742 3767 1853 3845; x_wconf 92' lang='lat' dir='ltr'>Petro</span> <span class='ocrx_word' id='word_1_172' title='bbox 1874 3766 1922 3843; x_wconf 88' lang='lat' dir='ltr'>de</span> <span class='ocrx_word' id='word_1_173' title='bbox 1946 3764 2225 3857; x_wconf 86' lang='lat' dir='ltr'>Bella-Pertica,</span> <span class='ocrx_word' id='word_1_174' title='bbox 2252 3783 2291 3843; x_wconf 90' lang='lat' dir='ltr'>et</span> 
     </span>
     <span class='ocr_line' id='line_1_21' title="bbox 866 3898 1239 4003; baseline -0.005 -29"><span class='ocrx_word' id='word_1_175' title='bbox 866 3902 897 3975; x_wconf 88' lang='lat' dir='ltr'>J.</span> <span class='ocrx_word' id='word_1_176' title='bbox 919 3900 968 3977; x_wconf 91' lang='lat' dir='ltr'>de</span> <span class='ocrx_word' id='word_1_177' title='bbox 988 3898 1239 4003; x_wconf 87' lang='lat' dir='ltr'>Montignaco.</span> 
     </span>
    </p>

    <p class='ocr_par' dir='ltr' id='par_1_16' title="bbox 925 4025 2108 4133">
     <span class='ocr_line' id='line_1_22' title="bbox 925 4025 2108 4133; baseline -0.001 -29"><span class='ocrx_word' id='word_1_178' title='bbox 925 4025 1079 4104; x_wconf 87' lang='lat' dir='ltr'>Sabbati</span> <span class='ocrx_word' id='word_1_179' title='bbox 1100 4044 1185 4133; x_wconf 89' lang='lat' dir='ltr'>post</span> <span class='ocrx_word' id='word_1_180' title='bbox 1204 4029 1385 4106; x_wconf 87' lang='lat' dir='ltr'>Sanctum</span> <span class='ocrx_word' id='word_1_181' title='bbox 1402 4030 1559 4115; x_wconf 92' lang='lat' dir='ltr'>Lucam,</span> <span class='ocrx_word' id='word_1_182' title='bbox 1575 4054 1675 4106; x_wconf 87' lang='lat' dir='ltr'>anno</span> <span class='ocrx_word' id='word_1_183' title='bbox 1693 4026 1960 4105; x_wconf 89' lang='lat' dir='ltr'>trecentesimo</span> <span class='ocrx_word' id='word_1_184' title='bbox 1978 4027 2108 4105; x_wconf 89' lang='lat' dir='ltr'>tercio.</span> 
     </span>
    </p>
   </div>
   <div class='ocr_carea' id='block_1_5' title="bbox 862 4287 2291 5572">
    <p class='ocr_par' dir='ltr' id='par_1_17' title="bbox 862 4287 2291 5572">
     <span class='ocr_line' id='line_1_23' title="bbox 921 4287 2291 4396; baseline 0 -31"><span class='ocrx_word' id='word_1_185' title='bbox 921 4289 1031 4368; x_wconf 93' lang='lat' dir='ltr'>XVll.</span> <span class='ocrx_word' id='word_1_186' title='bbox 1064 4288 1163 4366; x_wconf 91' lang='lat' dir='ltr'>Cum</span> <span class='ocrx_word' id='word_1_187' title='bbox 1179 4288 1366 4367; x_wconf 86' lang='lat' dir='ltr'>Robertus</span> <span class='ocrx_word' id='word_1_188' title='bbox 1377 4290 1414 4368; x_wconf 92' lang='lat' dir='ltr'>lc</span> <span class='ocrx_word' id='word_1_189' title='bbox 1429 4288 1671 4378; x_wconf 89' lang='lat' dir='ltr'>Parmantier,</span> <span class='ocrx_word' id='word_1_190' title='bbox 1689 4287 1777 4365; x_wconf 86' lang='lat' dir='ltr'>civis</span> <span class='ocrx_word' id='word_1_191' title='bbox 1791 4287 2092 4379; x_wconf 76' lang='lat' dir='ltr'>silvanectensis,</span> <span class='ocrx_word' id='word_1_192' title='bbox 2107 4288 2174 4395; x_wconf 88' lang='lat' dir='ltr'>qui</span> <span class='ocrx_word' id='word_1_193' title='bbox 2190 4316 2291 4396; x_wconf 79' lang='lat' dir='ltr'>pays</span> 
     </span>
     <span class='ocr_line' id='line_1_24' title="bbox 867 4419 2288 4531; baseline 0.001 -36"><span class='ocrx_word' id='word_1_194' title='bbox 867 4446 998 4496; x_wconf 90' lang='lat' dir='ltr'>sonam</span> <span class='ocrx_word' id='word_1_195' title='bbox 1028 4419 1166 4498; x_wconf 84' lang='lat' dir='ltr'>foreste</span> <span class='ocrx_word' id='word_1_196' title='bbox 1188 4438 1320 4499; x_wconf 90' lang='lat' dir='ltr'>nostre</span> <span class='ocrx_word' id='word_1_197' title='bbox 1347 4421 1504 4531; x_wconf 84' lang='lat' dir='ltr'>Cuysie,</span> <span class='ocrx_word' id='word_1_198' title='bbox 1532 4420 1618 4497; x_wconf 88' lang='lat' dir='ltr'>anni</span> <span class='ocrx_word' id='word_1_199' title='bbox 1642 4419 1836 4497; x_wconf 90' lang='lat' dir='ltr'>millesimi</span> <span class='ocrx_word' id='word_1_200' title='bbox 1855 4420 2108 4497; x_wconf 87' lang='lat' dir='ltr'>trecentesimi</span> <span class='ocrx_word' id='word_1_201' title='bbox 2134 4422 2288 4499; x_wconf 88' lang='lat' dir='ltr'>secundi</span> 
     </span>
     <span class='ocr_line' id='line_1_25' title="bbox 866 4548 2291 4657; baseline 0 -33"><span class='ocrx_word' id='word_1_202' title='bbox 866 4548 1068 4626; x_wconf 89' lang='lat' dir='ltr'>novissime</span> <span class='ocrx_word' id='word_1_203' title='bbox 1082 4552 1270 4654; x_wconf 87' lang='lat' dir='ltr'>preteriti,</span> <span class='ocrx_word' id='word_1_204' title='bbox 1287 4578 1356 4657; x_wconf 91' lang='lat' dir='ltr'>pro</span> <span class='ocrx_word' id='word_1_205' title='bbox 1372 4566 1475 4629; x_wconf 89' lang='lat' dir='ltr'>certo</span> <span class='ocrx_word' id='word_1_206' title='bbox 1485 4550 1612 4657; x_wconf 88' lang='lat' dir='ltr'>precio</span> <span class='ocrx_word' id='word_1_207' title='bbox 1628 4549 1838 4657; x_wconf 81' lang='lat' dir='ltr'>agentibus</span> <span class='ocrx_word' id='word_1_208' title='bbox 1851 4550 1989 4629; x_wconf 88' lang='lat' dir='ltr'>nostris</span> <span class='ocrx_word' id='word_1_209' title='bbox 2008 4568 2164 4639; x_wconf 84' lang='lat' dir='ltr'>emerat,</span> <span class='ocrx_word' id='word_1_210' title='bbox 2180 4549 2291 4627; x_wconf 91' lang='lat' dir='ltr'>uobis</span> 
     </span>
     <span class='ocr_line' id='line_1_26' title="bbox 867 4678 2290 4789; baseline 0.001 -34"><span class='ocrx_word' id='word_1_211' title='bbox 867 4696 1095 4785; x_wconf 87' lang='lat' dir='ltr'>conquestus</span> <span class='ocrx_word' id='word_1_212' title='bbox 1109 4678 1240 4757; x_wconf 83' lang='lat' dir='ltr'>fuisset</span> <span class='ocrx_word' id='word_1_213' title='bbox 1255 4682 1356 4789; x_wconf 92' lang='lat' dir='ltr'>quod</span> <span class='ocrx_word' id='word_1_214' title='bbox 1373 4680 1469 4787; x_wconf 90' lang='lat' dir='ltr'>ipse,</span> <span class='ocrx_word' id='word_1_215' title='bbox 1486 4708 1554 4787; x_wconf 89' lang='lat' dir='ltr'>per</span> <span class='ocrx_word' id='word_1_216' title='bbox 1568 4682 1707 4759; x_wconf 86' lang='lat' dir='ltr'>factum</span> <span class='ocrx_word' id='word_1_217' title='bbox 1723 4680 1899 4789; x_wconf 85' lang='lat' dir='ltr'>gencium</span> <span class='ocrx_word' id='word_1_218' title='bbox 1913 4696 2142 4768; x_wconf 83' lang='lat' dir='ltr'>nostrarum,</span> <span class='ocrx_word' id='word_1_219' title='bbox 2159 4680 2197 4754; x_wconf 91' lang='lat' dir='ltr'>in</span> <span class='ocrx_word' id='word_1_220' title='bbox 2216 4679 2290 4756; x_wconf 89' lang='lat' dir='ltr'>hu·</span> 
     </span>
     <span class='ocr_line' id='line_1_27' title="bbox 862 4810 2291 4919; baseline -0.001 -33"><span class='ocrx_word' id='word_1_221' title='bbox 862 4810 1033 4917; x_wconf 89' lang='lat' dir='ltr'>jusmodi</span> <span class='ocrx_word' id='word_1_222' title='bbox 1058 4811 1383 4919; x_wconf 90' lang='lat' dir='ltr'>quamplurimum</span> <span class='ocrx_word' id='word_1_223' title='bbox 1411 4812 1697 4919; x_wconf 82' lang='lat' dir='ltr'>dampnificatus</span> <span class='ocrx_word' id='word_1_224' title='bbox 1720 4811 1860 4900; x_wconf 85' lang='lat' dir='ltr'>fuerat,</span> <span class='ocrx_word' id='word_1_225' title='bbox 1881 4838 1949 4916; x_wconf 90' lang='lat' dir='ltr'>pro</span> <span class='ocrx_word' id='word_1_226' title='bbox 1971 4836 2016 4886; x_wconf 88' lang='lat' dir='ltr'>eo</span> <span class='ocrx_word' id='word_1_227' title='bbox 2036 4810 2140 4916; x_wconf 84' lang='lat' dir='ltr'>quod</span> <span class='ocrx_word' id='word_1_228' title='bbox 2158 4825 2291 4917; x_wconf 84' lang='lat' dir='ltr'>gentes</span> 
     </span>
     <span class='ocr_line' id='line_1_28' title="bbox 867 4939 2289 5051; baseline -0.001 -36"><span class='ocrx_word' id='word_1_229' title='bbox 867 4957 994 5018; x_wconf 90' lang='lat' dir='ltr'>nostre</span> <span class='ocrx_word' id='word_1_230' title='bbox 1013 4940 1053 5017; x_wconf 93' lang='lat' dir='ltr'>in</span> <span class='ocrx_word' id='word_1_231' title='bbox 1075 4942 1172 5019; x_wconf 85' lang='lat' dir='ltr'>dicta</span> <span class='ocrx_word' id='word_1_232' title='bbox 1191 4970 1370 5051; x_wconf 85' lang='lat' dir='ltr'>payssona</span> <span class='ocrx_word' id='word_1_233' title='bbox 1388 4942 1523 5020; x_wconf 88' lang='lat' dir='ltr'>eodem</span> <span class='ocrx_word' id='word_1_234' title='bbox 1542 4960 1713 5049; x_wconf 86' lang='lat' dir='ltr'>tempore</span> <span class='ocrx_word' id='word_1_235' title='bbox 1731 4940 1919 5049; x_wconf 87' lang='lat' dir='ltr'>porcellos</span> <span class='ocrx_word' id='word_1_236' title='bbox 1933 4954 2082 5016; x_wconf 88' lang='lat' dir='ltr'>nostros</span> <span class='ocrx_word' id='word_1_237' title='bbox 2095 4939 2136 5016; x_wconf 89' lang='lat' dir='ltr'>in</span> <span class='ocrx_word' id='word_1_238' title='bbox 2152 4966 2289 5046; x_wconf 88' lang='lat' dir='ltr'>magno</span> 
     </span>
     <span class='ocr_line' id='line_1_29' title="bbox 866 5069 2289 5178; baseline 0.001 -33"><span class='ocrx_word' id='word_1_239' title='bbox 866 5096 1026 5148; x_wconf 87' lang='lat' dir='ltr'>numero</span> <span class='ocrx_word' id='word_1_240' title='bbox 1050 5092 1253 5178; x_wconf 89' lang='lat' dir='ltr'>posuerant</span> <span class='ocrx_word' id='word_1_241' title='bbox 1280 5092 1317 5152; x_wconf 90' lang='lat' dir='ltr'>et</span> <span class='ocrx_word' id='word_1_242' title='bbox 1340 5090 1540 5153; x_wconf 88' lang='lat' dir='ltr'>tenuerant</span> <span class='ocrx_word' id='word_1_243' title='bbox 1563 5092 1692 5153; x_wconf 88' lang='lat' dir='ltr'>contra</span> <span class='ocrx_word' id='word_1_244' title='bbox 1710 5071 1940 5150; x_wconf 87' lang='lat' dir='ltr'>voluntatem</span> <span class='ocrx_word' id='word_1_245' title='bbox 1965 5070 2099 5177; x_wconf 89' lang='lat' dir='ltr'>ipsius,</span> <span class='ocrx_word' id='word_1_246' title='bbox 2125 5069 2289 5176; x_wconf 90' lang='lat' dir='ltr'>ideoque</span> 
     </span>
     <span class='ocr_line' id='line_1_30' title="bbox 865 5201 2291 5313; baseline -0.002 -35"><span class='ocrx_word' id='word_1_247' title='bbox 865 5217 1011 5307; x_wconf 89' lang='lat' dir='ltr'>peteret</span> <span class='ocrx_word' id='word_1_248' title='bbox 1030 5203 1100 5281; x_wconf 90' lang='lat' dir='ltr'>sibi</span> <span class='ocrx_word' id='word_1_249' title='bbox 1122 5207 1301 5285; x_wconf 89' lang='lat' dir='ltr'>ressaisiri</span> <span class='ocrx_word' id='word_1_250' title='bbox 1323 5208 1484 5313; x_wconf 87' lang='lat' dir='ltr'>dampna</span> <span class='ocrx_word' id='word_1_251' title='bbox 1504 5234 1579 5313; x_wconf 91' lang='lat' dir='ltr'>que</span> <span class='ocrx_word' id='word_1_252' title='bbox 1598 5207 1695 5313; x_wconf 90' lang='lat' dir='ltr'>ipse,</span> <span class='ocrx_word' id='word_1_253' title='bbox 1715 5230 1786 5310; x_wconf 92' lang='lat' dir='ltr'>per</span> <span class='ocrx_word' id='word_1_254' title='bbox 1798 5202 1939 5281; x_wconf 86' lang='lat' dir='ltr'>factum</span> <span class='ocrx_word' id='word_1_255' title='bbox 1956 5201 2131 5307; x_wconf 86' lang='lat' dir='ltr'>gencium</span> <span class='ocrx_word' id='word_1_256' title='bbox 2145 5216 2291 5278; x_wconf 89' lang='lat' dir='ltr'>nostra·</span> 
     </span>
     <span class='ocr_line' id='line_1_31' title="bbox 867 5331 2290 5445; baseline -0.002 -37"><span class='ocrx_word' id='word_1_257' title='bbox 867 5360 971 5423; x_wconf 91' lang='lat' dir='ltr'>rum,</span> <span class='ocrx_word' id='word_1_258' title='bbox 990 5336 1217 5415; x_wconf 89' lang='lat' dir='ltr'>sustinuerat</span> <span class='ocrx_word' id='word_1_259' title='bbox 1234 5339 1273 5414; x_wconf 90' lang='lat' dir='ltr'>in</span> <span class='ocrx_word' id='word_1_260' title='bbox 1290 5337 1489 5445; x_wconf 87' lang='lat' dir='ltr'>predictis:</span> <span class='ocrx_word' id='word_1_261' title='bbox 1505 5338 1696 5428; x_wconf 90' lang='lat' dir='ltr'>Tandem,</span> <span class='ocrx_word' id='word_1_262' title='bbox 1713 5334 1788 5412; x_wconf 89' lang='lat' dir='ltr'>visa</span> <span class='ocrx_word' id='word_1_263' title='bbox 1801 5332 2072 5410; x_wconf 83' lang='lat' dir='ltr'>informacione</span> <span class='ocrx_word' id='word_1_264' title='bbox 2089 5359 2201 5439; x_wconf 89' lang='lat' dir='ltr'>super</span> <span class='ocrx_word' id='word_1_265' title='bbox 2216 5331 2290 5408; x_wconf 89' lang='lat' dir='ltr'>hoc</span> 
     </span>
     <span class='ocr_line' id='line_1_32' title="bbox 868 5459 2284 5572; baseline -0.001 -32"><span class='ocrx_word' id='word_1_266' title='bbox 868 5463 916 5541; x_wconf 87' lang='lat' dir='ltr'>dc</span> <span class='ocrx_word' id='word_1_267' title='bbox 943 5468 1116 5546; x_wconf 88' lang='lat' dir='ltr'>mandato</span> <span class='ocrx_word' id='word_1_268' title='bbox 1136 5484 1265 5547; x_wconf 80' lang='lat' dir='ltr'>nostro</span> <span class='ocrx_word' id='word_1_269' title='bbox 1284 5468 1393 5555; x_wconf 85' lang='lat' dir='ltr'>sacta,</span> <span class='ocrx_word' id='word_1_270' title='bbox 1414 5468 1490 5547; x_wconf 86' lang='lat' dir='ltr'>visa</span> <span class='ocrx_word' id='word_1_271' title='bbox 1510 5467 1629 5547; x_wconf 89' lang='lat' dir='ltr'>eciam</span> <span class='ocrx_word' id='word_1_272' title='bbox 1650 5464 1812 5572; x_wconf 75' lang='lat' dir='ltr'>qrradam</span> <span class='ocrx_word' id='word_1_273' title='bbox 1838 5463 1962 5541; x_wconf 89' lang='lat' dir='ltr'>littera</span> <span class='ocrx_word' id='word_1_274' title='bbox 1980 5459 2152 5542; x_wconf 80' lang='lat' dir='ltr'>Gaulridi</span> <span class='ocrx_word' id='word_1_275' title='bbox 2173 5462 2284 5541; x_wconf 88' lang='lat' dir='ltr'>Coca-</span> 
     </span>
    </p>
   </div>
   <div class='ocr_carea' id='block_1_6' title="bbox 0 0 2914 7285">
    <p class='ocr_par' dir='ltr' id='par_1_18' title="bbox 0 0 2914 7285">
     <span class='ocr_line' id='line_1_33' title="bbox 0 0 2914 7285; baseline 0 0"><span class='ocrx_word' id='word_1_276' title='bbox 0 0 2914 7285; x_wconf 95' lang='lat' dir='ltr'> </span> 
     </span>
    </p>
   </div>
  </div>
 </body>
</html>
