5817 7292
1084 1111 1351 1216 ananrns
1377 1127 1442 1199 nr
1471 1107 1672 1200 rnocbs.
2045 1135 2086 1203 11

672 1284 796 1344 nostre
812 1265 1019 1374 judicium,
1041 1269 1330 1374 pronunciatum
1350 1267 1495 1344 dictum
1511 1284 1671 1344 castrum
1687 1295 1708 1344 a
1726 1267 1853 1359 nobis,
1871 1272 1919 1347 ad
1934 1299 2092 1351 consue-
2126 1273 2256 1340 Pinara
2270 1287 2313 1350 tv,

671 1397 847 1474 tudinem
867 1399 1021 1474 Francia
1043 1398 1138 1475 circa
1156 1397 1334 1488 Parisius,
1362 1397 1501 1475 debere
1526 1397 1668 1489 teneri,
1694 1415 1733 1474 et
1752 1397 1839 1475 ideo
1865 1400 2004 1478 dehere
2029 1433 2091 1481 no·
2189 1377 2251 1420 Μ’

671 1527 745 1615 bis,
770 1556 838 1634 pro
863 1527 947 1635 ipso
966 1546 1101 1618 castre,
1127 1531 1323 1606 rechatum
1344 1545 1382 1606 et
1396 1529 1484 1636 jura
1507 1527 1596 1618 alia,
1619 1528 1828 1606 secundum
1849 1535 2092 1610 consuetudi-

671 1685 737 1734 nes
760 1659 913 1736 Francia
942 1660 1149 1767 predictas,
1182 1661 1398 1767 quocirca,
1427 1660 1651 1737 mandamus
1677 1659 1784 1738 vohis
1809 1677 1996 1767 quatenus
2024 1691 2093 1769 pro

672 1787 771 1865 dioto
790 1805 910 1866 castro
931 1789 1060 1867 levetis
1078 1816 1148 1898 pro
1163 1790 1274 1868 nobis
1298 1789 1441 1867 dictum
1463 1790 1676 1881 rechatum,
1699 1819 1847 1868 necnon
1867 1792 1938 1868 alia
1951 1792 2039 1900 jura
2057 1811 2095 1871 et

633 1913 639 1922 ’
672 1917 820 1996 deveria
842 1945 911 2025 pro
939 1921 1020 2025 ipso
1045 1938 1164 1998 castro
1193 1921 1304 1999 nobis
1331 1922 1476 2009 debita,
1501 1922 1641 2000 tamin
1664 1921 1848 2000 fructibus
1874 1951 1989 2031 quam
2013 1925 2094 2002 aliis

672 2049 930 2137 consistencia,
951 2079 1021 2156 pro
1039 2050 1178 2158 quibus
1197 2051 1352 2157 prestita
1372 2050 1445 2127 luit
1469 2051 1599 2128 caucin
1625 2052 1853 2156 supradicta,
1883 2055 2092 2131 secundum

669 2178 775 2283 quod
790 2177 836 2254 de
856 2179 1128 2256 consuetudine
1147 2180 1315 2286 predicta
1334 2182 1363 2256 F
1366 2181 1491 2257 rancie
1507 2179 1622 2257 luerit
1641 2180 1855 2302 laciendum
1872 2183 1935 2288 (a).

724 2440 833 2520 XVII.
863 2440 950 2520 Visa
980 2440 1152 2548 inquesta
1176 2441 1271 2518 lacta
1295 2469 1415 2548 super
1438 2443 1667 2549 quibusdam
1693 2444 1904 2524 excessibus
1932 2448 2094 2524 servien-

669 2571 770 2648 tibus
788 2571 898 2677 Regis
915 2589 953 2650 et
971 2573 1108 2678 prioris
1122 2573 1169 2650 de
1186 2571 1355 2682 Aurecyo
1377 2572 1573 2682 gentibus,
1593 2574 1661 2680 qui
1679 2591 1736 2651 est
1751 2575 1799 2652 de
1816 2575 1928 2682 garda
1943 2578 2093 2682 speciali

670 2702 797 2808 Regis,
820 2729 888 2806 per
905 2701 1125 2780 Girbertum
1141 2703 1188 2780 de
1204 2703 1442 2810 Soleingnac,
1465 2704 1665 2781 dominum
1686 2705 1734 2780 de
1747 2702 1935 2812 Aurecy0,
1952 2725 1991 2784 et
2012 2708 2094 2813 ejus

669 2849 801 2938 gentes
826 2832 966 2908 illatis:
993 2835 1065 2910 Per
1086 2835 1273 2941 judicium
1300 2833 1403 2909 curie
1425 2836 1721 2939 condempnatus
1740 2835 1813 2911 fuit
1836 2834 1940 2911 idem
1959 2835 2003 2913 G.
2027 2837 2095 2912 do·

671 2962 776 3038 mino
795 2963 886 3070 Regi
912 2963 951 3038 in
970 2963 1151 3041 sexcentis
1170 2963 1276 3041 libris
1291 2963 1601 3052 Turonensibus,
1623 2993 1693 3071 pro
1714 2963 1884 3042 emenda.

726 3217 849 3300 XVIII.
880 3224 978 3300 Cum
1002 3224 1101 3300 inter
1119 3224 1295 3302 homines
1314 3225 1527 3301 habitantes
1545 3224 1645 3330 apud
1660 3225 1801 3312 Leure,
1821 3253 1866 3301 ex
1880 3253 1954 3301 una
1971 3244 2092 3331 parte,

669 3371 707 3431 et
736 3353 909 3430 homines
939 3354 1150 3432 habitantes
1179 3355 1280 3460 apud
1310 3356 1506 3444 Harefleu,
1535 3383 1579 3430 ex
1609 3354 1741 3446 altera,
1773 3355 1968 3433 contencio
1999 3374 2096 3435 esset

669 3502 770 3562 mota
785 3513 899 3590 super
917 3511 963 3561 eo
983 3486 1088 3591 quod
1108 3485 1197 3562 dicti
1218 3485 1430 3564 habitantes
1450 3487 1498 3562 de
1518 3487 1641 3562 heure
1657 3483 1871 3562 asserebant
1885 3485 2005 3564 dictos
2024 3488 2096 3566 ho-

669 3616 789 3694 mines
809 3616 857 3692 de
878 3615 1053 3694 Harefleu
1073 3618 1122 3693 de
1137 3643 1234 3693 novo
1251 3615 1450 3722 quamdam
1465 3616 1704 3723 trancheyam
1720 3613 1869 3703 fecisse,
1886 3616 2095 3695 scindendo

667 3755 801 3834 terr'as,
819 3747 867 3824 ab
880 3745 1023 3825 habulo
1039 3776 1107 3825 suo
1125 3746 1173 3824 de
1194 3749 1448 3852 Laurensque
1468 3746 1516 3823 ad
1531 3775 1683 3824 cursum
1700 3749 1863 3832 Secane,
1885 3763 1923 3822 et
1936 3775 2004 3853 per
2018 3748 2096 3824 dic-

669 3894 746 3958 tam
776 3877 1015 3984 trancheyam
1051 3875 1227 3954 ducendo
1264 3903 1399 3982 aquam
1429 3875 1582 3954 dulcem
1612 3877 1745 3953 riveria
1776 3876 1961 3954 currentis
1993 3878 2094 3983 apud

671 4003 863 4094 Heroden,
889 4036 971 4084 eam
989 4035 1110 4114 usque
1124 4007 1173 4082 ad
1188 4006 1366 4086 Secanam
1383 4004 1605 4113 dirigendo,
1623 4025 1661 4085 et
1673 4007 1871 4110 antiquum
1887 4035 1929 4082 ac
1944 4024 2093 4083 natura-

670 4135 747 4212 Iern
770 4163 921 4212 cursum
942 4134 1041 4213 dicte
1063 4135 1184 4214 dulcis
1202 4165 1298 4243 aque
1318 4163 1434 4240 quem
1453 4134 1594 4212 habere
1613 4133 1759 4214 solebat
1772 4132 1821 4210 ad
1839 4150 2003 4220 crotum,
2026 4163 2093 4211 seu

671 4265 857 4345 bubulum
873 4265 921 4341 de
937 4268 1077 4352 Laura,
1092 4265 1260 4342 totaliter
1274 4264 1491 4350 avertendo,
1514 4265 1555 4338 in
1571 4263 1661 4340 dieti
1676 4261 1808 4338 habuli
1823 4261 2093 4340 detrimentum

672 4415 709 4475 et
734 4396 933 4474 hominum
963 4395 1219 4473 hahitancium
1249 4397 1288 4472 in
1317 4395 1416 4472 dicta
1440 4393 1525 4470 villa
1554 4393 1602 4470 de
1626 4395 1748 4471 Lenre
1776 4392 2027 4499 prejudicium
2055 4414 2093 4472 et

671 4555 885 4634 gravamem
910 4543 1082 4634 petentes
1111 4553 1179 4632 per
1200 4553 1271 4604 nos
1296 4525 1534 4633 pronunciari
1560 4524 1699 4602 dictam
1726 4523 1964 4630 trancheyam
1987 4553 2092 4603 amo-

670 4659 745 4736 veri
763 4658 921 4746 debere,
940 4657 1051 4734 dictis
1067 4657 1288 4737 horninibus
1307 4658 1354 4734 de
1369 4657 1544 4734 Harelleu
1559 4656 1790 4734 contrarium
1808 4654 2036 4748 dicentibus,
2056 4677 2093 4734 et

671 4789 925 4866 asserentibus
951 4816 990 4864 se
1012 4791 1059 4866 de
1076 4790 1163 4897 jure
1184 4789 1321 4867 dictam
1341 4788 1579 4895 trancheyam
1603 4812 1712 4892 posse
1732 4785 1877 4872 iecisse,
1898 4802 1937 4862 et
1952 4816 2035 4863 eam
2055 4787 2092 4864 in

671 4937 770 4997 statu
789 4920 829 4995 in
846 4949 924 5026 quo
942 4937 998 4998 est
1011 4946 1206 4998 remanere
1224 4919 1384 4998 deberet
1404 4918 1599 5005 Tandem,
1620 4917 1697 4996 visa
1715 4916 1903 5022 inquesta,
1923 4916 1970 4994 de
1989 4947 2094 4995 man-

671 5049 758 5128 dato
780 5052 955 5158 gencium
976 5070 1189 5130 nostrarum
1209 5068 1303 5128 tunc
1323 5049 1527 5128 scacarium
1543 5045 1842 5154 Rothomagense
1858 5049 2090 5141 tenencium,

670 5208 783 5287 super
797 5181 870 5259 hoc
890 5180 1002 5271 sacta,
1029 5180 1244 5258 racionibus
1266 5199 1303 5258 et
1326 5180 1445 5257 causis
1464 5178 1663 5285 utriusque
1680 5175 1796 5282 partis
1816 5174 2016 5282 diligenter
2030 5210 2094 5256 au-

672 5309 759 5387 ditis
782 5327 820 5388 et
841 5291 1075 5404 examinatis,
1098 5311 1186 5418 quia
1205 5311 1401 5387 inventum
1421 5307 1493 5385 luit
1511 5306 1617 5414 quod
1636 5304 1734 5382 dicta
1755 5302 1877 5380 dulcis
1895 5333 2008 5410 aqua,
2034 5337 2093 5384 se-

672 5439 839 5518 cundum
850 5443 1048 5549 antiquum
1060 5461 1097 5520 et
1109 5443 1318 5521 naturalem
1330 5442 1411 5550 ejus
1419 5437 1722 5524 cursum,.fluere
1731 5433 1877 5512 solebat
1888 5434 1937 5510 ad
1950 5435 2091 5513 dictum

1937 5608 1965 5646 2.
