5817 7292
807 1132 811 1139 ⁴
907 1040 981 1113 672
1481 1038 1571 1109 tus
1601 1036 1744 1110 ortu.

680 1190 809 1244 pirrum
823 1187 866 1250 IV·
961 1179 1103 1257 XXXV.
1134 1175 1315 1265 Amaldo‚
1338 1177 1553 1255 vicecomite
1571 1176 1792 1285 Poligniaci‚
1816 1191 1854 1253 et
1871 1177 2079 1254 Bertrando
2099 1176 2147 1255 de
2170 1179 2324 1256 Sancto-

742 1280 804 1323 1³11.

907 1311 1036 1401 lterio‚
1055 1308 1255 1400 militibus,
1273 1309 1312 1383 in
1327 1306 1531 1386 Castelleto
1551 1307 1747 1385 Parisiensi
1765 1306 1954 1393 adductis,
1972 1334 2043 1412 pro
2066 1308 2233 1414 eoquod
2254 1308 2324 1414 ipsi

905 1443 1064 1519 invicem
1082 1440 1154 1516 nisi
1167 1438 1320 1516 luerunt
1334 1467 1372 1514 se
1390 1437 1579 1515 debellare
1597 1453 1635 1515 et
1650 1436 1779 1544 plures
1798 1464 1999 1513 convocare
2020 1454 2059 1513 et
2077 1436 2198 1514 facere
2214 1437 2328 1513 calva·

906 1590 1023 1662 cates,
1043 1588 1172 1649 contra
1192 1586 1335 1646 nostras
1355 1570 1635 1675 prohibiciones
1652 1586 1794 1645 temere
1813 1567 2026 1659 venientes,
2049 1595 2119 1645 nos
2138 1568 2328 1645 mandavi-

905 1731 991 1779 mus
1009 1701 1148 1808 inquiri
1167 1702 1360 1778 veritatem
1381 1700 1428 1777 de
1444 1700 1526 1777 aliis
1546 1699 1723 1777 omuibus
1735 1698 1800 1805 qui
1815 1698 1925 1775 dictis
1939 1696 2127 1775 calvacatis
2146 1696 2328 1777 interlue-
2381 1688 2392 1697 ’

905 1850 993 1910 runt
1008 1849 1045 1909 et
1055 1860 1156 1908 arma
1168 1847 1425 1936 portaverunt,
1438 1847 1477 1907 et
1495 1830 1704 1936 inquestam
1717 1856 1830 1934 super
1846 1828 1918 1905 biis
1932 1828 2065 1905 factam
2082 1828 2187 1906 curie
2201 1846 2327 1907 nostre

907 1962 1048 2039 remitti
1059 1961 1303 2068 judicandam
1322 1990 1331 2034 ε
1350 1960 1457 2039 Dicta
1475 1960 1590 2067 igitur
1606 1961 1778 2065 inquesta
1793 1958 1898 2035 curie
1915 1975 2041 2035 nostre
2061 1959 2233 2049 remissa,
2253 1962 2326 2037 visa

908 2121 949 2169 ac
968 2076 1174 2201 diligenter
1189 2092 1370 2196 inspecta,
1390 2118 1458 2196 per
1473 2090 1572 2167 dicte
1592 2090 1695 2167 curie
1717 2105 1843 2165 nostre
1863 2088 2070 2197 judicium,
2093 2087 2235 2165 dictum
2255 2089 2326 2167 luit

908 2223 1012 2330 quod
1033 2223 1132 2300 dicta
1152 2222 1322 2327 inquesta
1342 2220 1390 2297 ad
1404 2248 1557 2326 presens
1570 2247 1647 2295 non
1662 2217 1907 2325 judicabitur,
1928 2233 2082 2323 propter
2100 2218 2242 2324 aliquos
2262 2220 2324 2295 de

908 2353 1027 2431 lectus
1042 2351 1081 2427 in
1098 2379 1140 2426 ea
1154 2366 1336 2455 repertos,
1354 2347 1421 2425 sed
1441 2349 1697 2425 committetur
1716 2348 1827 2425 certis
1841 2346 2080 2425 auditoribus
2090 2347 2322 2455 complenda.

907 2482 1006 2560 Dicti
1027 2510 1114 2559 vero
1136 2477 1304 2556 delectus
1319 2496 1407 2555 sunt
1421 2478 1515 2556 tales
1537 2510 1545 2554 :

964 2614 1044 2691 Non
1066 2627 1219 2717 apparet
1240 2608 1345 2717 quod
1365 2608 1422 2685 illi
1442 2610 1509 2714 qui
1534 2609 1718 2686 nominati
1738 2608 1885 2687 suntin
1905 2608 2003 2686 dicta
2025 2610 2197 2717 inquesta
2215 2627 2253 2687 et
2270 2609 2328 2687 di-

909 2752 1043 2819 cuntur
1072 2740 1186 2817 luisse
1209 2768 1278 2845 pro
1309 2756 1413 2846 parte
1442 2739 1532 2815 dicti
1551 2738 1764 2833 Bertrandi‚
1789 2738 1820 2817 si
1845 2737 2000 2816 fuerunt
2019 2739 2166 2846 equites
2189 2739 2248 2817 vel
2265 2769 2330 2845 pe-

911 2872 1007 2951 dites
1027 2889 1065 2948 et
1082 2899 1157 2978 que
1171 2899 1271 2947 arma
1288 2870 1357 2975 ipsi
1379 2887 1639 2977 portaveruntz
1662 2870 1754 2946 item
1779 2870 1811 2947 si
1836 2885 1925 2948 sunt
1941 2869 2074 2946 divites
2093 2869 2152 2946 vel
2169 2899 2266 2961 nou,
2287 2890 2329 2948 ut

908 3020 1125 3109 competens
1144 3001 1302 3078 emenda
1327 3017 1455 3078 contra
1474 3028 1539 3078 eos
1562 3000 1679 3107 possit
1696 3001 1826 3090 taxari,
1847 3001 1937 3107 quia
1955 3000 2097 3077 suntin
2112 3028 2220 3078 causa
2238 3030 2330 3088 eon-

909 3131 1210 3239 dempnacionis3
1238 3158 1307 3208 nec
1319 3149 1471 3237 apparet
1486 3131 1707 3237 inquisitum
1723 3158 1803 3207 esse
1817 3147 1946 3208 contra
1966 3129 2052 3208 illos
2065 3131 2131 3236 qui
2144 3159 2212 3236 pro
2221 3150 2328 3237 parte

910 3262 1000 3339 dicti
1020 3261 1249 3338 vicecomitis
1268 3259 1381 3338 fuisse
1398 3260 1576 3338 dicuntur
1595 3260 1751 3337 ibidem.

964 3390 1119 3471 Veneris
1137 3407 1222 3496 post
1235 3390 1471 3466 Trinitatem.

965 3522 1128 3628 Mangon
1149 3521 1362 3626 reportavit.

962 3652 1047 3729 -Non
1068 3666 1125 3727 est
1143 3648 1236 3728 lacta
1249 3651 1463 3765 commissio
1482 3658 1505 3727 ¹.

965 3902 1123 3993 XXXVI.
1154 3912 1252 3995 Cum
1278 3912 1501 3991 mandatum
1527 3913 1674 4006 luisset,
1699 3947 1742 3993 ex
1768 3936 1874 4024 parte
1898 3924 2041 4007 nostra,
2067 3918 2204 3996 ballivo
2220 3921 2332 3998 Viro—

911 4043 1107 4121 mandensi
1128 4060 1186 4134 ut,
1209 4072 1321 4151 super
1341 4044 1451 4121 certis
1471 4045 1638 4124 articulis
1657 4076 1725 4152 per
1742 4048 1946 4127 Girardum
1963 4049 2012 4126 de
2031 4049 2147 4129 Marla
2162 4049 2329 4140 traditis,

911 4191 949 4251 et
963 4172 1035 4249 sub
1056 4174 1307 4282 contrasigillo
1335 4191 1465 4252 nostro
1487 4174 1613 4253 eidem
1632 4176 1769 4255 ballivo
1793 4179 1915 4257 missis
1934 4179 1982 4256 ad
2002 4180 2119 4257 finem
2136 4179 2331 4259 anullandi

910 4303 1295 4412 condempnacionem
1312 4323 1440 4384 contra
1461 4305 1605 4383 dictum
1621 4283 1825 4385 Girardum
1845 4309 1978 4387 lactum
1997 4339 2066 4417 per
2088 4312 2333 4417 inquisitores

909 4462 930 4511 a
953 4434 1062 4513 nobis
1082 4436 1121 4511 in
1143 4435 1291 4513 ballivis
1309 4436 1478 4542 predicta
1496 4437 1710 4544 deputatos,
1730 4441 1868 4517 vocatis
1885 4442 2102 4530 evocandis,
2122 4442 2333 4547 inquireret

911 4592 996 4642 cum
1016 4566 1213 4674 diligencia
1227 4566 1420 4644 veritatem
1435 4582 1451 4657 ,'
1467 4585 1504 4643 et
1523 4567 1732 4676 inquestam
1753 4598 1866 4676 super
1885 4572 1958 4648 hoc
1973 4570 2106 4649 factam
2122 4572 2225 4648 curie
2243 4599 2331 4648 nos-

909 4710 966 4773 tre
995 4697 1204 4775 remitteret
1222 4696 1465 4803 judicandam
1488 4728 1496 4771 :
1523 4700 1633 4776 Facta
1658 4728 1771 4806 super
1799 4702 1871 4779 hoc
1900 4702 2072 4808 inquesta
2096 4718 2134 4779 et
2160 4702 2208 4778 ad
2225 4700 2330 4807 judi-

911 4824 1073 4901 candum
1099 4841 1225 4903 nostre
1250 4827 1354 4904 curie
1379 4845 1583 4935 reportata,
1610 4829 1684 4907 visa
1708 4847 1747 4906 et
1772 4830 1969 4940 diligenter
1999 4832 2217 4933 examinata,
2238 4828 2331 4935 quia

911 4954 986 5031 nob
1008 4970 1064 5031 est
1082 4953 1224 5032 ibidem
1242 4954 1436 5034 inventum
1451 4976 1733 5063 procuratorem
1753 4978 1924 5039 nostrum
1939 4961 1997 5040 vel
2017 4962 2134 5040 alium
2149 4962 2332 5039 idoneum
2419 4945 2425 4956 ⁵

911 5082 1168 5173 defensorem,
1185 5112 1254 5190 pro
1276 5085 1402 5176 nobis,
1422 5088 1533 5165 ineis
1551 5116 1625 5195 que
1645 5119 1715 5168 uos
1730 5108 1903 5200 tangtmt,
1925 5120 1995 5171 nec
2014 5094 2107 5173 alios
2125 5091 2335 5172 evocandos

893 5212 959 5290 'ad
983 5211 1121 5291 dictam
1149 5213 1360 5320 inquestam
1384 5213 1594 5295 faciendam
1614 5218 1729 5299 fuisse
1755 5239 1918 5311 vocatos,
1944 5222 2032 5301 licet
2057 5253 2126 5302 nos
2148 5240 2187 5301 et
2203 5222 2335 5329 plures

957 5388 965 5417 ¹
991 5388 1065 5449 blais
1081 5408 1120 5451 on
1137 5387 1173 5451 lit
1187 5408 1225 5451 en
1239 5408 1341 5472 merge
1354 5411 1362 5450 ε
1378 5388 1445 5451 Fiat
1459 5392 1614 5453 commissio.
