<?xml version="1.0" encoding="UTF-8"?>
<!DOCTYPE html PUBLIC "-//W3C//DTD XHTML 1.0 Transitional//EN"
    "http://www.w3.org/TR/xhtml1/DTD/xhtml1-transitional.dtd">
<html xmlns="http://www.w3.org/1999/xhtml" xml:lang="en" lang="en">
 <head>
  <title>
</title>
<meta http-equiv="Content-Type" content="text/html;charset=utf-8" />
  <meta name='ocr-system' content='tesseract 3.04.00' />
  <meta name='ocr-capabilities' content='ocr_page ocr_carea ocr_par ocr_line ocrx_word'/>
</head>
<body>
  <div class='ocr_page' id='page_1' title='image "./lesolimouregist00pargoog_0223.png"; bbox 0 0 5817 7292; ppageno 0'>
   <div class='ocr_carea' id='block_1_1' title="bbox 1050 1130 2061 1239">
    <p class='ocr_par' dir='ltr' id='par_1_1' title="bbox 1050 1130 2061 1239">
     <span class='ocr_line' id='line_1_1' title="bbox 1050 1130 2061 1239; baseline 0.005 -18"><span class='ocrx_word' id='word_1_1' title='bbox 1050 1130 1320 1239; x_wconf 76' lang='lat' dir='ltr'><strong>sacoaras</strong></span> <span class='ocrx_word' id='word_1_2' title='bbox 1346 1151 1410 1222; x_wconf 77' lang='lat' dir='ltr'><strong>aa</strong></span> <span class='ocrx_word' id='word_1_3' title='bbox 1436 1132 1646 1226; x_wconf 76' lang='lat' dir='ltr'><strong>aeonas.</strong></span> <span class='ocrx_word' id='word_1_4' title='bbox 1990 1154 2061 1226; x_wconf 80' lang='lat' dir='ltr'><strong>aas</strong></span> 
     </span>
    </p>
   </div>
   <div class='ocr_carea' id='block_1_2' title="bbox 631 1283 2286 3857">
    <p class='ocr_par' dir='ltr' id='par_1_2' title="bbox 631 1283 2286 3857">
     <span class='ocr_line' id='line_1_2' title="bbox 636 1283 2286 1400; baseline 0.005 -39"><span class='ocrx_word' id='word_1_5' title='bbox 636 1283 737 1363; x_wconf 87' lang='lat' dir='ltr'><strong>bona</strong></span> <span class='ocrx_word' id='word_1_6' title='bbox 755 1303 879 1392; x_wconf 85' lang='lat' dir='ltr'><strong>potest</strong></span> <span class='ocrx_word' id='word_1_7' title='bbox 899 1286 1097 1367; x_wconf 90' lang='lat' dir='ltr'><strong>efficaciter</strong></span> <span class='ocrx_word' id='word_1_8' title='bbox 1124 1290 1311 1399; x_wconf 80' lang='lat' dir='ltr'><strong>obligare3</strong></span> <span class='ocrx_word' id='word_1_9' title='bbox 1340 1291 1504 1400; x_wconf 92' lang='lat' dir='ltr'><strong>ideoque</strong></span> <span class='ocrx_word' id='word_1_10' title='bbox 1527 1310 1677 1400; x_wconf 85' lang='lat' dir='ltr'><strong>peteret</strong></span> <span class='ocrx_word' id='word_1_11' title='bbox 1697 1292 1817 1370; x_wconf 90' lang='lat' dir='ltr'><strong>dictos</strong></span> <span class='ocrx_word' id='word_1_12' title='bbox 1835 1311 2062 1373; x_wconf 78' lang='lat' dir='ltr'><strong>mercatores</strong></span> <span class='ocrx_word' id='word_1_13' title='bbox 2100 1302 2286 1370; x_wconf 58' lang='lat' dir='ltr'><strong>sarrinia,</strong></span> 
     </span>
     <span class='ocr_line' id='line_1_3' title="bbox 637 1394 2228 1530; baseline 0.006 -38"><span class='ocrx_word' id='word_1_14' title='bbox 637 1415 824 1495; x_wconf 85' lang='lat' dir='ltr'><strong>societatis</strong></span> <span class='ocrx_word' id='word_1_15' title='bbox 850 1420 1047 1498; x_wconf 89' lang='lat' dir='ltr'><strong>Mozorum</strong></span> <span class='ocrx_word' id='word_1_16' title='bbox 1067 1437 1105 1497; x_wconf 90' lang='lat' dir='ltr'><strong>et</strong></span> <span class='ocrx_word' id='word_1_17' title='bbox 1128 1447 1261 1499; x_wconf 90' lang='lat' dir='ltr'><strong>eorum</strong></span> <span class='ocrx_word' id='word_1_18' title='bbox 1285 1440 1569 1528; x_wconf 85' lang='lat' dir='ltr'><strong>procuratorem</strong></span> <span class='ocrx_word' id='word_1_19' title='bbox 1594 1422 1766 1530; x_wconf 92' lang='lat' dir='ltr'><strong>predicto</strong></span> <span class='ocrx_word' id='word_1_20' title='bbox 1786 1424 1940 1501; x_wconf 90' lang='lat' dir='ltr'><strong>nomine</strong></span> <span class='ocrx_word' id='word_1_21' title='bbox 1959 1454 2063 1521; x_wconf 86' lang='lat' dir='ltr'><strong>com·</strong></span> <span class='ocrx_word' id='word_1_22' title='bbox 2164 1394 2228 1439; x_wconf 54' lang='grc' dir='ltr'><strong>Μ’</strong></span> 
     </span>
     <span class='ocr_line' id='line_1_4' title="bbox 636 1545 2061 1659; baseline 0.006 -36"><span class='ocrx_word' id='word_1_23' title='bbox 636 1545 728 1651; x_wconf 92' lang='lat' dir='ltr'><strong>pelli</strong></span> <span class='ocrx_word' id='word_1_24' title='bbox 749 1548 797 1625; x_wconf 91' lang='lat' dir='ltr'><strong>ad</strong></span> <span class='ocrx_word' id='word_1_25' title='bbox 816 1549 1055 1627; x_wconf 91' lang='lat' dir='ltr'><strong>reddendum</strong></span> <span class='ocrx_word' id='word_1_26' title='bbox 1077 1568 1114 1629; x_wconf 90' lang='lat' dir='ltr'><strong>et</strong></span> <span class='ocrx_word' id='word_1_27' title='bbox 1132 1554 1394 1659; x_wconf 89' lang='lat' dir='ltr'><strong>reponendum</strong></span> <span class='ocrx_word' id='word_1_28' title='bbox 1410 1555 1448 1630; x_wconf 95' lang='lat' dir='ltr'><strong>in</strong></span> <span class='ocrx_word' id='word_1_29' title='bbox 1464 1583 1579 1633; x_wconf 91' lang='lat' dir='ltr'><strong>manu</strong></span> <span class='ocrx_word' id='word_1_30' title='bbox 1598 1554 1696 1632; x_wconf 88' lang='lat' dir='ltr'><strong>dicte</strong></span> <span class='ocrx_word' id='word_1_31' title='bbox 1713 1553 1897 1634; x_wconf 72' lang='lat' dir='ltr'><strong>consortis</strong></span> <span class='ocrx_word' id='word_1_32' title='bbox 1916 1572 2061 1648; x_wconf 89' lang='lat' dir='ltr'><strong>nostre,</strong></span> 
     </span>
     <span class='ocr_line' id='line_1_5' title="bbox 635 1678 2063 1791; baseline 0.006 -38"><span class='ocrx_word' id='word_1_33' title='bbox 635 1678 806 1783; x_wconf 90' lang='lat' dir='ltr'><strong>predicto</strong></span> <span class='ocrx_word' id='word_1_34' title='bbox 826 1680 982 1757; x_wconf 91' lang='lat' dir='ltr'><strong>nomine</strong></span> <span class='ocrx_word' id='word_1_35' title='bbox 1003 1682 1217 1761; x_wconf 82' lang='lat' dir='ltr'><strong>executorio</strong></span> <span class='ocrx_word' id='word_1_36' title='bbox 1238 1683 1337 1763; x_wconf 89' lang='lat' dir='ltr'><strong>dicte</strong></span> <span class='ocrx_word' id='word_1_37' title='bbox 1360 1686 1490 1763; x_wconf 88' lang='lat' dir='ltr'><strong>matris</strong></span> <span class='ocrx_word' id='word_1_38' title='bbox 1514 1714 1598 1777; x_wconf 88' lang='lat' dir='ltr'><strong>sue,</strong></span> <span class='ocrx_word' id='word_1_39' title='bbox 1621 1684 1742 1763; x_wconf 90' lang='lat' dir='ltr'><strong>dictos</strong></span> <span class='ocrx_word' id='word_1_40' title='bbox 1767 1709 1886 1791; x_wconf 71' lang='lat' dir='ltr'><strong>capros</strong></span> <span class='ocrx_word' id='word_1_41' title='bbox 1905 1684 1945 1760; x_wconf 91' lang='lat' dir='ltr'><strong>in</strong></span> <span class='ocrx_word' id='word_1_42' title='bbox 1966 1701 2063 1762; x_wconf 91' lang='lat' dir='ltr'><strong>statu</strong></span> 
     </span>
     <span class='ocr_line' id='line_1_6' title="bbox 635 1790 2064 1922; baseline 0.007 -38"><span class='ocrx_word' id='word_1_43' title='bbox 635 1807 824 1913; x_wconf 89' lang='lat' dir='ltr'><strong>predicto,</strong></span> <span class='ocrx_word' id='word_1_44' title='bbox 847 1790 916 1887; x_wconf 83' lang='lat' dir='ltr'><strong>aut¹</strong></span> <span class='ocrx_word' id='word_1_45' title='bbox 932 1840 1118 1889; x_wconf 89' lang='lat' dir='ltr'><strong>summam</strong></span> <span class='ocrx_word' id='word_1_46' title='bbox 1135 1816 1296 1919; x_wconf 85' lang='lat' dir='ltr'>pecunie</span> <span class='ocrx_word' id='word_1_47' title='bbox 1316 1816 1588 1922; x_wconf 78' lang='lat' dir='ltr'><strong>supradictam3</strong></span> <span class='ocrx_word' id='word_1_48' title='bbox 1604 1832 1642 1892; x_wconf 84' lang='lat' dir='ltr'><strong>et</strong></span> <span class='ocrx_word' id='word_1_49' title='bbox 1661 1844 1682 1893; x_wconf 90' lang='lat' dir='ltr'><strong>e</strong></span> <span class='ocrx_word' id='word_1_50' title='bbox 1703 1814 1939 1892; x_wconf 84' lang='lat' dir='ltr'><strong>contradicti</strong></span> <span class='ocrx_word' id='word_1_51' title='bbox 1965 1844 2064 1893; x_wconf 90' lang='lat' dir='ltr'><strong>mer-</strong></span> 
     </span>
     <span class='ocr_line' id='line_1_7' title="bbox 636 1943 2065 2054; baseline 0.005 -38"><span class='ocrx_word' id='word_1_52' title='bbox 636 1956 778 2017; x_wconf 80' lang='lat' dir='ltr'><strong>catores</strong></span> <span class='ocrx_word' id='word_1_53' title='bbox 794 1943 991 2020; x_wconf 85' lang='lat' dir='ltr'><strong>Mozorum</strong></span> <span class='ocrx_word' id='word_1_54' title='bbox 1014 1960 1052 2021; x_wconf 90' lang='lat' dir='ltr'><strong>et</strong></span> <span class='ocrx_word' id='word_1_55' title='bbox 1071 1973 1205 2023; x_wconf 90' lang='lat' dir='ltr'><strong>eorum</strong></span> <span class='ocrx_word' id='word_1_56' title='bbox 1224 1964 1457 2053; x_wconf 87' lang='lat' dir='ltr'><strong>procurator,</strong></span> <span class='ocrx_word' id='word_1_57' title='bbox 1477 1946 1654 2054; x_wconf 88' lang='lat' dir='ltr'><strong>pluribus</strong></span> <span class='ocrx_word' id='word_1_58' title='bbox 1672 1944 1905 2037; x_wconf 76' lang='lat' dir='ltr'><strong>redonibus,</strong></span> <span class='ocrx_word' id='word_1_59' title='bbox 1924 1974 2065 2053; x_wconf 90' lang='lat' dir='ltr'><strong>propo·</strong></span> 
     </span>
     <span class='ocr_line' id='line_1_8' title="bbox 635 2072 2060 2185; baseline 0.006 -39"><span class='ocrx_word' id='word_1_60' title='bbox 635 2087 772 2148; x_wconf 85' lang='lat' dir='ltr'><strong>nerent</strong></span> <span class='ocrx_word' id='word_1_61' title='bbox 788 2072 957 2177; x_wconf 84' lang='lat' dir='ltr'><strong>predicta</strong></span> <span class='ocrx_word' id='word_1_62' title='bbox 975 2074 1057 2152; x_wconf 80' lang='lat' dir='ltr'><strong>sieri</strong></span> <span class='ocrx_word' id='word_1_63' title='bbox 1076 2103 1152 2152; x_wconf 94' lang='lat' dir='ltr'><strong>non</strong></span> <span class='ocrx_word' id='word_1_64' title='bbox 1169 2075 1327 2155; x_wconf 87' lang='lat' dir='ltr'><strong>debere:</strong></span> <span class='ocrx_word' id='word_1_65' title='bbox 1342 2080 1531 2171; x_wconf 83' lang='lat' dir='ltr'><strong>Tandem,</strong></span> <span class='ocrx_word' id='word_1_66' title='bbox 1549 2078 1688 2155; x_wconf 90' lang='lat' dir='ltr'><strong>auditis</strong></span> <span class='ocrx_word' id='word_1_67' title='bbox 1704 2079 1794 2155; x_wconf 93' lang='lat' dir='ltr'><strong>hinc</strong></span> <span class='ocrx_word' id='word_1_68' title='bbox 1811 2076 1902 2153; x_wconf 91' lang='lat' dir='ltr'><strong>inde</strong></span> <span class='ocrx_word' id='word_1_69' title='bbox 1919 2106 2060 2185; x_wconf 85' lang='lat' dir='ltr'><strong>propo·</strong></span> 
     </span>
     <span class='ocr_line' id='line_1_9' title="bbox 634 2186 2060 2313; baseline 0.007 -38"><span class='ocrx_word' id='word_1_70' title='bbox 634 2199 730 2291; x_wconf 89' lang='lat' dir='ltr'><strong>sitis,</strong></span> <span class='ocrx_word' id='word_1_71' title='bbox 749 2216 786 2277; x_wconf 86' lang='lat' dir='ltr'><strong>et</strong></span> <span class='ocrx_word' id='word_1_72' title='bbox 805 2230 919 2307; x_wconf 89' lang='lat' dir='ltr'><strong>super</strong></span> <span class='ocrx_word' id='word_1_73' title='bbox 937 2200 1044 2281; x_wconf 82' lang='lat' dir='ltr'><strong>factis</strong></span> <span class='ocrx_word' id='word_1_74' title='bbox 1061 2186 1232 2309; x_wconf 85' lang='lat' dir='ltr'><strong>parcium</strong></span> <span class='ocrx_word' id='word_1_75' title='bbox 1248 2207 1502 2311; x_wconf 89' lang='lat' dir='ltr'><strong>predictarum</strong></span> <span class='ocrx_word' id='word_1_76' title='bbox 1520 2207 1698 2313; x_wconf 90' lang='lat' dir='ltr'><strong>inquisita</strong></span> <span class='ocrx_word' id='word_1_77' title='bbox 1718 2207 1871 2313; x_wconf 82' lang='lat' dir='ltr'><strong>plenius</strong></span> <span class='ocrx_word' id='word_1_78' title='bbox 1889 2208 2060 2295; x_wconf 86' lang='lat' dir='ltr'><strong>veritate,</strong></span> 
     </span>
     <span class='ocr_line' id='line_1_10' title="bbox 633 2328 2060 2444; baseline 0.006 -40"><span class='ocrx_word' id='word_1_79' title='bbox 633 2328 795 2436; x_wconf 80' lang='lat' dir='ltr'><strong>visisque</strong></span> <span class='ocrx_word' id='word_1_80' title='bbox 815 2360 901 2407; x_wconf 91' lang='lat' dir='ltr'><strong>cum</strong></span> <span class='ocrx_word' id='word_1_81' title='bbox 922 2331 1201 2413; x_wconf 86' lang='lat' dir='ltr'><strong>deliberacione</strong></span> <span class='ocrx_word' id='word_1_82' title='bbox 1216 2335 1402 2442; x_wconf 88' lang='lat' dir='ltr'><strong>inquestis</strong></span> <span class='ocrx_word' id='word_1_83' title='bbox 1417 2366 1532 2444; x_wconf 89' lang='lat' dir='ltr'><strong>super</strong></span> <span class='ocrx_word' id='word_1_84' title='bbox 1545 2338 1620 2415; x_wconf 90' lang='lat' dir='ltr'><strong>hiis</strong></span> <span class='ocrx_word' id='word_1_85' title='bbox 1633 2337 1760 2427; x_wconf 87' lang='lat' dir='ltr'><strong>sactis,</strong></span> <span class='ocrx_word' id='word_1_86' title='bbox 1782 2365 1852 2443; x_wconf 92' lang='lat' dir='ltr'><strong>per</strong></span> <span class='ocrx_word' id='word_1_87' title='bbox 1870 2336 2060 2443; x_wconf 89' lang='lat' dir='ltr'><strong>judicium</strong></span> 
     </span>
     <span class='ocr_line' id='line_1_11' title="bbox 634 2462 2061 2574; baseline 0.006 -38"><span class='ocrx_word' id='word_1_88' title='bbox 634 2476 760 2538; x_wconf 89' lang='lat' dir='ltr'><strong>nostre</strong></span> <span class='ocrx_word' id='word_1_89' title='bbox 781 2462 901 2551; x_wconf 88' lang='lat' dir='ltr'><strong>curie,</strong></span> <span class='ocrx_word' id='word_1_90' title='bbox 922 2463 1066 2542; x_wconf 90' lang='lat' dir='ltr'><strong>dictum</strong></span> <span class='ocrx_word' id='word_1_91' title='bbox 1085 2465 1216 2567; x_wconf 81' lang='lat' dir='ltr'><strong>fuitet</strong></span> <span class='ocrx_word' id='word_1_92' title='bbox 1233 2468 1525 2573; x_wconf 85' lang='lat' dir='ltr'><strong>pronunciatum</strong></span> <span class='ocrx_word' id='word_1_93' title='bbox 1543 2468 1758 2574; x_wconf 91' lang='lat' dir='ltr'><strong>predictum</strong></span> <span class='ocrx_word' id='word_1_94' title='bbox 1777 2485 2061 2574; x_wconf 89' lang='lat' dir='ltr'><strong>procuratorem</strong></span> 
     </span>
     <span class='ocr_line' id='line_1_12' title="bbox 633 2572 2062 2703; baseline 0.007 -38"><span class='ocrx_word' id='word_1_95' title='bbox 633 2588 732 2666; x_wconf 91' lang='lat' dir='ltr'><strong>dicte</strong></span> <span class='ocrx_word' id='word_1_96' title='bbox 763 2572 945 2669; x_wconf 85' lang='lat' dir='ltr'><strong>consortis</strong></span> <span class='ocrx_word' id='word_1_97' title='bbox 971 2612 1098 2673; x_wconf 83' lang='lat' dir='ltr'><strong>nostre</strong></span> <span class='ocrx_word' id='word_1_98' title='bbox 1128 2596 1384 2673; x_wconf 86' lang='lat' dir='ltr'><strong>intencionem</strong></span> <span class='ocrx_word' id='word_1_99' title='bbox 1411 2626 1517 2675; x_wconf 90' lang='lat' dir='ltr'><strong>suam</strong></span> <span class='ocrx_word' id='word_1_100' title='bbox 1545 2598 1777 2675; x_wconf 89' lang='lat' dir='ltr'><strong>sufficienter</strong></span> <span class='ocrx_word' id='word_1_101' title='bbox 1798 2598 1995 2703; x_wconf 84' lang='lat' dir='ltr'><strong>probasse,</strong></span> <span class='ocrx_word' id='word_1_102' title='bbox 2022 2615 2062 2677; x_wconf 91' lang='lat' dir='ltr'><strong>et</strong></span> 
     </span>
     <span class='ocr_line' id='line_1_13' title="bbox 632 2722 2059 2829; baseline 0.006 -34"><span class='ocrx_word' id='word_1_103' title='bbox 632 2746 702 2823; x_wconf 91' lang='lat' dir='ltr'><strong>per</strong></span> <span class='ocrx_word' id='word_1_104' title='bbox 735 2722 837 2797; x_wconf 89' lang='lat' dir='ltr'><strong>idem</strong></span> <span class='ocrx_word' id='word_1_105' title='bbox 863 2722 1053 2829; x_wconf 90' lang='lat' dir='ltr'><strong>judicium</strong></span> <span class='ocrx_word' id='word_1_106' title='bbox 1085 2725 1176 2801; x_wconf 90' lang='lat' dir='ltr'><strong>dicti</strong></span> <span class='ocrx_word' id='word_1_107' title='bbox 1203 2742 1429 2804; x_wconf 83' lang='lat' dir='ltr'><strong>mercatores</strong></span> <span class='ocrx_word' id='word_1_108' title='bbox 1455 2727 1644 2804; x_wconf 86' lang='lat' dir='ltr'><strong>societatis</strong></span> <span class='ocrx_word' id='word_1_109' title='bbox 1670 2728 1881 2815; x_wconf 84' lang='lat' dir='ltr'><strong>Mozorum,</strong></span> <span class='ocrx_word' id='word_1_110' title='bbox 1910 2727 2059 2803; x_wconf 85' lang='lat' dir='ltr'><strong>racione</strong></span> 
     </span>
     <span class='ocr_line' id='line_1_14' title="bbox 634 2848 2061 2962; baseline 0.006 -39"><span class='ocrx_word' id='word_1_111' title='bbox 634 2848 733 2925; x_wconf 73' lang='lat' dir='ltr'><strong>dicte</strong></span> <span class='ocrx_word' id='word_1_112' title='bbox 750 2848 1009 2958; x_wconf 82' lang='lat' dir='ltr'><strong>obliga&#39;cionis‚</strong></span> <span class='ocrx_word' id='word_1_113' title='bbox 1026 2870 1064 2929; x_wconf 89' lang='lat' dir='ltr'><strong>et</strong></span> <span class='ocrx_word' id='word_1_114' title='bbox 1080 2881 1213 2930; x_wconf 92' lang='lat' dir='ltr'><strong>eorum</strong></span> <span class='ocrx_word' id='word_1_115' title='bbox 1225 2872 1524 2959; x_wconf 89' lang='lat' dir='ltr'><strong>procuratorem,</strong></span> <span class='ocrx_word' id='word_1_116' title='bbox 1546 2854 1717 2962; x_wconf 88' lang='lat' dir='ltr'><strong>predicto</strong></span> <span class='ocrx_word' id='word_1_117' title='bbox 1737 2854 1893 2931; x_wconf 89' lang='lat' dir='ltr'><strong>nomine</strong></span> <span class='ocrx_word' id='word_1_118' title='bbox 1914 2884 2061 2933; x_wconf 90' lang='lat' dir='ltr'><strong>corum-</strong></span> 
     </span>
     <span class='ocr_line' id='line_1_15' title="bbox 634 2978 2056 3090; baseline 0.006 -35"><span class='ocrx_word' id='word_1_119' title='bbox 634 2978 742 3070; x_wconf 83' lang='lat' dir='ltr'><strong>dem,</strong></span> <span class='ocrx_word' id='word_1_120' title='bbox 760 2980 1026 3088; x_wconf 89' lang='lat' dir='ltr'><strong>condempnati</strong></span> <span class='ocrx_word' id='word_1_121' title='bbox 1047 2981 1203 3060; x_wconf 85' lang='lat' dir='ltr'><strong>fuerunt</strong></span> <span class='ocrx_word' id='word_1_122' title='bbox 1222 2985 1270 3062; x_wconf 91' lang='lat' dir='ltr'><strong>ad</strong></span> <span class='ocrx_word' id='word_1_123' title='bbox 1289 2984 1531 3061; x_wconf 89' lang='lat' dir='ltr'><strong>reddendum</strong></span> <span class='ocrx_word' id='word_1_124' title='bbox 1550 2985 1868 3090; x_wconf 84' lang='lat' dir='ltr'><strong>etreponendurn</strong></span> <span class='ocrx_word' id='word_1_125' title='bbox 1887 2986 1928 3060; x_wconf 90' lang='lat' dir='ltr'><strong>in</strong></span> <span class='ocrx_word' id='word_1_126' title='bbox 1943 3015 2056 3063; x_wconf 91' lang='lat' dir='ltr'><strong>manu</strong></span> 
     </span>
     <span class='ocr_line' id='line_1_16' title="bbox 633 3109 2058 3223; baseline 0.006 -38"><span class='ocrx_word' id='word_1_127' title='bbox 633 3109 732 3186; x_wconf 89' lang='lat' dir='ltr'><strong>dicte</strong></span> <span class='ocrx_word' id='word_1_128' title='bbox 753 3110 937 3189; x_wconf 89' lang='lat' dir='ltr'><strong>consortis</strong></span> <span class='ocrx_word' id='word_1_129' title='bbox 965 3129 1108 3200; x_wconf 87' lang='lat' dir='ltr'><strong>nostre,</strong></span> <span class='ocrx_word' id='word_1_130' title='bbox 1143 3115 1356 3191; x_wconf 84' lang='lat' dir='ltr'><strong>executorio</strong></span> <span class='ocrx_word' id='word_1_131' title='bbox 1376 3114 1532 3191; x_wconf 90' lang='lat' dir='ltr'><strong>nomine</strong></span> <span class='ocrx_word' id='word_1_132' title='bbox 1560 3114 1750 3221; x_wconf 90' lang='lat' dir='ltr'><strong>predicto,</strong></span> <span class='ocrx_word' id='word_1_133' title='bbox 1781 3142 1900 3221; x_wconf 88' lang='lat' dir='ltr'><strong>equos</strong></span> <span class='ocrx_word' id='word_1_134' title='bbox 1928 3144 2058 3223; x_wconf 88' lang='lat' dir='ltr'><strong>supra-</strong></span> 
     </span>
     <span class='ocr_line' id='line_1_17' title="bbox 633 3238 2059 3351; baseline 0.004 -34"><span class='ocrx_word' id='word_1_135' title='bbox 633 3238 753 3317; x_wconf 82' lang='lat' dir='ltr'><strong>dictos</strong></span> <span class='ocrx_word' id='word_1_136' title='bbox 769 3240 808 3315; x_wconf 92' lang='lat' dir='ltr'><strong>in</strong></span> <span class='ocrx_word' id='word_1_137' title='bbox 825 3257 924 3318; x_wconf 87' lang='lat' dir='ltr'><strong>statu</strong></span> <span class='ocrx_word' id='word_1_138' title='bbox 937 3243 1126 3347; x_wconf 89' lang='lat' dir='ltr'><strong>predicto,</strong></span> <span class='ocrx_word' id='word_1_139' title='bbox 1142 3242 1201 3321; x_wconf 88' lang='lat' dir='ltr'><strong>vel</strong></span> <span class='ocrx_word' id='word_1_140' title='bbox 1217 3243 1288 3319; x_wconf 84' lang='lat' dir='ltr'><strong>tria</strong></span> <span class='ocrx_word' id='word_1_141' title='bbox 1305 3242 1421 3321; x_wconf 89' lang='lat' dir='ltr'><strong>millia</strong></span> <span class='ocrx_word' id='word_1_142' title='bbox 1438 3244 1620 3322; x_wconf 87' lang='lat' dir='ltr'><strong>librarum</strong></span> <span class='ocrx_word' id='word_1_143' title='bbox 1637 3243 1917 3320; x_wconf 90' lang='lat' dir='ltr'><strong>Turonensium</strong></span> <span class='ocrx_word' id='word_1_144' title='bbox 1934 3273 2059 3351; x_wconf 88' lang='lat' dir='ltr'><strong>supra·</strong></span> 
     </span>
     <span class='ocr_line' id='line_1_18' title="bbox 633 3369 2059 3481; baseline 0.005 -36"><span class='ocrx_word' id='word_1_145' title='bbox 633 3369 746 3459; x_wconf 85' lang='lat' dir='ltr'><strong>dicta,</strong></span> <span class='ocrx_word' id='word_1_146' title='bbox 767 3370 868 3448; x_wconf 87' lang='lat' dir='ltr'><strong>salvo</strong></span> <span class='ocrx_word' id='word_1_147' title='bbox 888 3370 997 3449; x_wconf 86' lang='lat' dir='ltr'><strong>dictis</strong></span> <span class='ocrx_word' id='word_1_148' title='bbox 1016 3372 1288 3449; x_wconf 83' lang='lat' dir='ltr'><strong>mercatoribus</strong></span> <span class='ocrx_word' id='word_1_149' title='bbox 1301 3371 1389 3478; x_wconf 87' lang='lat' dir='ltr'><strong>jure</strong></span> <span class='ocrx_word' id='word_1_150' title='bbox 1410 3402 1480 3451; x_wconf 92' lang='lat' dir='ltr'><strong>suo</strong></span> <span class='ocrx_word' id='word_1_151' title='bbox 1501 3373 1549 3449; x_wconf 91' lang='lat' dir='ltr'><strong>de</strong></span> <span class='ocrx_word' id='word_1_152' title='bbox 1569 3372 1745 3450; x_wconf 89' lang='lat' dir='ltr'><strong>habendo</strong></span> <span class='ocrx_word' id='word_1_153' title='bbox 1765 3401 1922 3451; x_wconf 90' lang='lat' dir='ltr'><strong>recursu</strong></span> <span class='ocrx_word' id='word_1_154' title='bbox 1944 3403 2059 3481; x_wconf 89' lang='lat' dir='ltr'><strong>super</strong></span> 
     </span>
     <span class='ocr_line' id='line_1_19' title="bbox 632 3502 2055 3611; baseline 0.003 -35"><span class='ocrx_word' id='word_1_155' title='bbox 632 3527 765 3577; x_wconf 93' lang='lat' dir='ltr'><strong>eorum</strong></span> <span class='ocrx_word' id='word_1_156' title='bbox 782 3502 829 3579; x_wconf 89' lang='lat' dir='ltr'><strong>da</strong></span> <span class='ocrx_word' id='word_1_157' title='bbox 846 3502 1181 3609; x_wconf 86' lang='lat' dir='ltr'><strong>dampnificacione</strong></span> <span class='ocrx_word' id='word_1_158' title='bbox 1199 3502 1238 3580; x_wconf 94' lang='lat' dir='ltr'><strong>in</strong></span> <span class='ocrx_word' id='word_1_159' title='bbox 1255 3502 1476 3611; x_wconf 84' lang='lat' dir='ltr'><strong>hujusmodi</strong></span> <span class='ocrx_word' id='word_1_160' title='bbox 1493 3520 1624 3581; x_wconf 86' lang='lat' dir='ltr'><strong>contra</strong></span> <span class='ocrx_word' id='word_1_161' title='bbox 1640 3502 1824 3583; x_wconf 86' lang='lat' dir='ltr'><strong>donatum</strong></span> <span class='ocrx_word' id='word_1_162' title='bbox 1842 3504 2055 3610; x_wconf 90' lang='lat' dir='ltr'><strong>predictum</strong></span> 
     </span>
     <span class='ocr_line' id='line_1_20' title="bbox 631 3631 1322 3740; baseline 0.006 -35"><span class='ocrx_word' id='word_1_163' title='bbox 631 3645 670 3705; x_wconf 91' lang='lat' dir='ltr'><strong>et</strong></span> <span class='ocrx_word' id='word_1_164' title='bbox 690 3631 771 3735; x_wconf 90' lang='lat' dir='ltr'><strong>ejus</strong></span> <span class='ocrx_word' id='word_1_165' title='bbox 793 3631 1021 3710; x_wconf 87' lang='lat' dir='ltr'><strong>societatem.</strong></span> <span class='ocrx_word' id='word_1_166' title='bbox 1042 3633 1084 3708; x_wconf 95' lang='lat' dir='ltr'><strong>In</strong></span> <span class='ocrx_word' id='word_1_167' title='bbox 1104 3633 1229 3740; x_wconf 88' lang='lat' dir='ltr'><strong>cujus,</strong></span> <span class='ocrx_word' id='word_1_168' title='bbox 1251 3650 1322 3711; x_wconf 85' lang='lat' dir='ltr'><strong>etc.</strong></span> 
     </span>
     <span class='ocr_line' id='line_1_21' title="bbox 689 3762 2053 3857; baseline 0.003 -20"><span class='ocrx_word' id='word_1_169' title='bbox 689 3762 818 3839; x_wconf 88' lang='lat' dir='ltr'><strong>Martis</strong></span> <span class='ocrx_word' id='word_1_170' title='bbox 831 3778 917 3841; x_wconf 86' lang='lat' dir='ltr'><strong>ante</strong></span> <span class='ocrx_word' id='word_1_171' title='bbox 929 3762 1068 3841; x_wconf 80' lang='lat' dir='ltr'><strong>festum</strong></span> <span class='ocrx_word' id='word_1_172' title='bbox 1083 3763 1519 3857; x_wconf 86' lang='lat' dir='ltr'><strong>Omnium-Sanctorum,</strong></span> <span class='ocrx_word' id='word_1_173' title='bbox 1535 3793 1634 3843; x_wconf 91' lang='lat' dir='ltr'><strong>anno</strong></span> <span class='ocrx_word' id='word_1_174' title='bbox 1647 3766 1912 3843; x_wconf 87' lang='lat' dir='ltr'><strong>trecentesimo</strong></span> <span class='ocrx_word' id='word_1_175' title='bbox 1923 3768 2053 3843; x_wconf 88' lang='lat' dir='ltr'><strong>tercio.</strong></span> 
     </span>
    </p>
   </div>
   <div class='ocr_carea' id='block_1_3' title="bbox 529 4024 2055 5569">
    <p class='ocr_par' dir='ltr' id='par_1_3' title="bbox 627 4024 2055 5179">
     <span class='ocr_line' id='line_1_22' title="bbox 686 4024 2052 4136; baseline 0.004 -38"><span class='ocrx_word' id='word_1_176' title='bbox 686 4024 762 4100; x_wconf 88' lang='lat' dir='ltr'><strong>XV.</strong></span> <span class='ocrx_word' id='word_1_177' title='bbox 793 4024 892 4113; x_wconf 90' lang='lat' dir='ltr'><strong>Cum</strong></span> <span class='ocrx_word' id='word_1_178' title='bbox 912 4026 1011 4105; x_wconf 89' lang='lat' dir='ltr'><strong>inter</strong></span> <span class='ocrx_word' id='word_1_179' title='bbox 1029 4047 1310 4134; x_wconf 89' lang='lat' dir='ltr'><strong>procuratorem</strong></span> <span class='ocrx_word' id='word_1_180' title='bbox 1327 4044 1517 4117; x_wconf 87' lang='lat' dir='ltr'><strong>nostrum,</strong></span> <span class='ocrx_word' id='word_1_181' title='bbox 1538 4057 1608 4135; x_wconf 90' lang='lat' dir='ltr'><strong>pro</strong></span> <span class='ocrx_word' id='word_1_182' title='bbox 1625 4028 1752 4121; x_wconf 84' lang='lat' dir='ltr'><strong>nobis,</strong></span> <span class='ocrx_word' id='word_1_183' title='bbox 1774 4056 1818 4105; x_wconf 81' lang='lat' dir='ltr'><strong>ex</strong></span> <span class='ocrx_word' id='word_1_184' title='bbox 1833 4056 1906 4105; x_wconf 91' lang='lat' dir='ltr'><strong>una</strong></span> <span class='ocrx_word' id='word_1_185' title='bbox 1931 4044 2052 4136; x_wconf 87' lang='lat' dir='ltr'><strong>parte,</strong></span> 
     </span>
     <span class='ocr_line' id='line_1_23' title="bbox 631 4151 2055 4267; baseline 0.004 -39"><span class='ocrx_word' id='word_1_186' title='bbox 631 4169 668 4229; x_wconf 90' lang='lat' dir='ltr'><strong>et</strong></span> <span class='ocrx_word' id='word_1_187' title='bbox 695 4151 880 4231; x_wconf 87' lang='lat' dir='ltr'><strong>Guiotum</strong></span> <span class='ocrx_word' id='word_1_188' title='bbox 905 4157 1255 4267; x_wconf 80' lang='lat' dir='ltr'><strong>Meilleur-Gaigne‚</strong></span> <span class='ocrx_word' id='word_1_189' title='bbox 1282 4185 1352 4263; x_wconf 92' lang='lat' dir='ltr'><strong>pro</strong></span> <span class='ocrx_word' id='word_1_190' title='bbox 1374 4184 1414 4235; x_wconf 90' lang='lat' dir='ltr'><strong>se</strong></span> <span class='ocrx_word' id='word_1_191' title='bbox 1435 4174 1473 4233; x_wconf 93' lang='lat' dir='ltr'><strong>et</strong></span> <span class='ocrx_word' id='word_1_192' title='bbox 1491 4157 1600 4235; x_wconf 90' lang='lat' dir='ltr'><strong>sociis</strong></span> <span class='ocrx_word' id='word_1_193' title='bbox 1620 4157 1698 4233; x_wconf 90' lang='lat' dir='ltr'><strong>suis</strong></span> <span class='ocrx_word' id='word_1_194' title='bbox 1722 4173 1760 4232; x_wconf 88' lang='lat' dir='ltr'><strong>ct</strong></span> <span class='ocrx_word' id='word_1_195' title='bbox 1783 4155 2055 4233; x_wconf 85' lang='lat' dir='ltr'><strong>mercatoribus</strong></span> 
     </span>
     <span class='ocr_line' id='line_1_24' title="bbox 629 4280 2054 4395; baseline 0.002 -36"><span class='ocrx_word' id='word_1_196' title='bbox 629 4283 816 4361; x_wconf 89' lang='lat' dir='ltr'><strong>societatis</strong></span> <span class='ocrx_word' id='word_1_197' title='bbox 837 4285 885 4362; x_wconf 96' lang='lat' dir='ltr'><strong>de</strong></span> <span class='ocrx_word' id='word_1_198' title='bbox 905 4287 1262 4395; x_wconf 82' lang='lat' dir='ltr'><strong>Meilleur-Gaigne‚</strong></span> <span class='ocrx_word' id='word_1_199' title='bbox 1288 4315 1332 4364; x_wconf 84' lang='lat' dir='ltr'><strong>ex</strong></span> <span class='ocrx_word' id='word_1_200' title='bbox 1356 4280 1446 4374; x_wconf 90' lang='lat' dir='ltr'><strong>alia,</strong></span> <span class='ocrx_word' id='word_1_201' title='bbox 1470 4304 1569 4364; x_wconf 87' lang='lat' dir='ltr'><strong>esset</strong></span> <span class='ocrx_word' id='word_1_202' title='bbox 1589 4303 1693 4363; x_wconf 90' lang='lat' dir='ltr'><strong>mota</strong></span> <span class='ocrx_word' id='word_1_203' title='bbox 1711 4286 1909 4364; x_wconf 88' lang='lat' dir='ltr'><strong>contencio</strong></span> <span class='ocrx_word' id='word_1_204' title='bbox 1928 4311 2054 4362; x_wconf 90' lang='lat' dir='ltr'><strong>coram</strong></span> 
     </span>
     <span class='ocr_line' id='line_1_25' title="bbox 630 4414 2054 4524; baseline 0.005 -35"><span class='ocrx_word' id='word_1_205' title='bbox 630 4414 757 4505; x_wconf 89' lang='lat' dir='ltr'><strong>nobis,</strong></span> <span class='ocrx_word' id='word_1_206' title='bbox 775 4442 890 4521; x_wconf 90' lang='lat' dir='ltr'><strong>super</strong></span> <span class='ocrx_word' id='word_1_207' title='bbox 905 4442 951 4493; x_wconf 93' lang='lat' dir='ltr'><strong>eo</strong></span> <span class='ocrx_word' id='word_1_208' title='bbox 967 4416 1071 4521; x_wconf 90' lang='lat' dir='ltr'><strong>quod</strong></span> <span class='ocrx_word' id='word_1_209' title='bbox 1087 4419 1209 4495; x_wconf 90' lang='lat' dir='ltr'><strong>dictus</strong></span> <span class='ocrx_word' id='word_1_210' title='bbox 1224 4433 1444 4524; x_wconf 88' lang='lat' dir='ltr'><strong>procurator</strong></span> <span class='ocrx_word' id='word_1_211' title='bbox 1462 4435 1602 4508; x_wconf 89' lang='lat' dir='ltr'><strong>noster,</strong></span> <span class='ocrx_word' id='word_1_212' title='bbox 1624 4446 1695 4524; x_wconf 91' lang='lat' dir='ltr'><strong>pro</strong></span> <span class='ocrx_word' id='word_1_213' title='bbox 1714 4418 1840 4509; x_wconf 90' lang='lat' dir='ltr'><strong>nobis,</strong></span> <span class='ocrx_word' id='word_1_214' title='bbox 1868 4417 2054 4496; x_wconf 88' lang='lat' dir='ltr'><strong>asserebat</strong></span> 
     </span>
     <span class='ocr_line' id='line_1_26' title="bbox 630 4544 2052 4651; baseline 0.005 -32"><span class='ocrx_word' id='word_1_215' title='bbox 630 4544 736 4649; x_wconf 91' lang='lat' dir='ltr'><strong>quod</strong></span> <span class='ocrx_word' id='word_1_216' title='bbox 755 4544 939 4622; x_wconf 90' lang='lat' dir='ltr'><strong>Girardus</strong></span> <span class='ocrx_word' id='word_1_217' title='bbox 955 4544 1114 4651; x_wconf 87' lang='lat' dir='ltr'><strong>Chipre‚</strong></span> <span class='ocrx_word' id='word_1_218' title='bbox 1130 4548 1171 4624; x_wconf 92' lang='lat' dir='ltr'><strong>in</strong></span> <span class='ocrx_word' id='word_1_219' title='bbox 1186 4576 1257 4626; x_wconf 90' lang='lat' dir='ltr'><strong>suo</strong></span> <span class='ocrx_word' id='word_1_220' title='bbox 1271 4564 1497 4633; x_wconf 85' lang='lat' dir='ltr'><strong>testamento</strong></span> <span class='ocrx_word' id='word_1_221' title='bbox 1516 4576 1586 4627; x_wconf 88' lang='lat' dir='ltr'><strong>seu</strong></span> <span class='ocrx_word' id='word_1_222' title='bbox 1604 4549 1739 4628; x_wconf 89' lang='lat' dir='ltr'><strong>ultima</strong></span> <span class='ocrx_word' id='word_1_223' title='bbox 1758 4550 1948 4626; x_wconf 85' lang='lat' dir='ltr'><strong>voluntate</strong></span> <span class='ocrx_word' id='word_1_224' title='bbox 1967 4578 2052 4640; x_wconf 89' lang='lat' dir='ltr'><strong>sua,</strong></span> 
     </span>
     <span class='ocr_line' id='line_1_27' title="bbox 629 4674 2051 4785; baseline 0.006 -36"><span class='ocrx_word' id='word_1_225' title='bbox 629 4674 740 4752; x_wconf 90' lang='lat' dir='ltr'><strong>nobis</strong></span> <span class='ocrx_word' id='word_1_226' title='bbox 760 4675 897 4783; x_wconf 82' lang='lat' dir='ltr'><strong>legavit</strong></span> <span class='ocrx_word' id='word_1_227' title='bbox 919 4692 1093 4783; x_wconf 83' lang='lat' dir='ltr'><strong>quartam</strong></span> <span class='ocrx_word' id='word_1_228' title='bbox 1112 4697 1258 4785; x_wconf 88' lang='lat' dir='ltr'><strong>partem</strong></span> <span class='ocrx_word' id='word_1_229' title='bbox 1278 4680 1464 4759; x_wconf 83' lang='lat' dir='ltr'><strong>sexdecim</strong></span> <span class='ocrx_word' id='word_1_230' title='bbox 1485 4680 1648 4758; x_wconf 83' lang='lat' dir='ltr'><strong>millium</strong></span> <span class='ocrx_word' id='word_1_231' title='bbox 1674 4682 1922 4759; x_wconf 87' lang='lat' dir='ltr'><strong>ducentarum</strong></span> <span class='ocrx_word' id='word_1_232' title='bbox 1942 4698 1980 4757; x_wconf 92' lang='lat' dir='ltr'><strong>et</strong></span> <span class='ocrx_word' id='word_1_233' title='bbox 1996 4681 2051 4758; x_wconf 84' lang='lat' dir='ltr'><strong>vi-</strong></span> 
     </span>
     <span class='ocr_line' id='line_1_28' title="bbox 627 4804 2052 4918; baseline 0.006 -37"><span class='ocrx_word' id='word_1_234' title='bbox 627 4804 720 4911; x_wconf 83' lang='lat' dir='ltr'><strong>ginti</strong></span> <span class='ocrx_word' id='word_1_235' title='bbox 734 4823 896 4912; x_wconf 87' lang='lat' dir='ltr'><strong>quatuor</strong></span> <span class='ocrx_word' id='word_1_236' title='bbox 909 4806 1092 4887; x_wconf 88' lang='lat' dir='ltr'><strong>librarum</strong></span> <span class='ocrx_word' id='word_1_237' title='bbox 1106 4810 1387 4889; x_wconf 88' lang='lat' dir='ltr'><strong>Turonensium</strong></span> <span class='ocrx_word' id='word_1_238' title='bbox 1401 4840 1619 4918; x_wconf 87' lang='lat' dir='ltr'><strong>parvorum,</strong></span> <span class='ocrx_word' id='word_1_239' title='bbox 1635 4811 1675 4887; x_wconf 93' lang='lat' dir='ltr'><strong>in</strong></span> <span class='ocrx_word' id='word_1_240' title='bbox 1687 4839 1763 4917; x_wconf 93' lang='lat' dir='ltr'><strong>qua</strong></span> <span class='ocrx_word' id='word_1_241' title='bbox 1776 4838 1924 4889; x_wconf 90' lang='lat' dir='ltr'><strong>summa</strong></span> <span class='ocrx_word' id='word_1_242' title='bbox 1938 4838 2052 4915; x_wconf 91' lang='lat' dir='ltr'><strong>pecu·</strong></span> 
     </span>
     <span class='ocr_line' id='line_1_29' title="bbox 628 4934 2052 5048; baseline 0.006 -39"><span class='ocrx_word' id='word_1_243' title='bbox 628 4935 689 5011; x_wconf 90' lang='lat' dir='ltr'><strong>nie</strong></span> <span class='ocrx_word' id='word_1_244' title='bbox 705 4936 783 5040; x_wconf 92' lang='lat' dir='ltr'><strong>ipse</strong></span> <span class='ocrx_word' id='word_1_245' title='bbox 799 4934 982 5015; x_wconf 89' lang='lat' dir='ltr'><strong>Girardus</strong></span> <span class='ocrx_word' id='word_1_246' title='bbox 997 4938 1148 5017; x_wconf 85' lang='lat' dir='ltr'><strong>dicebat</strong></span> <span class='ocrx_word' id='word_1_247' title='bbox 1163 4940 1255 5019; x_wconf 91' lang='lat' dir='ltr'><strong>dicti</strong></span> <span class='ocrx_word' id='word_1_248' title='bbox 1271 4940 1459 5020; x_wconf 91' lang='lat' dir='ltr'><strong>Guidonis</strong></span> <span class='ocrx_word' id='word_1_249' title='bbox 1474 4942 1596 5021; x_wconf 89' lang='lat' dir='ltr'><strong>socios</strong></span> <span class='ocrx_word' id='word_1_250' title='bbox 1615 4958 1653 5019; x_wconf 91' lang='lat' dir='ltr'><strong>et</strong></span> <span class='ocrx_word' id='word_1_251' title='bbox 1672 4941 1889 5020; x_wconf 87' lang='lat' dir='ltr'><strong>societatem</strong></span> <span class='ocrx_word' id='word_1_252' title='bbox 1903 4941 2052 5048; x_wconf 87' lang='lat' dir='ltr'><strong>predio-</strong></span> 
     </span>
     <span class='ocr_line' id='line_1_30' title="bbox 627 5068 2050 5179; baseline 0.004 -38"><span class='ocrx_word' id='word_1_253' title='bbox 627 5080 702 5155; x_wconf 84' lang='lat' dir='ltr'><strong>tos‚</strong></span> <span class='ocrx_word' id='word_1_254' title='bbox 714 5094 758 5142; x_wconf 81' lang='lat' dir='ltr'><strong>ex</strong></span> <span class='ocrx_word' id='word_1_255' title='bbox 769 5094 878 5145; x_wconf 89' lang='lat' dir='ltr'><strong>causa</strong></span> <span class='ocrx_word' id='word_1_256' title='bbox 889 5086 989 5146; x_wconf 87' lang='lat' dir='ltr'><strong>certa</strong></span> <span class='ocrx_word' id='word_1_257' title='bbox 1000 5085 1038 5147; x_wconf 86' lang='lat' dir='ltr'><strong>et</strong></span> <span class='ocrx_word' id='word_1_258' title='bbox 1050 5068 1232 5179; x_wconf 83' lang='lat' dir='ltr'><strong>legitima,</strong></span> <span class='ocrx_word' id='word_1_259' title='bbox 1245 5070 1317 5148; x_wconf 91' lang='lat' dir='ltr'><strong>sibi</strong></span> <span class='ocrx_word' id='word_1_260' title='bbox 1327 5072 1466 5164; x_wconf 86' lang='lat' dir='ltr'><strong>teneri;</strong></span> <span class='ocrx_word' id='word_1_261' title='bbox 1482 5089 1703 5179; x_wconf 86' lang='lat' dir='ltr'><strong>peteretque</strong></span> <span class='ocrx_word' id='word_1_262' title='bbox 1715 5070 1820 5149; x_wconf 93' lang='lat' dir='ltr'><strong>idem</strong></span> <span class='ocrx_word' id='word_1_263' title='bbox 1831 5087 2050 5177; x_wconf 87' lang='lat' dir='ltr'><strong>procurator</strong></span> 
     </span>
    </p>

    <p class='ocr_par' dir='ltr' id='par_1_4' title="bbox 529 5196 2051 5569">
     <span class='ocr_line' id='line_1_31' title="bbox 529 5196 2051 5309; baseline 0.005 -40"><span class='ocrx_word' id='word_1_264' title='bbox 529 5250 545 5259; x_wconf 79' lang='lat'><strong>-.</strong></span> <span class='ocrx_word' id='word_1_265' title='bbox 628 5212 755 5273; x_wconf 65' lang='lat' dir='ltr'><strong>nomer</strong></span> <span class='ocrx_word' id='word_1_266' title='bbox 772 5196 893 5275; x_wconf 90' lang='lat' dir='ltr'><strong>dictos</strong></span> <span class='ocrx_word' id='word_1_267' title='bbox 915 5199 1035 5276; x_wconf 91' lang='lat' dir='ltr'><strong>socios</strong></span> <span class='ocrx_word' id='word_1_268' title='bbox 1058 5216 1096 5277; x_wconf 89' lang='lat' dir='ltr'><strong>et</strong></span> <span class='ocrx_word' id='word_1_269' title='bbox 1116 5202 1333 5279; x_wconf 89' lang='lat' dir='ltr'><strong>societatem</strong></span> <span class='ocrx_word' id='word_1_270' title='bbox 1353 5201 1464 5279; x_wconf 92' lang='lat' dir='ltr'><strong>nobis</strong></span> <span class='ocrx_word' id='word_1_271' title='bbox 1485 5202 1769 5309; x_wconf 87' lang='lat' dir='ltr'><strong>condempnari,</strong></span> <span class='ocrx_word' id='word_1_272' title='bbox 1792 5218 1830 5279; x_wconf 89' lang='lat' dir='ltr'><strong>et</strong></span> <span class='ocrx_word' id='word_1_273' title='bbox 1849 5200 2051 5306; x_wconf 85' lang='lat' dir='ltr'><strong>condemp</strong></span> 
     </span>
     <span class='ocr_line' id='line_1_32' title="bbox 628 5325 2047 5439; baseline 0.003 -40"><span class='ocrx_word' id='word_1_274' title='bbox 628 5340 734 5401; x_wconf 87' lang='lat' dir='ltr'><strong>natos</strong></span> <span class='ocrx_word' id='word_1_275' title='bbox 757 5325 934 5433; x_wconf 84' lang='lat' dir='ltr'><strong>compelli</strong></span> <span class='ocrx_word' id='word_1_276' title='bbox 963 5328 1012 5405; x_wconf 90' lang='lat' dir='ltr'><strong>ad</strong></span> <span class='ocrx_word' id='word_1_277' title='bbox 1035 5327 1277 5408; x_wconf 90' lang='lat' dir='ltr'><strong>reddendum</strong></span> <span class='ocrx_word' id='word_1_278' title='bbox 1301 5348 1473 5438; x_wconf 90' lang='lat' dir='ltr'><strong>quartam</strong></span> <span class='ocrx_word' id='word_1_279' title='bbox 1499 5349 1642 5437; x_wconf 88' lang='lat' dir='ltr'><strong>partem</strong></span> <span class='ocrx_word' id='word_1_280' title='bbox 1675 5360 1826 5409; x_wconf 91' lang='lat' dir='ltr'><strong>summe</strong></span> <span class='ocrx_word' id='word_1_281' title='bbox 1854 5330 2047 5439; x_wconf 82' lang='lat' dir='ltr'><strong>predicte;</strong></span> 
     </span>
     <span class='ocr_line' id='line_1_33' title="bbox 626 5454 2042 5569; baseline 0.001 -40"><span class='ocrx_word' id='word_1_282' title='bbox 626 5468 730 5558; x_wconf 88' lang='lat' dir='ltr'><strong>parte</strong></span> <span class='ocrx_word' id='word_1_283' title='bbox 744 5454 893 5535; x_wconf 86' lang='lat' dir='ltr'><strong>adversa</strong></span> <span class='ocrx_word' id='word_1_284' title='bbox 908 5455 1083 5562; x_wconf 88' lang='lat' dir='ltr'><strong>pluribus</strong></span> <span class='ocrx_word' id='word_1_285' title='bbox 1096 5459 1311 5541; x_wconf 88' lang='lat' dir='ltr'><strong>racionibus</strong></span> <span class='ocrx_word' id='word_1_286' title='bbox 1325 5458 1555 5539; x_wconf 88' lang='lat' dir='ltr'><strong>contrarium</strong></span> <span class='ocrx_word' id='word_1_287' title='bbox 1568 5477 1823 5569; x_wconf 80' lang='lat' dir='ltr'><strong>proponente,</strong></span> <span class='ocrx_word' id='word_1_288' title='bbox 1838 5474 1878 5535; x_wconf 92' lang='lat' dir='ltr'><strong>et</strong></span> <span class='ocrx_word' id='word_1_289' title='bbox 1892 5471 2042 5561; x_wconf 89' lang='lat' dir='ltr'><strong>petente</strong></span> 
     </span>
    </p>
   </div>
   <div class='ocr_carea' id='block_1_4' title="bbox 0 0 2914 7290">
    <p class='ocr_par' dir='ltr' id='par_1_5' title="bbox 0 0 2914 7290">
     <span class='ocr_line' id='line_1_34' title="bbox 0 0 2914 7290; baseline 0 0"><span class='ocrx_word' id='word_1_290' title='bbox 0 0 2914 7290; x_wconf 95' lang='lat' dir='ltr'><strong> </strong></span> 
     </span>
    </p>
   </div>
  </div>
 </body>
</html>
