5817 7292
1027 1053 1296 1160 nvoutms
1321 1070 1385 1142 ar
1412 1069 1620 1143 paoem.
1964 1070 2033 1144 aar

496 1234 503 1249 '
610 1214 777 1303 cucioni,
793 1230 831 1291 et
844 1212 1089 1293 restituentur
1104 1212 1204 1290 dicto
1222 1213 1346 1291 abbati
1361 1213 1530 1320 predicta
1542 1212 1642 1290 bona
1656 1240 1768 1319 supra
1785 1212 1904 1291 dictos
1920 1213 2041 1293 homi·
2077 1224 2208 1279 aarum
2220 1226 2264 1288 tv,

612 1374 680 1425 nes
701 1373 790 1423 suos
812 1361 931 1449 capta,
955 1344 1149 1421 occasione
1170 1344 1452 1450 premissorum.
2140 1316 2203 1359 ’Μ’

669 1476 798 1555 Martis
817 1492 902 1582 post
920 1474 1184 1552 Reminiscere.

657 1606 719 1705 M.
742 1606 786 1685 G.
810 1605 857 1682 de
878 1604 1015 1682 Landri
1037 1604 1248 1711 reportavit.

671 1873 711 1947 L.
742 1869 825 1947 Lite
850 1885 950 1946 mota
970 1868 1067 1946 inter
1085 1868 1239 1945 Petrum
1264 1867 1375 1946 Calve
1404 1884 1442 1943 et
1460 1865 1712 1945 Guillelmum
1731 1867 1778 1943 de
1793 1866 1971 1956 Ecclesia,
1991 1869 2038 1946 de

614 1999 838 2089 Pedenncio,
854 2028 924 2107 pro
942 2028 981 2077 se
1003 2016 1041 2077 et
1059 1999 1136 2077 suis
1157 1998 1408 2088 consortibus,
1426 2025 1469 2075 ex
1485 2014 1589 2103 parte
1602 2026 1693 2087 una,
1709 2015 1748 2074 et
1759 2015 2040 2103 procuratorem

614 2148 785 2209 nostrum
807 2131 1076 2221 Biterreusem,
1096 2157 1140 2208 ex
1158 2128 1290 2219 altera,
1308 2158 1432 2207 coram
1449 2128 1652 2207 senescallo
1669 2147 1799 2207 nostro
1819 2128 2040 2207 Carcassone

614 2262 831 2339 auctoritate
851 2260 1061 2339 litterarum
1078 2277 1306 2351 nostrarum,
1324 2288 1500 2367 supereo
1518 2261 1624 2368 quod
1639 2260 1709 2366 ipsi
1726 2260 1901 2338 dicebant
1919 2260 2037 2367 quod,

613 2410 784 2499 tempore
809 2421 941 2470 cursus
964 2391 1099 2469 debilis
1118 2409 1286 2481 monete,
1308 2392 1379 2502 ipsi
1405 2408 1630 2499 acceperunt
1648 2392 1863 2501 agentibus
1886 2394 2038 2487 nostris,

613 2522 653 2599 in
673 2540 892 2631 perpetuam
912 2524 1190 2631 emphiteosim,
1210 2552 1278 2601 seu
1296 2524 1500 2631 agapitum,
1523 2523 1715 2631 quoddam
1735 2541 1904 2630 pratum,
1925 2524 2039 2601 situm

614 2653 653 2729 in
670 2654 856 2731 territorio
869 2653 915 2730 de
931 2654 1155 2765 Pedanacio‚
1169 2654 1209 2730 in
1222 2654 1423 2733 decimaris
1438 2653 1698 2743 Sancti-Petri,
1716 2683 1785 2761 pro
1798 2654 2040 2763 quadraginta

614 2782 720 2861 libris
742 2783 1028 2863 Turonensibus
1054 2785 1169 2862 annui
1195 2783 1386 2877 redditus,
1410 2800 1559 2861 monete
1578 2786 1764 2862 currentis
1782 2802 1953 2892 tempore
1981 2814 2041 2863 so-

615 2912 807 2992 lucionum
820 2914 1092 3007 faciendarnm3
1107 2914 1146 2993 in
1161 2944 1238 3023 qno
1252 2913 1406 3023 quidem
1419 2932 1613 2993 contractu
1628 2916 1697 3022 ipsi
1715 2916 1862 3023 decepti
1875 2915 2038 3005 fuerant,

613 3060 656 3120 ut
680 3043 871 3137 dicebant,
893 3044 993 3123 ultra
1014 3045 1212 3123 dimidiam
1227 3046 1320 3154 justi
1340 3045 1476 3152 precii,
1500 3047 1531 3123 si
1555 3046 1594 3121 in
1613 3043 1738 3123 valore
1762 3044 1869 3124 fortis
1889 3062 2040 3123 monete

613 3202 688 3279 que
700 3176 843 3283 petitur
855 3176 902 3256 ab
916 3177 969 3255 eis
984 3176 1171 3255 solverent
1185 3176 1379 3255 redditum
1396 3176 1645 3268 antedictum3
1660 3206 1776 3285 quare
1792 3177 1944 3285 petebat
1957 3205 2042 3255 con-

612 3323 773 3384 tractum
782 3308 994 3416 predictum
1007 3308 1168 3386 rescindi
1182 3308 1240 3385 vel
1254 3306 1414 3385 diminui
1427 3306 1533 3414 quod
1544 3308 1689 3385 excedit
1694 3308 1840 3414 justum
1852 3308 2039 3413 precium:

588 3446 591 3454 '
614 3438 788 3544 lnquesta
809 3466 922 3545 super
946 3439 1018 3515 hoc
1041 3436 1285 3515 demandato
1305 3456 1434 3515 nostro
1457 3436 1552 3515 facta
1579 3454 1618 3515 et
1637 3436 1837 3545 diligenter
1858 3437 2038 3543 inspecta,

613 3596 680 3675 per
695 3569 798 3647 curie
816 3585 943 3647 nostre
958 3568 1164 3676 judicium,
1183 3569 1305 3646 dictus
1322 3588 1543 3675 procurator
1558 3586 1686 3647 noster
1700 3568 1895 3647 absolutus
1908 3567 1980 3645 fuit
1993 3567 2040 3645 ab

614 3699 854 3805 impeticione
873 3699 1045 3805 predicta
1059 3699 1253 3805 agencium
1273 3699 1544 3806 predictorum.

671 3828 800 3905 Martis
812 3845 899 3933 post
915 3828 1178 3905 Reminiscere.

671 3956 843 4035 Decanus
865 3956 1104 4035 Cassellensis
1122 3956 1334 4063 reportavit.

673 4222 729 4299 Ll.
761 4221 860 4302 Cum
881 4222 929 4299 ad
948 4250 1016 4300 nos
1035 4223 1263 4330 pervenisset
1276 4223 1383 4329 qnod
1401 4222 1529 4330 plures
1548 4250 1707 4329 persone
1728 4221 1813 4298 ville
1834 4221 1882 4298 de
1902 4222 2039 4299 Lesaco

617 4351 802 4462 fregerant
817 4370 943 4460 portas
963 4352 1207 4459 parrochialis
1232 4354 1386 4431 ecclesie
1412 4353 1502 4431 dicti
1526 4350 1619 4443 loci,
1639 4352 1855 4460 multosque
1871 4382 2040 4433 excessus

619 4502 656 4561 et
674 4484 874 4563 violencias
891 4486 986 4562 intra
1003 4486 1139 4563 dictam
1157 4484 1350 4563 ecclesiam
1370 4485 1652 4575 commiserant,
1669 4502 1797 4562 contra
1810 4485 2041 4591 prohibicio-

616 4644 705 4695 nem
721 4616 913 4699 servientis
928 4618 1063 4708 nostri,
1078 4646 1192 4725 super
1202 4618 1394 4724 premissis
1406 4615 1666 4695 mandavimus
1676 4615 1868 4694 veritatem
1881 4616 2037 4723 inquiri,

618 4765 657 4826 et
679 4747 765 4826 illos
792 4748 856 4856 qui
880 4748 1138 4827 invenirentur
1164 4748 1369 4857 culpabiles
1389 4778 1487 4857 pena
1511 4748 1725 4857 pecuniaria
1751 4747 2038 4856 condempnari3

617 4878 709 4957 lacta
728 4880 851 4987 igitur,
874 4879 1092 4958 auctoritate
1112 4898 1254 4970 nostra,
1270 4910 1339 4988 per
1349 4880 1519 4989 judicem
1539 4880 1722 4989 majorem
1739 4879 1964 4959 Carcassone
1980 4912 2042 4961 su-

617 5039 685 5116 per
710 5011 901 5117 premissis
926 5013 1117 5118 inquesta,
1143 5010 1246 5089 idem
1268 5013 1386 5121 judex
1412 5012 1703 5118 condempnavit
1729 5010 1768 5087 in
1795 5012 1906 5090 certis
1932 5014 2041 5119 penis

619 5142 843 5250 pecuniariis
858 5162 975 5221 certas
995 5170 1188 5250 personas,
1210 5144 1249 5219 in
1270 5172 1335 5221 sua
1354 5144 1687 5251 condempnaton‘a
1709 5144 1899 5221 sentencia
1918 5145 2042 5221 nomi-

619 5291 737 5365 natas,
768 5286 899 5353 omnes
927 5274 1037 5364 alios,
1066 5275 1113 5353 de
1144 5275 1254 5355 dictis
1280 5275 1490 5354 excessibus
1519 5292 1558 5354 et
1583 5274 1775 5353 violenciis
1802 5273 1945 5353 delatos
1973 5302 2039 5349 seu
2087 5288 2094 5307 '

620 5420 831 5508 perventos,
846 5407 1086 5512 pereundam
1104 5408 1334 5487 sentenciam
1351 5406 1578 5487 absolvendo
1591 5442 1600 5498 ς
1615 5436 1722 5514 aqua
1739 5407 1943 5492 sentencia,
1957 5420 2040 5479 tan·

705 5574 756 5617 tas
777 5578 858 5619 carn.
875 5582 922 5623 vn.
1873 5559 1913 5625 56
