5817 7292
912 1118 985 1191 556
1492 1116 1581 1191 LES
1612 1115 1751 1190 OLIM.

684 1264 813 1323 narum
826 1266 869 1329 tv,
908 1256 1051 1338 ibidem
1070 1257 1219 1366 signum
1235 1256 1365 1337 fecisse
1383 1256 1600 1338 extrahendi
1617 1256 1910 1338 misericordiam
1929 1257 1987 1335 vel
2002 1258 2186 1338 cutellum
2200 1276 2327 1351 sunm;

745 1358 808 1401 Μ’
908 1378 1016 1467 causa
1040 1387 1279 1495 percuciendi
1304 1388 1445 1467 dictum
1470 1389 1689 1496 magistrum
1709 1387 1958 1476 Bemardum.
1987 1416 2054 1495 per
2078 1392 2181 1468 curie
2205 1413 2329 1472 nostre

902 1520 1108 1627 judicium,
1122 1510 1202 1596 ¹luit
1227 1519 1368 1597 dictum
1392 1520 1498 1626 quod
1522 1518 1777 1625 temporalitas
1801 1518 1891 1595 dicti
1912 1519 2146 1626 preceptoris
2167 1509 2333 1630 capiatur

908 1669 945 1729 et
961 1650 1008 1727 ad
1028 1676 1180 1725 manum
1197 1665 1362 1726 nostram
1385 1665 1569 1738 teneatur,
1590 1649 1711 1726 donec
1728 1638 1852 1726 dictus
1868 1666 2066 1756 preceptor
2083 1652 2184 1731 dicto
2196 1638 2333 1758 magis·

906 1798 964 1857 tro
983 1779 1174 1857 Bernardo
1193 1778 1324 1861 decem
1342 1778 1454 1857 libras
1473 1781 1714 1856 Turonenses
1733 1798 1771 1856 et
1789 1779 1900 1856 nobis
1920 1778 2098 1858 ducentas
2117 1782 2233 1861 libras
2251 1786 2330 1861 Tu-

906 1938 1086 1988 ronenses
1105 1909 1259 1987 solverit
1272 1936 1340 2015 pro
1361 1909 1534 1986 emenda.
1557 1909 1643 1986 Fuit
1663 1910 1778 1986 eciam
1800 1909 1942 1987 dictum
1962 1910 2066 2016 quod
2083 1910 2245 1989 ballivus
2263 1915 2330 1992 se-

905 2041 1098 2127 nonensis,
1118 2039 1148 2116 si
1172 2055 1210 2116 et
1225 2053 1338 2146 prout
1361 2038 1409 2115 ad
1429 2040 1553 2147 ipsum
1570 2040 1749 2145 pertinet,
1773 2041 1927 2146 prestari
1948 2038 2056 2117 iaciat
2076 2059 2141 2118 aut
2155 2061 2329 2147 procuret

907 2171 1226 2251 assecuracionem
1240 2170 1338 2247 dicto
1354 2171 1532 2278 magistro
1547 2172 1735 2248 Bernardo
1747 2198 1816 2276 per
1826 2187 2089 2278 preceptorem
2097 2173 2323 2282 predictum,

909 2319 946 2378 et
961 2302 1111 2379 interim
1125 2299 1196 2377 fuit
1208 2300 1310 2376 idem
1324 2301 1498 2407 magister
1512 2302 1656 2407 positus
1668 2302 1708 2377 in
1725 2318 1850 2378 nostra
1867 2301 1980 2407 garda
1997 2300 2154 2406 speciali.

965 2432 1092 2509 Martis
1116 2447 1201 2537 post
1224 2428 1571 2509 Annunciacionem
1595 2432 1836 2509 dominicam.

964 2565 1126 2669 Mangon
1152 2562 1363 2667 reportavit.

963 2828 1020 2903 LI.
1051 2827 1148 2905 Cum
1166 2853 1277 2932 super
1303 2825 1476 2933 inquesta
1497 2825 1591 2904 sacta
1612 2854 1680 2931 per
1703 2826 1882 2903 ballivum
1905 2816 2234 2905 Constanciensem
2262 2854 2329 2903 seu

908 2959 988 3066 ejus
1001 2957 1293 3047 commissarios,
1308 2958 1408 3035 inter
1424 2956 1673 3036 Guillelmum
1686 2956 1721 3033 le
1740 2956 1849 3048 Grac,
1864 2957 2043 3043 militem,
2060 2986 2104 3033 ex
2115 2986 2191 3034 una
2203 2974 2325 3064 parte,

908 3106 945 3165 et
964 3087 1190 3165 habitatores
1209 3087 1296 3165 ville
1317 3087 1543 3176 Briocensis,
1568 3116 1612 3163 ex
1631 3087 1720 3175 alia,
1740 3116 1854 3192 super
1868 3088 2034 3193 quodam
2053 3087 2271 3193 monopolio
2292 3104 2330 3162 et

907 3218 1134 3325 quibusdam
1159 3217 1240 3295 aliis
1265 3219 1304 3293 in
1326 3219 1422 3295 dicta
1445 3219 1617 3324 inquesta
1636 3218 1838 3306 contentis,
1865 3217 2003 3295 auditis
2024 3216 2326 3324 procuratoribus

906 3350 1074 3454 parcium
1094 3348 1367 3454 predictarum,
1384 3376 1454 3454 per
1472 3365 1639 3425 nostram
1657 3348 1817 3435 curiam,
1838 3349 1980 3425 dictum
2000 3347 2131 3425 fuisset
2149 3346 2253 3453 quod
2272 3348 2326 3421 in-

907 3495 1038 3585 questa
1066 3478 1234 3583 predicta
1256 3477 1449 3556 videretur
1472 3479 1520 3555 ad
1547 3477 1656 3555 illum
1681 3478 1796 3555 finem
1825 3479 1871 3555 ad
1895 3506 2007 3583 quem
2032 3494 2158 3583 posset
2180 3475 2321 3553 videri:

906 3608 991 3686 Visa
1001 3607 1125 3715 igitur
1144 3607 1345 3717 diligenter
1365 3608 1535 3715 inquesta
1549 3608 1733 3714 predicta,
1754 3610 1934 3717 quianon
1955 3608 2143 3713 reperitur
2158 3607 2199 3683 in
2220 3605 2322 3683 dicto

905 3765 1081 3843 processu
1102 3738 1316 3817 commissio
1336 3737 1441 3830 facta,
1465 3768 1578 3845 super
1596 3739 1686 3829 boc,
1709 3768 1777 3846 per
1793 3738 1990 3816 dominum
2008 3764 2150 3844 regem,
2171 3734 2323 3813 baillivo

905 3858 1205 3957 Constanciensi‚
1220 3869 1288 3947 sed
1303 3868 1428 3947 solum
1442 3870 1630 3977 reperitur
1641 3870 1805 3976 quedam
1822 3868 2044 3947 informacio
2056 3865 2149 3944 lacta
2159 3894 2229 3971 per
2246 3894 2327 3942 ma·

904 3999 1059 4105 gistrum
1082 3998 1311 4076 bichardum
1338 4000 1388 4077 du
1411 3999 1517 4088 Parc,
1541 4000 1588 4076 de
1613 3999 1792 4075 mandato
1814 3997 1974 4105 predicti
1992 3994 2120 4075 ballivi
2145 3994 2327 4073 Constan-

905 4129 1054 4221 niensis,
1068 4145 1112 4205 ut
1123 4128 1288 4221 dicebat,
1307 4158 1376 4207 nec
1390 4128 1507 4207 eciam
1521 4130 1707 4236 reperitur
1719 4129 1821 4235 quod
1833 4128 1953 4207 vocati
1966 4126 2120 4204 luerunt
2133 4125 2322 4213 evocandi,

904 4288 973 4365 per
987 4259 1089 4337 curie
1102 4276 1226 4337 nostre
1241 4260 1448 4369 judicium,
1465 4259 1629 4337 anullata
1644 4259 1717 4338 luit
1729 4260 1902 4364 inquesta
1920 4257 2104 4365 predicta,
2122 4275 2160 4334 et
2179 4257 2323 4335 dictum

905 4389 1010 4495 quod
1028 4387 1229 4479 reficietur,
1249 4392 1386 4469 vocatis
1407 4390 1615 4469 evocandis.

959 4520 1087 4599 Martis
1113 4538 1199 4628 post
1219 4520 1560 4600 Annunciacionem
1587 4521 1829 4598 dominicam.

959 4650 1133 4729 Decanus
1152 4651 1375 4731 Casletensis
1403 4652 1519 4730 habet
1537 4679 1632 4729 eam.

957 4914 1030 4990 Lll.
1062 4914 1157 4992 Cum
1179 4916 1368 4995 lohannes
1392 4916 1595 4995 Cbochons
1616 4914 1727 4993 nobis
1745 4915 1876 4995 fuisset
1897 4931 2123 5021 conquestus
2141 4940 2253 5020 super
2273 4939 2320 4988 eo

900 5043 1004 5149 quod
1020 5073 1107 5121 cum
1121 5045 1288 5124 llerveus
1300 5045 1335 5123 le
1349 5047 1516 5125 Fcunier
1526 5046 1706 5155 quasdam
1724 5046 1864 5125 litteras
1877 5044 2117 5155 obligatorias
2135 5043 2268 5151 majori
2283 5059 2323 5119 et

896 5174 1029 5280 juratis
1052 5175 1243 5253 Pontisare
1267 5194 1517 5283 presentasset
1545 5196 1675 5257 contra
1700 5179 1824 5285 ipsum
1849 5177 2077 5264 iohannem,
2105 5173 2320 5252 execucioni

899 5306 1145 5394 mandandas,
1163 5306 1356 5383 occasione
1373 5307 1620 5387 ducentarum
1631 5307 1813 5386 librarum
1827 5334 1921 5414 quas
1934 5305 2036 5383 idem
2052 5307 2233 5393 Herveus,
2247 5329 2318 5407 pro

901 5432 1000 5513 dieto
1021 5436 1203 5525 lobenne‚
1229 5453 1273 5514 ut
1292 5436 1505 5545 fidejussor,
1531 5467 1570 5516 se
1590 5438 1741 5517 solvisse
1763 5437 1985 5543 Templariis
2004 5435 2207 5527 asserebat,
2227 5431 2320 5509 dicti
