5817 7292
843 1174 929 1251 <i'lt6
1336 1197 1359 1243 .,>
1395 1203 1398 1219 ·
1440 1172 1532 1251 RES
1558 1175 1699 1251 OLIM.

629 1328 758 1383 Pomm
771 1326 815 1390 Ν,
852 1350 924 1398 una
940 1336 1061 1429 parte,
1082 1334 1121 1396 et
1134 1318 1354 1427 magistrum
1371 1318 1600 1399 Mauricium'
1612 1318 1661 1397 de
1673 1318 1834 1427 Nigeiia,
1852 1348 1897 1397 ex
1914 1320 2047 1412 altera,
2065 1349 2178 1431 super
2191 1354 2285 1433 quo·

688 1420 752 1462 lm
850 1446 940 1530 ¹dam
954 1450 1125 1561 judicato
1154 1448 1250 1527 sacto
1278 1450 1515 1528 interdictas
1538 1468 1663 1559 partes
1687 1479 1756 1560 per
1780 1450 1964 1531 ballivum
1993 1453 2158 1563 episcopi
2183 1458 2285 1534 Pari-

845 1584 1008 1663 ‹siensisz
1027 1582 1117 1662 Viso
1142 1600 1338 1688 processu
1353 1610 1462 1659 cause
1490 1582 1677 1661 dictarum
1701 1580 1872 1700 parcium
1898 1579 2029 1662 habito
2049 1612 2177 1665 coram
2203 1586 2286 1666 bal-

853 1716 943 1793 livor
958 1713 1131 1823 predicto
1143 1761 1160 1801 ,ι
1182 1712 1332 1790 necnon
1356 1711 1528 1822 judicato
1556 1710 1647 1791 dicti
1676 1712 1802 1792 ballivi
1834 1742 1949 1823 super
1977 1715 2080 1794 dicto
2107 1747 2286 1825 processu

854 1848 970 1936 sacto,
992 1848 1012 1922 a
1032 1843 1196 1953 quoiuit
1209 1842 1455 1952 appellatum,
1476 1872 1545 1953 per
1563 1856 1748 1924 arrestum
1766 1842 1896 1924 nostre
1916 1848 2038 1938 curie,
2053 1850 2198 1929 dictum
2214 1850 2287 1930 fuit

855 1979 961 2087 quod
980 1977 1114 2055 {dictus
1136 1974 1354 2083 processus,
1382 1993 1539 2084 propter
1555 1970 1726 2055 defectus
1745 1978 1785 2055 in
1806 2006 1853 2056 eo
1872 1995 2064 2087 repertos,
2087 2008 2165 2059 non
2180 1982 2287 2091 judi-

844 2110 1012 2202 cabitur,
1024 2107 1102 2187 sed
1120 2108 1368 2190 remittentur
1383 2107 1483 2186 dicte
1499 2125 1625 2217 partes
1644 2111 1694 2188 ad
1713 2108 1897 2189 ballivum
1912 2111 2149 2218 predictum,
2168 2130 2212 2190 ut
2226 2144 2287 2193 su·

854 2243 1070 2350 penetrum
1089 2241 1276 2331 articulis,
1305 2240 1344 2316 in
1372 2240 1474 2319 dicto
1498 2268 1676 2348 processu
1701 2243 1904 2333 contentis,
1927 2243 2067 2322 vocatis
2088 2260 2127 2321 et
2146 2244 2285 2323 auditis

846 2374 1040 2481 partibus,
1055 2370 1260 2451 ueritatem
1271 2372 1448 2480 inquirat,
1472 2390 1511 2451 et
1528 2370 1638 2452 saciat
1651 2364 1715 2482 jus
1734 2373 1835 2451 inter
1856 2403 1931 2453 eas.

890 2538 893 2545 ’
911 2505 1068 2585 Veneris
1086 2521 1173 2613 post
1192 2500 1369 2585 Sanctum
1389 2505 1583 2584 Mathiam.

912 2768 1006 2846 xlx.
1038 2768 1161 2877 Super
1176 2796 1221 2847 eo
1241 2768 1346 2877 quod
1365 2768 1581 2876 prepositus
1597 2769 1863 2848 Laudunensis
1881 2786 2000 2848 certes
2021 2769 2157 2849 billoni
2172 2798 2290 2879 quan-

855 2902 1002 2992 titates,
1033 2918 1211 3009 tanquam
1242 2900 1398 2980 domino
1423 2900 1515 3011 Regi
1536 2902 1773 2996 commissas,
1796 2928 1915 3011 ‘snper
1934 2904 2120 3010 quosdam
2144 2904 2289 2983 Italicos

857 3048 1113 3122 arrestaverat,
1139 3050 1178 3111 et
1201 3032 1366 3112 eundem
1390 3031 1578 3113 billonem
1596 3030 1686 3112 dicti
1711 3034 1857 3113 domini
1880 3035 1991 3143 Regis
2013 3036 2191 3145 gentibus
2213 3054 2289 3114 tra-

859 3162 1021 3253 diderat,
1042 3180 1157 3273 prout
1181 3164 1365 3243 contineri
1391 3163 1532 3242 dicitur
1554 3164 1594 3240 in
1619 3166 1782 3271 quadarn
1808 3164 1949 3255 littera,
1972 3165 2098 3273 sigillo
2117 3166 2289 3246 Gautridi

858 3294 1038 3373 Cocatrici
1063 3293 1237 3404 sigillata,
1267 3322 1383 3401 quem
1402 3293 1588 3373 hilionem
1618 3311 1838 3402 procurator
1858 3295 1966 3373 ducis
1985 3297 2209 3388 Brabancie,
2232 3298 2290 3376 di-

857 3451 946 3503 cens
971 3450 1051 3501 esse
1081 3424 1252 3533 ejusdem
1269 3424 1401 3514 ducis,
1429 3423 1541 3501 reddi
1567 3440 1606 3502 et
1623 3425 1774 3503 restitui
1794 3418 1896 3502 dioto
1923 3426 2012 3531 duci
2030 3427 2206 3533 petebat:
2228 3429 2291 3505 In-

857 3567 990 3664 questa
1009 3582 1124 3662 super
1142 3554 1216 3633 hoc
1236 3555 1283 3632 de
1303 3554 1482 3633 mandato
1503 3554 1650 3633 domini
1669 3556 1782 3663 Regis
1800 3554 1912 3651 face,
1933 3556 2010 3634 visa
2030 3573 2076 3634 et
2088 3557 2290 3666 diligenter

860 3686 1082 3775 examinata,
1099 3712 1170 3795 per
1181 3684 1286 3764 'curie
1300 3702 1428 3769 nostre
1443 3684 1649 3796 judicium,
1667 3686 1792 3765 dictus
1810 3686 2039 3795 prepositus,
2057 3714 2128 3765 suo
2144 3704 2182 3766 et
2197 3690 2288 3767 dicti

860 3817 1005 3896 domini
1025 3814 1136 3927 Regis
1149 3818 1326 3908 nomino,
1348 3812 1576 3925 a'pet'icione
1596 3817 1819 3927 hujusmodi
1839 3818 1911 3897 fuit
1933 3816 2210 3898 sentencialiter
2225 3820 2289 3898 ab·

860 3950 1019 4029 solutus.

919 4080 1116 4161 Dominica
1134 4086 1220 4158 ante
1240 4076 1466 4160 Cathedram
1488 4080 1612 4160 Sancti
1628 4081 1740 4159 Petri.

918 4346 994 4422 XX.
1026 4347 1123 4425 Cum
1148 4374 1169 4422 a
1190 4332 1351 4453 quadarn
1380 4338 1590 4435 sentencia,
1613 4372 1682 4451 per
1696 4342 1869 4454 judicem
1893 4360 2066 4424 nostrum
2096 4374 2290 4425 causarum

863 4472 1162 4583 appeliacionum
1174 4475 1391 4554 senescallie
1402 4474 1619 4555 Tholosaue
1631 4504 1700 4555 seu
1714 4476 1798 4585 ejus
1808 4475 2108 4555 commissarium
2120 4476 2209 4568 iata,
2222 4506 2291 4585 pro

862 4604 1084 4712 Rnymundo
1106 4623 1144 4683 et
1168 4606 1333 4714 Sycardo
1352 4606 1562 4698 Cathaiani,
1593 4606 1789 4699 fratribus,
1819 4625 1949 4686 contra
1968 4608 2131 4688 Vitaiem
2150 4609 2288 4695 Niceti,

863 4737 902 4813 in
921 4734 1084 4843 quadam
1108 4735 1374 4843 appellaeionis
1401 4765 1510 4814 eausa
1536 4738 1585 4815 ad
1604 4740 1769 4817 eundem
1792 4738 1964 4847 judicem
1983 4737 2203 4844 interposite
2223 4764 2292 4843 per

864 4867 984 4947 dictos
1004 4865 1146 4958 fratres,
1164 4868 1366 4975 aquodam
1386 4886 1565 4976 precepto
1585 4870 1799 4949 executorio
1819 4898 1888 4977 per
1896 4866 2066 4977 judicem
2085 4868 2292 4976 Laurague

864 5000 926 5092 sii,
951 5028 1019 5077 seu
1034 4998 1083 5077 de
1101 4998 1183 5108 ejus
1198 5000 1377 5079 mandato
1393 4998 1490 5078 iacto
1503 5015 1632 5080 contra
1645 5002 1748 5110 ipsos
1761 5028 1831 5107 pro
1851 5000 1954 5077 dicto
1969 4996 2098 5087 vitati,
2115 5026 2185 5104 per
2197 5025 2293 5076 eun-

865 5128 953 5208 deni
967 5129 1128 5210 Vitaiem
1148 5131 1197 5209 ad
1215 5149 1383 5211 nostram
1402 5131 1534 5212 suisset
1552 5134 1694 5211 emiam
1713 5122 1944 5239 appellatum
1955 5161 1963 5207 ι
1976 5128 2020 5207 ln
2038 5156 2147 5207 causa
2169 5129 2293 5235 appel·

864 5262 1014 5340 lationis
1033 5263 1271 5371 hujusmodi,
1293 5264 1432 5342 auditis
1450 5263 1666 5343 racionibus
1679 5262 1849 5370 parcium
1863 5259 2134 5369 predictarum,
2152 5277 2191 5338 et
2204 5260 2293 5341 visis

865 5394 1124 5473 instrumentis
1148 5410 1185 5472 et
1202 5395 1442 5501 processibus
1461 5394 1704 5484 earumdem,
1725 5418 1793 5500 per
1812 5392 1916 5470 curie
1935 5406 2067 5469 nostre
2081 5390 2288 5500 judicium,

865 5526 1009 5604 dictum
1039 5524 1109 5604 suit
1136 5542 1175 5605 et
1203 5527 1495 5633 pronunciatum
1523 5527 1668 5603 dictum
1692 5522 1864 5632 judicem
1892 5518 2196 5631 appellaciouum
2222 5549 2290 5604 seu
