5817 7292
1044 1097 1307 1204 uuouaras
1331 1113 1396 1186 ar
1423 1094 1628 1188 procus.
1972 1114 2045 1189 aaa

620 1259 726 1338 bitur
743 1256 958 1338 commissio
978 1254 1027 1334 ad
1044 1271 1166 1336 certos
1186 1253 1378 1334 auditores
1391 1252 1532 1360 quibus
1552 1252 1725 1334 mittatur
1741 1253 1837 1330 dicta
1854 1254 2042 1361 inquesta,
2083 1271 2269 1340 Prummu,

622 1405 659 1468 at
678 1389 763 1495 qui,
785 1387 923 1466 voeatis
941 1385 1131 1494 partibus,
1151 1384 1290 1463 dictam
1312 1384 1523 1490 inquestam
1545 1382 1757 1488 perficient,
1774 1399 1812 1460 et
1827 1382 1963 1464 sacient
1979 1413 2047 1490 per
2147 1367 2208 1408 Μ’

493 1619 496 1624 ¹
616 1521 876 1626 juramentum
894 1518 1080 1623 parcium,
1101 1546 1189 1596 cum
1211 1515 1382 1594 nondum
1406 1516 1455 1594 sit
1473 1513 1696 1620 adplenum
1715 1541 1940 1620 responsum
1959 1545 2048 1620 pro·

620 1650 753 1756 positis
766 1679 812 1730 ex
824 1666 985 1756 utraque
996 1666 1103 1756 parte
1119 1646 1281 1757 siugobs
1293 1647 1476 1736 articulis,
1492 1646 1732 1752 responderi,
1750 1663 1804 1736 et,
1820 1664 1896 1727 taur
1915 1648 1963 1724 de
1982 1647 2048 1727 soi-

621 1782 729 1862 sitate
746 1780 901 1860 testium
921 1781 1197 1887 productorum
1214 1807 1328 1885 quam
1349 1779 1397 1856 de
1416 1779 1499 1858 aliis
1516 1806 1590 1884 que
1611 1779 1817 1883 apartibus
1834 1809 2048 1890 proponen-

620 1930 696 2000 tur,
705 1910 901 2018 inquirent
909 1910 1382 2019 diligenterveritatem,et
1391 1910 1604 2017 inquestaat
1615 1937 1727 2016 super
1736 1913 1811 1992 hoc
1819 1913 2046 2020 completam
2088 1943 2094 1954 ·

620 2044 669 2120 ad
685 2041 828 2122 curiam
845 2059 1011 2122 nostram
1032 2041 1238 2120 remittent.

676 2174 784 2252 Laus
804 2173 984 2278 predicta.

673 2305 777 2411 Roya
794 2303 997 2410 reportavit
1016 2321 1055 2382 et
1074 2303 1190 2384 babet
1207 2304 1344 2382 adbuc.

556 2479 561 2488 ⁴
673 2435 729 2514 Ex
753 2463 862 2514 musa
884 2435 1097 2514 bernardus
1116 2435 1165 2514 de
1184 2435 1305 2518 Meiso
1324 2434 1497 2514 mittatur
1515 2465 1602 2514 cnm
1620 2436 1757 2516 ballivo
1778 2439 2045 2520 Calui-Montis

618 2565 667 2647 ad
685 2564 970 2676 inquirendum.

674 2828 766 2906 XLI.
797 2829 896 2906 Cum
915 2841 996 2906 orta
1016 2843 1116 2906 emet
1132 2827 1337 2914 discordia,
1358 2827 1399 2904 in
1416 2827 1522 2904 curia
1545 2842 1688 2917 nostra,
1710 2828 1809 2910 iuter
1826 2829 2044 2936 episcopum

618 2955 1427 3066 Belvaceusem,exunaparte,etdusellum
1438 2955 1673 3047 Buticularii,
1685 2957 1843 3038 militem
1854 2979 2042 3052 nostrum,

618 3117 663 3166 ex
677 3089 814 3178 altera,
830 3117 1006 3196 supereo
1020 3089 1129 3196 quod
1142 3088 1268 3168 diuus
1283 3089 1483 3196 episcopus
1494 3089 1729 3196 proponebat
1742 3117 1782 3170 se
1797 3108 1928 3198 gentes
1940 3121 2042 3184 suas,

617 3249 703 3296 curn
721 3219 878 3297 canibus
898 3237 936 3298 et
954 3218 1146 3313 rethibus,
1163 3220 1307 3298 misisse
1324 3221 1374 3298 ad
1390 3219 1549 3298 boscum
1567 3237 1737 3298 vocatum
1754 3221 1802 3298 de
1818 3223 1958 3310 Fossis,
1975 3253 2043 3330 pro

617 3351 821 3428 chaciando
839 3350 983 3429 ibidem
999 3351 1049 3427 ad
1062 3378 1208 3456 grossas
1222 3350 1377 3438 bestias,
1392 3349 1441 3426 ad
1451 3377 1567 3455 wem
1585 3349 1711 3428 locum
1725 3368 1857 3458 gentes
1869 3354 1960 3432 dicti
1970 3355 2044 3432 An-

615 3481 698 3560 selli
714 3482 908 3560 venientes
921 3497 1103 3587 cepemnt
1114 3497 1246 3588 gentes
1260 3479 1352 3558 dicti
1366 3480 1553 3588 episcopi,
1571 3508 1680 3558 canes
1699 3498 1736 3558 et
1752 3483 1874 3560 rethia
1892 3507 2043 3574 eorum,

617 3613 777 3692 dicendo
797 3612 943 3690 dictum
962 3610 1158 3690 Assellum
1179 3612 1219 3690 in
1239 3611 1340 3692 dicto
1356 3611 1474 3690 bosco
1491 3611 1630 3690 babere
1646 3639 1866 3718 garennam,
1889 3617 2041 3722 gardam
2171 3661 2176 3672 ·

613 3770 779 3851 garenna
792 3771 837 3820 ac
845 3742 1037 3850 justiciam
1052 3744 1100 3822 ad
1114 3743 1268 3850 gardam
1284 3771 1449 3851 gersam
1470 3742 1740 3848 pertinentem,
1756 3745 1934 3850 gentibus
1952 3748 2041 3826 dicti

615 3874 780 3981 episcopi
795 3874 870 3952 boc
884 3873 1125 3982 negantibus,
1143 3873 1273 3979 plures
1290 3875 1461 3954 raciones
1478 3901 1498 3952 e
1515 3873 1703 3952 contrario
1721 3875 2037 3979 proponentibus,

615 4021 653 4083 et
668 4004 882 4082 dicentibus
895 4005 1003 4112 quod
1019 4005 1162 4084 dictum
1176 4032 1328 4095 nemus,
1349 4021 1521 4082 vocatum
1543 4003 1590 4080 de
1611 4003 1748 4091 Fossis,
1769 4019 1826 4082 ast
1843 4007 2040 4110 proprium

615 4134 836 4214 domanium
856 4135 945 4214 dicti
965 4134 1149 4244 episcopi,
1172 4151 1210 4214 et
1228 4136 1282 4215 ibi
1301 4135 1418 4214 habet
1425 4133 1616 4242 justiciam
1632 4149 1671 4212 et
1687 4151 1765 4210 erat
1780 4132 1833 4212 ibi
1850 4133 1889 4212 in
1906 4137 2042 4218 saisina
2123 4191 2133 4202 ·

615 4265 809 4344 chacisudi
824 4266 872 4346 ad
885 4294 1052 4373 grossam
1065 4265 1245 4354 bestiam,
1261 4283 1300 4343 et
1311 4266 1418 4372 quod
1434 4265 1515 4370 ipse
1527 4280 1660 4372 gentes
1675 4263 1765 4342 dicti
1779 4263 1939 4356 Anselli,
1954 4270 2040 4346 cha-

615 4396 754 4474 ciautes
770 4394 932 4486 ibidem,
949 4396 1051 4475 licite
1068 4415 1236 4504 ceperat,
1252 4415 1444 4503 umquam
1460 4393 1729 4484 forisfacientes
1747 4396 1787 4472 in
1803 4395 1980 4476 domanio
2001 4419 2040 4480 et

608 4525 760 4635 justicia
777 4555 863 4616 sua;
887 4527 1105 4615 etidcirco,
1126 4545 1282 4635 propter
1302 4527 1485 4606 debatmn
1507 4525 1693 4604 dictarum
1712 4527 1898 4633 parcium,
1920 4557 1981 4606 res
2001 4548 2040 4608 et

612 4655 726 4762 prisie
745 4656 915 4764 predicte
933 4656 1092 4736 fuerunt
1107 4658 1148 4734 in
1167 4685 1285 4737 manu
1299 4674 1445 4744 nostra,
1465 4673 1656 4763 tamquam
1672 4657 1875 4762 superioris
1893 4661 2036 4764 posite;

612 4815 728 4895 quare
745 4787 898 4894 petebat
916 4789 1041 4868 dictus
1059 4790 1257 4896 opiscopus
1274 4789 1429 4895 prisiam
1448 4811 1564 4896 super
1577 4789 1651 4868 boc
1660 4790 1888 4899 justiciando
1901 4789 2036 4870 sactum

611 4936 829 5028 pergentes
851 4949 937 4998 suas
961 4919 1211 5027 degentibus
1234 4919 1325 4998 dicti
1351 4919 1496 5000 Anselli
1520 4919 1661 5000 debere
1687 4921 1727 5000 in
1752 4949 1866 5000 manu
1889 4951 1955 5003 sua
1976 4951 2037 5000 re-

611 5050 719 5154 poni,
736 5067 928 5157 tamqsram
943 5050 984 5128 in
1000 5079 1115 5130 mauu
1129 5051 1280 5158 justicie
1296 5050 1372 5130 loci
1386 5051 1563 5157 predicti,
1577 5067 1615 5128 et
1635 5050 1782 5156 prisias,
1799 5079 1867 5158 per
1889 5053 2031 5164 dictum

611 5178 805 5260 Ansellum
815 5180 959 5262 ibidem
968 5180 1098 5270 sauss,
1109 5182 1182 5262 sibi
1191 5181 1318 5272 reddi,
1332 5198 1371 5261 et
1380 5181 1713 5288 impedimentum,
1725 5209 1794 5288 per
1807 5182 1950 5262 dictum
1962 5183 2034 5260 An·

612 5309 749 5389 aelirum
766 5311 806 5390 in
821 5341 889 5392 sua
900 5313 1035 5392 meina
1047 5312 1192 5392 ibidem
1204 5313 1398 5392 chaciandi
1412 5313 1642 5418 appositum,
1659 5314 1839 5401 amoveri,
1857 5314 2026 5418 predicto

612 5435 764 5523 Aucto
790 5445 830 5520 in
854 5443 1085 5522 contrarium
1105 5459 1340 5550 proponente
1359 5459 1398 5520 et
1416 5459 1568 5548 petente
1592 5444 1708 5522 dictas
1728 5443 1873 5548 prisias,
1901 5471 1968 5546 per
1990 5470 2035 5518 se.
