<?xml version="1.0" encoding="UTF-8"?>
<!DOCTYPE html PUBLIC "-//W3C//DTD XHTML 1.0 Transitional//EN"
    "http://www.w3.org/TR/xhtml1/DTD/xhtml1-transitional.dtd">
<html xmlns="http://www.w3.org/1999/xhtml" xml:lang="en" lang="en">
 <head>
  <title>
</title>
<meta http-equiv="Content-Type" content="text/html;charset=utf-8" />
  <meta name='ocr-system' content='tesseract 3.04.00' />
  <meta name='ocr-capabilities' content='ocr_page ocr_carea ocr_par ocr_line ocrx_word'/>
</head>
<body>
  <div class='ocr_page' id='page_1' title='image "./lesolimouregist00pargoog_0402.png"; bbox 0 0 5817 7292; ppageno 0'>
   <div class='ocr_carea' id='block_1_1' title="bbox 873 1079 1712 1156">
    <p class='ocr_par' dir='ltr' id='par_1_1' title="bbox 873 1079 1712 1156">
     <span class='ocr_line' id='line_1_1' title="bbox 873 1079 1712 1156; baseline -0.004 0"><span class='ocrx_word' id='word_1_1' title='bbox 873 1085 946 1156; x_wconf 79' lang='lat'><strong>296</strong></span> <span class='ocrx_word' id='word_1_2' title='bbox 1450 1080 1541 1154; x_wconf 83' lang='lat' dir='ltr'><strong>LES</strong></span> <span class='ocrx_word' id='word_1_3' title='bbox 1572 1079 1712 1154; x_wconf 88' lang='lat' dir='ltr'><strong>OLIM.</strong></span> 
     </span>
    </p>
   </div>
   <div class='ocr_carea' id='block_1_2' title="bbox 647 1221 2308 2092">
    <p class='ocr_par' dir='ltr' id='par_1_2' title="bbox 647 1221 2308 1994">
     <span class='ocr_line' id='line_1_2' title="bbox 647 1221 2308 1332; baseline 0.001 -30"><span class='ocrx_word' id='word_1_4' title='bbox 647 1230 776 1284; x_wconf 64' lang='lat' dir='ltr'><strong>Pfflfflrss</strong></span> <span class='ocrx_word' id='word_1_5' title='bbox 789 1231 831 1293; x_wconf 75' lang='lat' dir='ltr'><strong>tv.</strong></span> <span class='ocrx_word' id='word_1_6' title='bbox 870 1225 999 1304; x_wconf 80' lang='lat' dir='ltr'><strong>lasset:</strong></span> <span class='ocrx_word' id='word_1_7' title='bbox 1013 1226 1202 1317; x_wconf 80' lang='lat' dir='ltr'><strong>Tandem,</strong></span> <span class='ocrx_word' id='word_1_8' title='bbox 1214 1225 1254 1302; x_wconf 90' lang='lat' dir='ltr'><strong>in</strong></span> <span class='ocrx_word' id='word_1_9' title='bbox 1275 1251 1383 1303; x_wconf 88' lang='lat' dir='ltr'><strong>causa</strong></span> <span class='ocrx_word' id='word_1_10' title='bbox 1402 1224 1502 1302; x_wconf 86' lang='lat' dir='ltr'><strong>dicte</strong></span> <span class='ocrx_word' id='word_1_11' title='bbox 1520 1221 1800 1330; x_wconf 85' lang='lat' dir='ltr'><strong>appellacionis‚</strong></span> <span class='ocrx_word' id='word_1_12' title='bbox 1813 1225 1991 1332; x_wconf 79' lang='lat' dir='ltr'><strong>predictis</strong></span> <span class='ocrx_word' id='word_1_13' title='bbox 2009 1225 2176 1332; x_wconf 82' lang='lat' dir='ltr'><strong>partibus</strong></span> <span class='ocrx_word' id='word_1_14' title='bbox 2194 1229 2308 1306; x_wconf 83' lang='lat' dir='ltr'><strong>audi.</strong></span> 
     </span>
     <span class='ocr_line' id='line_1_3' title="bbox 708 1323 2295 1464; baseline 0.003 -30"><span class='ocrx_word' id='word_1_15' title='bbox 708 1323 769 1365; x_wconf 53' lang='grc' dir='ltr'><strong>Μ’</strong></span> <span class='ocrx_word' id='word_1_16' title='bbox 869 1357 918 1434; x_wconf 86' lang='lat' dir='ltr'><strong>tis</strong></span> <span class='ocrx_word' id='word_1_17' title='bbox 934 1374 973 1435; x_wconf 89' lang='lat' dir='ltr'><strong>et</strong></span> <span class='ocrx_word' id='word_1_18' title='bbox 983 1357 1070 1435; x_wconf 88' lang='lat' dir='ltr'><strong>visis</strong></span> <span class='ocrx_word' id='word_1_19' title='bbox 1087 1375 1166 1434; x_wconf 89' lang='lat' dir='ltr'><strong>tam</strong></span> <span class='ocrx_word' id='word_1_20' title='bbox 1180 1385 1292 1434; x_wconf 86' lang='lat' dir='ltr'><strong>cause</strong></span> <span class='ocrx_word' id='word_1_21' title='bbox 1303 1354 1519 1462; x_wconf 89' lang='lat' dir='ltr'><strong>principalis</strong></span> <span class='ocrx_word' id='word_1_22' title='bbox 1535 1383 1648 1462; x_wconf 87' lang='lat' dir='ltr'><strong>quam</strong></span> <span class='ocrx_word' id='word_1_23' title='bbox 1670 1355 1937 1463; x_wconf 88' lang='lat' dir='ltr'><strong>appellacionis</strong></span> <span class='ocrx_word' id='word_1_24' title='bbox 1955 1357 2126 1464; x_wconf 80' lang='lat' dir='ltr'><strong>predicte</strong></span> <span class='ocrx_word' id='word_1_25' title='bbox 2146 1387 2295 1464; x_wconf 90' lang='lat' dir='ltr'><strong>proces·</strong></span> 
     </span>
     <span class='ocr_line' id='line_1_4' title="bbox 870 1486 2295 1596; baseline 0.002 -31"><span class='ocrx_word' id='word_1_26' title='bbox 870 1488 990 1578; x_wconf 88' lang='lat' dir='ltr'><strong>sibus,</strong></span> <span class='ocrx_word' id='word_1_27' title='bbox 1001 1493 1070 1594; x_wconf 87' lang='lat' dir='ltr'><strong>per</strong></span> <span class='ocrx_word' id='word_1_28' title='bbox 1082 1505 1250 1566; x_wconf 82' lang='lat' dir='ltr'><strong>nostram</strong></span> <span class='ocrx_word' id='word_1_29' title='bbox 1267 1486 1339 1563; x_wconf 84' lang='lat' dir='ltr'><strong>suit</strong></span> <span class='ocrx_word' id='word_1_30' title='bbox 1351 1487 1493 1564; x_wconf 90' lang='lat' dir='ltr'><strong>curiam</strong></span> <span class='ocrx_word' id='word_1_31' title='bbox 1510 1486 1726 1564; x_wconf 87' lang='lat' dir='ltr'><strong>ordinatum</strong></span> <span class='ocrx_word' id='word_1_32' title='bbox 1741 1488 1863 1593; x_wconf 93' lang='lat' dir='ltr'><strong>quod,</strong></span> <span class='ocrx_word' id='word_1_33' title='bbox 1878 1505 2005 1566; x_wconf 85' lang='lat' dir='ltr'><strong>amoto</strong></span> <span class='ocrx_word' id='word_1_34' title='bbox 2020 1487 2295 1596; x_wconf 85' lang='lat' dir='ltr'><strong>impedimento</strong></span> 
     </span>
     <span class='ocr_line' id='line_1_5' title="bbox 868 1617 2293 1729; baseline 0.003 -31"><span class='ocrx_word' id='word_1_35' title='bbox 868 1651 937 1728; x_wconf 91' lang='lat' dir='ltr'><strong>per</strong></span> <span class='ocrx_word' id='word_1_36' title='bbox 955 1620 1101 1698; x_wconf 87' lang='lat' dir='ltr'><strong>dictum</strong></span> <span class='ocrx_word' id='word_1_37' title='bbox 1121 1618 1361 1726; x_wconf 83' lang='lat' dir='ltr'><strong>Arnuipbnm</strong></span> <span class='ocrx_word' id='word_1_38' title='bbox 1383 1620 1424 1695; x_wconf 92' lang='lat' dir='ltr'><strong>in</strong></span> <span class='ocrx_word' id='word_1_39' title='bbox 1442 1617 1577 1696; x_wconf 77' lang='lat' dir='ltr'><strong>saisina</strong></span> <span class='ocrx_word' id='word_1_40' title='bbox 1598 1617 1697 1696; x_wconf 84' lang='lat' dir='ltr'><strong>dicte</strong></span> <span class='ocrx_word' id='word_1_41' title='bbox 1719 1620 1933 1700; x_wconf 80' lang='lat' dir='ltr'><strong>medietatis</strong></span> <span class='ocrx_word' id='word_1_42' title='bbox 1953 1621 2090 1699; x_wconf 89' lang='lat' dir='ltr'><strong>domus</strong></span> <span class='ocrx_word' id='word_1_43' title='bbox 2105 1622 2293 1729; x_wconf 81' lang='lat' dir='ltr'><strong>apposito,</strong></span> 
     </span>
     <span class='ocr_line' id='line_1_6' title="bbox 868 1750 2295 1860; baseline 0.003 -32"><span class='ocrx_word' id='word_1_44' title='bbox 868 1751 1038 1857; x_wconf 87' lang='lat' dir='ltr'><strong>predicta</strong></span> <span class='ocrx_word' id='word_1_45' title='bbox 1053 1751 1187 1828; x_wconf 82' lang='lat' dir='ltr'><strong>saisina</strong></span> <span class='ocrx_word' id='word_1_46' title='bbox 1200 1750 1326 1828; x_wconf 87' lang='lat' dir='ltr'><strong>eidem</strong></span> <span class='ocrx_word' id='word_1_47' title='bbox 1337 1750 1528 1838; x_wconf 84' lang='lat' dir='ltr'><strong>Jobanne,</strong></span> <span class='ocrx_word' id='word_1_48' title='bbox 1543 1766 1730 1856; x_wconf 89' lang='lat' dir='ltr'><strong>quantum</strong></span> <span class='ocrx_word' id='word_1_49' title='bbox 1741 1751 1789 1830; x_wconf 91' lang='lat' dir='ltr'><strong>ad</strong></span> <span class='ocrx_word' id='word_1_50' title='bbox 1801 1752 1947 1831; x_wconf 77' lang='lat' dir='ltr'><strong>dictum</strong></span> <span class='ocrx_word' id='word_1_51' title='bbox 1959 1751 2216 1860; x_wconf 87' lang='lat' dir='ltr'><strong>Arnnlpbum,</strong></span> <span class='ocrx_word' id='word_1_52' title='bbox 2228 1754 2295 1832; x_wconf 91' lang='lat' dir='ltr'><strong>de·</strong></span> 
     </span>
     <span class='ocr_line' id='line_1_7' title="bbox 869 1879 2292 1994; baseline 0.002 -35"><span class='ocrx_word' id='word_1_53' title='bbox 869 1882 1101 1972; x_wconf 87' lang='lat' dir='ltr'><strong>liberabitur,</strong></span> <span class='ocrx_word' id='word_1_54' title='bbox 1119 1881 1219 1960; x_wconf 84' lang='lat' dir='ltr'><strong>salvo</strong></span> <span class='ocrx_word' id='word_1_55' title='bbox 1238 1898 1367 1958; x_wconf 85' lang='lat' dir='ltr'><strong>tamen</strong></span> <span class='ocrx_word' id='word_1_56' title='bbox 1386 1908 1500 1986; x_wconf 87' lang='lat' dir='ltr'><strong>super</strong></span> <span class='ocrx_word' id='word_1_57' title='bbox 1519 1879 1608 1969; x_wconf 90' lang='lat' dir='ltr'><strong>hiis,</strong></span> <span class='ocrx_word' id='word_1_58' title='bbox 1631 1881 1670 1958; x_wconf 90' lang='lat' dir='ltr'><strong>in</strong></span> <span class='ocrx_word' id='word_1_59' title='bbox 1686 1882 1881 1973; x_wconf 90' lang='lat' dir='ltr'><strong>omnibus,</strong></span> <span class='ocrx_word' id='word_1_60' title='bbox 1899 1884 1986 1993; x_wconf 84' lang='lat' dir='ltr'><strong>jure</strong></span> <span class='ocrx_word' id='word_1_61' title='bbox 2006 1883 2155 1963; x_wconf 90' lang='lat' dir='ltr'><strong>domini</strong></span> <span class='ocrx_word' id='word_1_62' title='bbox 2170 1885 2292 1994; x_wconf 84' lang='lat' dir='ltr'><strong>Regis.</strong></span> 
     </span>
    </p>

    <p class='ocr_par' dir='ltr' id='par_1_3' title="bbox 926 2011 1408 2092">
     <span class='ocr_line' id='line_1_8' title="bbox 926 2011 1408 2092; baseline -0.01 -1"><span class='ocrx_word' id='word_1_63' title='bbox 926 2013 1053 2092; x_wconf 87' lang='lat' dir='ltr'><strong>Martis</strong></span> <span class='ocrx_word' id='word_1_64' title='bbox 1072 2027 1159 2090; x_wconf 86' lang='lat' dir='ltr'><strong>ante</strong></span> <span class='ocrx_word' id='word_1_65' title='bbox 1177 2011 1408 2090; x_wconf 87' lang='lat' dir='ltr'><strong>Brandones.</strong></span> 
     </span>
    </p>
   </div>
   <div class='ocr_carea' id='block_1_3' title="bbox 868 2274 2294 5001">
    <p class='ocr_par' dir='ltr' id='par_1_4' title="bbox 868 2274 2294 4740">
     <span class='ocr_line' id='line_1_9' title="bbox 925 2274 2292 2384; baseline 0.001 -32"><span class='ocrx_word' id='word_1_66' title='bbox 925 2278 1085 2356; x_wconf 86' lang='lat' dir='ltr'><strong>XXXIV.</strong></span> <span class='ocrx_word' id='word_1_67' title='bbox 1115 2277 1158 2352; x_wconf 91' lang='lat' dir='ltr'><strong>ln</strong></span> <span class='ocrx_word' id='word_1_68' title='bbox 1178 2303 1287 2353; x_wconf 87' lang='lat' dir='ltr'><strong>causa</strong></span> <span class='ocrx_word' id='word_1_69' title='bbox 1306 2292 1409 2352; x_wconf 90' lang='lat' dir='ltr'><strong>mota</strong></span> <span class='ocrx_word' id='word_1_70' title='bbox 1427 2274 1527 2352; x_wconf 84' lang='lat' dir='ltr'><strong>inter</strong></span> <span class='ocrx_word' id='word_1_71' title='bbox 1547 2274 1748 2354; x_wconf 89' lang='lat' dir='ltr'><strong>dominum</strong></span> <span class='ocrx_word' id='word_1_72' title='bbox 1769 2275 1817 2354; x_wconf 92' lang='lat' dir='ltr'><strong>de</strong></span> <span class='ocrx_word' id='word_1_73' title='bbox 1836 2276 1997 2354; x_wconf 83' lang='lat' dir='ltr'><strong>Buxeria</strong></span> <span class='ocrx_word' id='word_1_74' title='bbox 2017 2293 2054 2354; x_wconf 87' lang='lat' dir='ltr'><strong>et</strong></span> <span class='ocrx_word' id='word_1_75' title='bbox 2072 2277 2292 2384; x_wconf 79' lang='lat' dir='ltr'><strong>magistrum</strong></span> 
     </span>
     <span class='ocr_line' id='line_1_10' title="bbox 871 2404 2292 2513; baseline -0.001 -27"><span class='ocrx_word' id='word_1_76' title='bbox 871 2409 1105 2513; x_wconf 85' lang='lat' dir='ltr'><strong>Stephanum</strong></span> <span class='ocrx_word' id='word_1_77' title='bbox 1127 2408 1174 2484; x_wconf 93' lang='lat' dir='ltr'><strong>de</strong></span> <span class='ocrx_word' id='word_1_78' title='bbox 1196 2404 1484 2485; x_wconf 86' lang='lat' dir='ltr'><strong>SanctoPoncio</strong></span> <span class='ocrx_word' id='word_1_79' title='bbox 1505 2434 1618 2511; x_wconf 90' lang='lat' dir='ltr'><strong>super</strong></span> <span class='ocrx_word' id='word_1_80' title='bbox 1638 2405 1882 2486; x_wconf 87' lang='lat' dir='ltr'><strong>edificacione</strong></span> <span class='ocrx_word' id='word_1_81' title='bbox 1899 2408 2035 2502; x_wconf 80' lang='lat' dir='ltr'><strong>domus</strong></span> <span class='ocrx_word' id='word_1_82' title='bbox 2051 2408 2099 2485; x_wconf 91' lang='lat' dir='ltr'><strong>de</strong></span> <span class='ocrx_word' id='word_1_83' title='bbox 2116 2409 2292 2496; x_wconf 88' lang='lat' dir='ltr'><strong>Forneto,</strong></span> 
     </span>
     <span class='ocr_line' id='line_1_11' title="bbox 869 2535 2293 2647; baseline 0 -31"><span class='ocrx_word' id='word_1_84' title='bbox 869 2569 985 2647; x_wconf 90' lang='lat' dir='ltr'><strong>quam</strong></span> <span class='ocrx_word' id='word_1_85' title='bbox 1005 2539 1097 2616; x_wconf 89' lang='lat' dir='ltr'><strong>dicit</strong></span> <span class='ocrx_word' id='word_1_86' title='bbox 1117 2537 1237 2615; x_wconf 75' lang='lat' dir='ltr'><strong>dictare</strong></span> <span class='ocrx_word' id='word_1_87' title='bbox 1258 2537 1436 2615; x_wconf 89' lang='lat' dir='ltr'><strong>dominus</strong></span> <span class='ocrx_word' id='word_1_88' title='bbox 1456 2564 1535 2614; x_wconf 89' lang='lat' dir='ltr'><strong>esse</strong></span> <span class='ocrx_word' id='word_1_89' title='bbox 1559 2535 1717 2615; x_wconf 90' lang='lat' dir='ltr'><strong>domurn</strong></span> <span class='ocrx_word' id='word_1_90' title='bbox 1737 2538 1875 2618; x_wconf 78' lang='lat' dir='ltr'><strong>fortem</strong></span> <span class='ocrx_word' id='word_1_91' title='bbox 1899 2557 1936 2618; x_wconf 82' lang='lat' dir='ltr'><strong>et</strong></span> <span class='ocrx_word' id='word_1_92' title='bbox 1955 2541 2003 2617; x_wconf 89' lang='lat' dir='ltr'><strong>de</strong></span> <span class='ocrx_word' id='word_1_93' title='bbox 2024 2566 2120 2618; x_wconf 85' lang='lat' dir='ltr'><strong>novo</strong></span> <span class='ocrx_word' id='word_1_94' title='bbox 2141 2538 2293 2616; x_wconf 88' lang='lat' dir='ltr'><strong>edifica·</strong></span> 
     </span>
     <span class='ocr_line' id='line_1_12' title="bbox 869 2667 2294 2780; baseline 0.001 -34"><span class='ocrx_word' id='word_1_95' title='bbox 869 2689 944 2746; x_wconf 88' lang='lat' dir='ltr'><strong>tam</strong></span> <span class='ocrx_word' id='word_1_96' title='bbox 963 2669 1060 2747; x_wconf 81' lang='lat' dir='ltr'><strong>infra</strong></span> <span class='ocrx_word' id='word_1_97' title='bbox 1078 2670 1273 2751; x_wconf 84' lang='lat' dir='ltr'><strong>baroniam</strong></span> <span class='ocrx_word' id='word_1_98' title='bbox 1290 2669 1398 2748; x_wconf 86' lang='lat' dir='ltr'><strong>castri</strong></span> <span class='ocrx_word' id='word_1_99' title='bbox 1422 2667 1480 2746; x_wconf 93' lang='lat' dir='ltr'><strong>sui</strong></span> <span class='ocrx_word' id='word_1_100' title='bbox 1497 2669 1545 2746; x_wconf 91' lang='lat' dir='ltr'><strong>de</strong></span> <span class='ocrx_word' id='word_1_101' title='bbox 1559 2670 1736 2763; x_wconf 83' lang='lat' dir='ltr'><strong>Bureria,</strong></span> <span class='ocrx_word' id='word_1_102' title='bbox 1755 2671 1794 2747; x_wconf 96' lang='lat' dir='ltr'><strong>in</strong></span> <span class='ocrx_word' id='word_1_103' title='bbox 1810 2671 1868 2749; x_wconf 91' lang='lat' dir='ltr'><strong>sui</strong></span> <span class='ocrx_word' id='word_1_104' title='bbox 1883 2670 2136 2780; x_wconf 87' lang='lat' dir='ltr'><strong>prejudicium</strong></span> <span class='ocrx_word' id='word_1_105' title='bbox 2153 2687 2192 2748; x_wconf 82' lang='lat' dir='ltr'><strong>et</strong></span> <span class='ocrx_word' id='word_1_106' title='bbox 2204 2697 2294 2748; x_wconf 94' lang='lat' dir='ltr'><strong>con·</strong></span> 
     </span>
     <span class='ocr_line' id='line_1_13' title="bbox 869 2799 2294 2908; baseline -0.001 -30"><span class='ocrx_word' id='word_1_107' title='bbox 869 2819 925 2878; x_wconf 89' lang='lat' dir='ltr'><strong>tra</strong></span> <span class='ocrx_word' id='word_1_108' title='bbox 942 2801 1258 2879; x_wconf 85' lang='lat' dir='ltr'><strong>consuetudinem</strong></span> <span class='ocrx_word' id='word_1_109' title='bbox 1279 2799 1354 2877; x_wconf 92' lang='lat' dir='ltr'><strong>loci</strong></span> <span class='ocrx_word' id='word_1_110' title='bbox 1369 2799 1548 2907; x_wconf 87' lang='lat' dir='ltr'><strong>predicti,</strong></span> <span class='ocrx_word' id='word_1_111' title='bbox 1571 2800 1647 2878; x_wconf 88' lang='lat' dir='ltr'><strong>visa</strong></span> <span class='ocrx_word' id='word_1_112' title='bbox 1666 2801 1838 2907; x_wconf 87' lang='lat' dir='ltr'><strong>inquesta</strong></span> <span class='ocrx_word' id='word_1_113' title='bbox 1858 2830 1971 2908; x_wconf 89' lang='lat' dir='ltr'><strong>super</strong></span> <span class='ocrx_word' id='word_1_114' title='bbox 1987 2803 2059 2880; x_wconf 92' lang='lat' dir='ltr'><strong>hoc</strong></span> <span class='ocrx_word' id='word_1_115' title='bbox 2074 2801 2167 2880; x_wconf 80' lang='lat' dir='ltr'><strong>iacta</strong></span> <span class='ocrx_word' id='word_1_116' title='bbox 2180 2829 2294 2908; x_wconf 88' lang='lat' dir='ltr'><strong>prop-</strong></span> 
     </span>
     <span class='ocr_line' id='line_1_14' title="bbox 868 2930 2293 3040; baseline 0 -31"><span class='ocrx_word' id='word_1_117' title='bbox 868 2951 927 3009; x_wconf 88' lang='lat' dir='ltr'><strong>ter</strong></span> <span class='ocrx_word' id='word_1_118' title='bbox 938 2930 1106 3009; x_wconf 85' lang='lat' dir='ltr'><strong>defectus</strong></span> <span class='ocrx_word' id='word_1_119' title='bbox 1115 2931 1155 3008; x_wconf 91' lang='lat' dir='ltr'><strong>in</strong></span> <span class='ocrx_word' id='word_1_120' title='bbox 1167 2960 1210 3009; x_wconf 90' lang='lat' dir='ltr'><strong>ea</strong></span> <span class='ocrx_word' id='word_1_121' title='bbox 1228 2949 1415 3038; x_wconf 90' lang='lat' dir='ltr'><strong>repertos,</strong></span> <span class='ocrx_word' id='word_1_122' title='bbox 1431 2930 1519 3021; x_wconf 80' lang='lat' dir='ltr'><strong>fuit,</strong></span> <span class='ocrx_word' id='word_1_123' title='bbox 1530 2960 1599 3038; x_wconf 92' lang='lat' dir='ltr'><strong>per</strong></span> <span class='ocrx_word' id='word_1_124' title='bbox 1610 2930 1755 3010; x_wconf 86' lang='lat' dir='ltr'><strong>curiam</strong></span> <span class='ocrx_word' id='word_1_125' title='bbox 1762 2950 1944 3024; x_wconf 87' lang='lat' dir='ltr'><strong>nostram,</strong></span> <span class='ocrx_word' id='word_1_126' title='bbox 1960 2933 2178 3012; x_wconf 86' lang='lat' dir='ltr'><strong>ordinatum</strong></span> <span class='ocrx_word' id='word_1_127' title='bbox 2190 2931 2293 3040; x_wconf 90' lang='lat' dir='ltr'><strong>quod</strong></span> 
     </span>
     <span class='ocr_line' id='line_1_15' title="bbox 868 3060 2292 3172; baseline 0.001 -34"><span class='ocrx_word' id='word_1_128' title='bbox 868 3062 1109 3139; x_wconf 85' lang='lat' dir='ltr'><strong>mandabitur</strong></span> <span class='ocrx_word' id='word_1_129' title='bbox 1120 3060 1258 3140; x_wconf 89' lang='lat' dir='ltr'><strong>ballivo</strong></span> <span class='ocrx_word' id='word_1_130' title='bbox 1276 3061 1554 3151; x_wconf 83' lang='lat' dir='ltr'><strong>Matisconensi,</strong></span> <span class='ocrx_word' id='word_1_131' title='bbox 1568 3062 1628 3139; x_wconf 88' lang='lat' dir='ltr'><strong>cui</strong></span> <span class='ocrx_word' id='word_1_132' title='bbox 1639 3063 2035 3170; x_wconf 81' lang='lat' dir='ltr'><strong>remitteturinquesta</strong></span> <span class='ocrx_word' id='word_1_133' title='bbox 2045 3064 2229 3172; x_wconf 88' lang='lat' dir='ltr'><strong>predicta,</strong></span> <span class='ocrx_word' id='word_1_134' title='bbox 2239 3079 2292 3151; x_wconf 88' lang='lat' dir='ltr'><strong>ut,</strong></span> 
     </span>
     <span class='ocr_line' id='line_1_16' title="bbox 869 3193 2293 3301; baseline -0.001 -33"><span class='ocrx_word' id='word_1_135' title='bbox 869 3193 1005 3271; x_wconf 86' lang='lat' dir='ltr'><strong>vocatis</strong></span> <span class='ocrx_word' id='word_1_136' title='bbox 1027 3193 1240 3282; x_wconf 87' lang='lat' dir='ltr'><strong>evocandis,</strong></span> <span class='ocrx_word' id='word_1_137' title='bbox 1259 3221 1328 3299; x_wconf 89' lang='lat' dir='ltr'><strong>per</strong></span> <span class='ocrx_word' id='word_1_138' title='bbox 1348 3209 1464 3270; x_wconf 82' lang='lat' dir='ltr'><strong>testes</strong></span> <span class='ocrx_word' id='word_1_139' title='bbox 1480 3193 1571 3270; x_wconf 86' lang='lat' dir='ltr'><strong>alias</strong></span> <span class='ocrx_word' id='word_1_140' title='bbox 1590 3193 1797 3300; x_wconf 90' lang='lat' dir='ltr'><strong>productos</strong></span> <span class='ocrx_word' id='word_1_141' title='bbox 1820 3193 1859 3272; x_wconf 93' lang='lat' dir='ltr'><strong>in</strong></span> <span class='ocrx_word' id='word_1_142' title='bbox 1879 3193 1980 3271; x_wconf 85' lang='lat' dir='ltr'><strong>dieta</strong></span> <span class='ocrx_word' id='word_1_143' title='bbox 1997 3195 2188 3301; x_wconf 89' lang='lat' dir='ltr'><strong>inquesta,</strong></span> <span class='ocrx_word' id='word_1_144' title='bbox 2206 3221 2293 3268; x_wconf 91' lang='lat' dir='ltr'><strong>cum</strong></span> 
     </span>
     <span class='ocr_line' id='line_1_17' title="bbox 871 3322 2294 3430; baseline 0.001 -32"><span class='ocrx_word' id='word_1_145' title='bbox 871 3325 996 3400; x_wconf 89' lang='lat' dir='ltr'><strong>minus</strong></span> <span class='ocrx_word' id='word_1_146' title='bbox 1011 3323 1241 3402; x_wconf 88' lang='lat' dir='ltr'><strong>sufficienter</strong></span> <span class='ocrx_word' id='word_1_147' title='bbox 1258 3322 1400 3399; x_wconf 86' lang='lat' dir='ltr'><strong>fuerint</strong></span> <span class='ocrx_word' id='word_1_148' title='bbox 1419 3323 1635 3412; x_wconf 82' lang='lat' dir='ltr'><strong>examinati,</strong></span> <span class='ocrx_word' id='word_1_149' title='bbox 1653 3340 1692 3400; x_wconf 84' lang='lat' dir='ltr'><strong>et</strong></span> <span class='ocrx_word' id='word_1_150' title='bbox 1714 3352 1783 3430; x_wconf 89' lang='lat' dir='ltr'><strong>per</strong></span> <span class='ocrx_word' id='word_1_151' title='bbox 1801 3323 1895 3402; x_wconf 87' lang='lat' dir='ltr'><strong>alios</strong></span> <span class='ocrx_word' id='word_1_152' title='bbox 1921 3350 2016 3430; x_wconf 89' lang='lat' dir='ltr'><strong>quos</strong></span> <span class='ocrx_word' id='word_1_153' title='bbox 2043 3324 2143 3400; x_wconf 89' lang='lat' dir='ltr'><strong>dicte</strong></span> <span class='ocrx_word' id='word_1_154' title='bbox 2169 3338 2294 3428; x_wconf 87' lang='lat' dir='ltr'><strong>partes</strong></span> 
     </span>
     <span class='ocr_line' id='line_1_18' title="bbox 870 3452 2289 3562; baseline -0.003 -31"><span class='ocrx_word' id='word_1_155' title='bbox 870 3455 1081 3559; x_wconf 86' lang='lat' dir='ltr'><strong>producere</strong></span> <span class='ocrx_word' id='word_1_156' title='bbox 1095 3452 1302 3542; x_wconf 81' lang='lat' dir='ltr'><strong>voluerint,</strong></span> <span class='ocrx_word' id='word_1_157' title='bbox 1316 3482 1428 3559; x_wconf 91' lang='lat' dir='ltr'><strong>super</strong></span> <span class='ocrx_word' id='word_1_158' title='bbox 1444 3454 1637 3560; x_wconf 88' lang='lat' dir='ltr'><strong>premissis</strong></span> <span class='ocrx_word' id='word_1_159' title='bbox 1651 3453 1838 3562; x_wconf 75' lang='lat' dir='ltr'><strong>inquirat,</strong></span> <span class='ocrx_word' id='word_1_160' title='bbox 1852 3482 1922 3560; x_wconf 91' lang='lat' dir='ltr'><strong>per</strong></span> <span class='ocrx_word' id='word_1_161' title='bbox 1938 3481 1977 3532; x_wconf 89' lang='lat' dir='ltr'><strong>se</strong></span> <span class='ocrx_word' id='word_1_162' title='bbox 1997 3453 2056 3531; x_wconf 90' lang='lat' dir='ltr'><strong>vel</strong></span> <span class='ocrx_word' id='word_1_163' title='bbox 2067 3481 2135 3560; x_wconf 86' lang='lat' dir='ltr'><strong>per</strong></span> <span class='ocrx_word' id='word_1_164' title='bbox 2155 3452 2289 3543; x_wconf 88' lang='lat' dir='ltr'><strong>alium,</strong></span> 
     </span>
     <span class='ocr_line' id='line_1_19' title="bbox 872 3584 2292 3693; baseline -0.003 -33"><span class='ocrx_word' id='word_1_165' title='bbox 872 3584 1075 3693; x_wconf 85' lang='lat' dir='ltr'><strong>diligenter</strong></span> <span class='ocrx_word' id='word_1_166' title='bbox 1092 3585 1305 3674; x_wconf 85' lang='lat' dir='ltr'><strong>veritatem,</strong></span> <span class='ocrx_word' id='word_1_167' title='bbox 1327 3601 1494 3662; x_wconf 83' lang='lat' dir='ltr'><strong>cessante</strong></span> <span class='ocrx_word' id='word_1_168' title='bbox 1513 3585 1617 3662; x_wconf 90' lang='lat' dir='ltr'><strong>omni</strong></span> <span class='ocrx_word' id='word_1_169' title='bbox 1638 3584 1768 3664; x_wconf 81' lang='lat' dir='ltr'><strong>frivola</strong></span> <span class='ocrx_word' id='word_1_170' title='bbox 1786 3585 2060 3693; x_wconf 89' lang='lat' dir='ltr'><strong>appellacione,</strong></span> <span class='ocrx_word' id='word_1_171' title='bbox 2082 3601 2121 3662; x_wconf 85' lang='lat' dir='ltr'><strong>et</strong></span> <span class='ocrx_word' id='word_1_172' title='bbox 2138 3585 2292 3688; x_wconf 88' lang='lat' dir='ltr'><strong>inques-</strong></span> 
     </span>
     <span class='ocr_line' id='line_1_20' title="bbox 870 3714 2288 3823; baseline -0.001 -32"><span class='ocrx_word' id='word_1_173' title='bbox 870 3733 946 3791; x_wconf 88' lang='lat' dir='ltr'><strong>tam</strong></span> <span class='ocrx_word' id='word_1_174' title='bbox 971 3715 1192 3823; x_wconf 82' lang='lat' dir='ltr'><strong>hujusmodi</strong></span> <span class='ocrx_word' id='word_1_175' title='bbox 1217 3715 1328 3822; x_wconf 89' lang='lat' dir='ltr'><strong>plene</strong></span> <span class='ocrx_word' id='word_1_176' title='bbox 1353 3714 1558 3822; x_wconf 81' lang='lat' dir='ltr'><strong>perfectam</strong></span> <span class='ocrx_word' id='word_1_177' title='bbox 1578 3715 1680 3794; x_wconf 88' lang='lat' dir='ltr'><strong>curie</strong></span> <span class='ocrx_word' id='word_1_178' title='bbox 1704 3731 1831 3793; x_wconf 90' lang='lat' dir='ltr'><strong>nostre</strong></span> <span class='ocrx_word' id='word_1_179' title='bbox 1850 3715 2016 3794; x_wconf 81' lang='lat' dir='ltr'><strong>remittat</strong></span> <span class='ocrx_word' id='word_1_180' title='bbox 2029 3715 2288 3823; x_wconf 88' lang='lat' dir='ltr'><strong>judicandam,</strong></span> 
     </span>
     <span class='ocr_line' id='line_1_21' title="bbox 871 3844 2293 3954; baseline -0.001 -31"><span class='ocrx_word' id='word_1_181' title='bbox 871 3864 923 3934; x_wconf 85' lang='lat' dir='ltr'><strong>et,</strong></span> <span class='ocrx_word' id='word_1_182' title='bbox 939 3847 1027 3954; x_wconf 86' lang='lat' dir='ltr'><strong>quia</strong></span> <span class='ocrx_word' id='word_1_183' title='bbox 1036 3847 1139 3924; x_wconf 90' lang='lat' dir='ltr'><strong>dicta</strong></span> <span class='ocrx_word' id='word_1_184' title='bbox 1153 3848 1306 3936; x_wconf 87' lang='lat' dir='ltr'><strong>domus,</strong></span> <span class='ocrx_word' id='word_1_185' title='bbox 1318 3863 1473 3954; x_wconf 88' lang='lat' dir='ltr'><strong>propter</strong></span> <span class='ocrx_word' id='word_1_186' title='bbox 1487 3846 1672 3925; x_wconf 89' lang='lat' dir='ltr'><strong>dictarum</strong></span> <span class='ocrx_word' id='word_1_187' title='bbox 1686 3846 1855 3953; x_wconf 88' lang='lat' dir='ltr'><strong>parcium</strong></span> <span class='ocrx_word' id='word_1_188' title='bbox 1870 3844 2066 3934; x_wconf 86' lang='lat' dir='ltr'><strong>debaturn‚</strong></span> <span class='ocrx_word' id='word_1_189' title='bbox 2079 3845 2127 3923; x_wconf 90' lang='lat' dir='ltr'><strong>ad</strong></span> <span class='ocrx_word' id='word_1_190' title='bbox 2140 3871 2293 3922; x_wconf 85' lang='lat' dir='ltr'><strong>manum</strong></span> 
     </span>
     <span class='ocr_line' id='line_1_22' title="bbox 870 3974 2294 4086; baseline 0.001 -35"><span class='ocrx_word' id='word_1_191' title='bbox 870 3976 1017 4053; x_wconf 90' lang='lat' dir='ltr'><strong>domini</strong></span> <span class='ocrx_word' id='word_1_192' title='bbox 1037 3977 1148 4086; x_wconf 86' lang='lat' dir='ltr'><strong>Regis</strong></span> <span class='ocrx_word' id='word_1_193' title='bbox 1166 3977 1286 4084; x_wconf 91' lang='lat' dir='ltr'><strong>posita</strong></span> <span class='ocrx_word' id='word_1_194' title='bbox 1304 3976 1394 4068; x_wconf 89' lang='lat' dir='ltr'><strong>fuit,</strong></span> <span class='ocrx_word' id='word_1_195' title='bbox 1414 3993 1529 4083; x_wconf 87' lang='lat' dir='ltr'><strong>prout</strong></span> <span class='ocrx_word' id='word_1_196' title='bbox 1553 3993 1793 4055; x_wconf 82' lang='lat' dir='ltr'><strong>asseruerrmt</strong></span> <span class='ocrx_word' id='word_1_197' title='bbox 1814 3975 2058 4083; x_wconf 87' lang='lat' dir='ltr'><strong>inquisitores</strong></span> <span class='ocrx_word' id='word_1_198' title='bbox 2083 4003 2197 4081; x_wconf 88' lang='lat' dir='ltr'><strong>super</strong></span> <span class='ocrx_word' id='word_1_199' title='bbox 2222 3974 2294 4053; x_wconf 91' lang='lat' dir='ltr'><strong>hoc</strong></span> 
     </span>
     <span class='ocr_line' id='line_1_23' title="bbox 871 4103 2294 4210; baseline 0.001 -28"><span class='ocrx_word' id='word_1_200' title='bbox 871 4105 1061 4210; x_wconf 87' lang='lat' dir='ltr'><strong>deputati,</strong></span> <span class='ocrx_word' id='word_1_201' title='bbox 1081 4123 1119 4183; x_wconf 87' lang='lat' dir='ltr'><strong>et</strong></span> <span class='ocrx_word' id='word_1_202' title='bbox 1145 4108 1243 4185; x_wconf 86' lang='lat' dir='ltr'><strong>dicta</strong></span> <span class='ocrx_word' id='word_1_203' title='bbox 1262 4137 1397 4186; x_wconf 91' lang='lat' dir='ltr'><strong>manus</strong></span> <span class='ocrx_word' id='word_1_204' title='bbox 1417 4107 1556 4186; x_wconf 87' lang='lat' dir='ltr'><strong>dicitur</strong></span> <span class='ocrx_word' id='word_1_205' title='bbox 1575 4106 1688 4185; x_wconf 82' lang='lat' dir='ltr'><strong>fracta</strong></span> <span class='ocrx_word' id='word_1_206' title='bbox 1708 4105 1843 4198; x_wconf 80' lang='lat' dir='ltr'><strong>fuisse,</strong></span> <span class='ocrx_word' id='word_1_207' title='bbox 1866 4105 1967 4184; x_wconf 88' lang='lat' dir='ltr'><strong>dicto</strong></span> <span class='ocrx_word' id='word_1_208' title='bbox 1985 4103 2122 4184; x_wconf 78' lang='lat' dir='ltr'><strong>ballivo</strong></span> <span class='ocrx_word' id='word_1_209' title='bbox 2143 4106 2294 4183; x_wconf 90' lang='lat' dir='ltr'><strong>manda-</strong></span> 
     </span>
     <span class='ocr_line' id='line_1_24' title="bbox 869 4235 2290 4346; baseline -0.001 -31"><span class='ocrx_word' id='word_1_210' title='bbox 869 4235 972 4315; x_wconf 87' lang='lat' dir='ltr'><strong>bitur</strong></span> <span class='ocrx_word' id='word_1_211' title='bbox 986 4238 1091 4344; x_wconf 92' lang='lat' dir='ltr'><strong>quod</strong></span> <span class='ocrx_word' id='word_1_212' title='bbox 1106 4238 1137 4315; x_wconf 89' lang='lat' dir='ltr'><strong>si</strong></span> <span class='ocrx_word' id='word_1_213' title='bbox 1153 4239 1230 4346; x_wconf 90' lang='lat' dir='ltr'><strong>ipse</strong></span> <span class='ocrx_word' id='word_1_214' title='bbox 1247 4237 1431 4316; x_wconf 86' lang='lat' dir='ltr'><strong>invenerit</strong></span> <span class='ocrx_word' id='word_1_215' title='bbox 1448 4240 1499 4317; x_wconf 88' lang='lat' dir='ltr'><strong>ita</strong></span> <span class='ocrx_word' id='word_1_216' title='bbox 1521 4267 1621 4329; x_wconf 89' lang='lat' dir='ltr'><strong>esse,</strong></span> <span class='ocrx_word' id='word_1_217' title='bbox 1641 4239 1779 4316; x_wconf 85' lang='lat' dir='ltr'><strong>dictam</strong></span> <span class='ocrx_word' id='word_1_218' title='bbox 1802 4239 1980 4330; x_wconf 89' lang='lat' dir='ltr'><strong>domum,</strong></span> <span class='ocrx_word' id='word_1_219' title='bbox 1998 4235 2071 4314; x_wconf 91' lang='lat' dir='ltr'><strong>hoc</strong></span> <span class='ocrx_word' id='word_1_220' title='bbox 2085 4237 2290 4343; x_wconf 87' lang='lat' dir='ltr'><strong>pendente,</strong></span> 
     </span>
     <span class='ocr_line' id='line_1_25' title="bbox 870 4367 2292 4481; baseline 0 -37"><span class='ocrx_word' id='word_1_221' title='bbox 870 4369 918 4446; x_wconf 90' lang='lat' dir='ltr'><strong>ad</strong></span> <span class='ocrx_word' id='word_1_222' title='bbox 938 4369 1076 4446; x_wconf 87' lang='lat' dir='ltr'><strong>dictam</strong></span> <span class='ocrx_word' id='word_1_223' title='bbox 1098 4399 1256 4449; x_wconf 91' lang='lat' dir='ltr'><strong>manum</strong></span> <span class='ocrx_word' id='word_1_224' title='bbox 1276 4372 1421 4450; x_wconf 92' lang='lat' dir='ltr'><strong>domini</strong></span> <span class='ocrx_word' id='word_1_225' title='bbox 1442 4371 1552 4481; x_wconf 83' lang='lat' dir='ltr'><strong>Regis</strong></span> <span class='ocrx_word' id='word_1_226' title='bbox 1571 4387 1714 4462; x_wconf 88' lang='lat' dir='ltr'><strong>teneat,</strong></span> <span class='ocrx_word' id='word_1_227' title='bbox 1736 4370 1816 4447; x_wconf 90' lang='lat' dir='ltr'><strong>sine</strong></span> <span class='ocrx_word' id='word_1_228' title='bbox 1837 4385 1947 4447; x_wconf 88' lang='lat' dir='ltr'><strong>custu</strong></span> <span class='ocrx_word' id='word_1_229' title='bbox 1966 4385 2005 4446; x_wconf 88' lang='lat' dir='ltr'><strong>et</strong></span> <span class='ocrx_word' id='word_1_230' title='bbox 2024 4367 2189 4475; x_wconf 90' lang='lat' dir='ltr'><strong>dampno</strong></span> <span class='ocrx_word' id='word_1_231' title='bbox 2209 4396 2292 4474; x_wconf 90' lang='lat' dir='ltr'><strong>par·</strong></span> 
     </span>
     <span class='ocr_line' id='line_1_26' title="bbox 871 4498 2293 4609; baseline 0.001 -33"><span class='ocrx_word' id='word_1_232' title='bbox 871 4501 971 4576; x_wconf 91' lang='lat' dir='ltr'><strong>cium</strong></span> <span class='ocrx_word' id='word_1_233' title='bbox 983 4501 1252 4607; x_wconf 84' lang='lat' dir='ltr'><strong>predictarum,</strong></span> <span class='ocrx_word' id='word_1_234' title='bbox 1268 4519 1307 4579; x_wconf 89' lang='lat' dir='ltr'><strong>et</strong></span> <span class='ocrx_word' id='word_1_235' title='bbox 1317 4501 1403 4580; x_wconf 81' lang='lat' dir='ltr'><strong>iilos</strong></span> <span class='ocrx_word' id='word_1_236' title='bbox 1417 4503 1484 4609; x_wconf 88' lang='lat' dir='ltr'><strong>qui</strong></span> <span class='ocrx_word' id='word_1_237' title='bbox 1500 4501 1639 4580; x_wconf 89' lang='lat' dir='ltr'><strong>dictam</strong></span> <span class='ocrx_word' id='word_1_238' title='bbox 1655 4529 1812 4581; x_wconf 91' lang='lat' dir='ltr'><strong>manum</strong></span> <span class='ocrx_word' id='word_1_239' title='bbox 1827 4499 2038 4608; x_wconf 85' lang='lat' dir='ltr'><strong>fregerunt,</strong></span> <span class='ocrx_word' id='word_1_240' title='bbox 2051 4498 2200 4607; x_wconf 87' lang='lat' dir='ltr'><strong>justicia</strong></span> <span class='ocrx_word' id='word_1_241' title='bbox 2216 4527 2293 4577; x_wconf 87' lang='lat' dir='ltr'><strong>me-</strong></span> 
     </span>
     <span class='ocr_line' id='line_1_27' title="bbox 872 4629 2125 4740; baseline 0 -34"><span class='ocrx_word' id='word_1_242' title='bbox 872 4630 1016 4724; x_wconf 89' lang='lat' dir='ltr'><strong>diante,</strong></span> <span class='ocrx_word' id='word_1_243' title='bbox 1037 4632 1240 4740; x_wconf 86' lang='lat' dir='ltr'><strong>compellat</strong></span> <span class='ocrx_word' id='word_1_244' title='bbox 1259 4631 1307 4709; x_wconf 87' lang='lat' dir='ltr'><strong>ad</strong></span> <span class='ocrx_word' id='word_1_245' title='bbox 1326 4633 1527 4712; x_wconf 90' lang='lat' dir='ltr'><strong>emendam</strong></span> <span class='ocrx_word' id='word_1_246' title='bbox 1547 4632 1772 4740; x_wconf 87' lang='lat' dir='ltr'><strong>condignam</strong></span> <span class='ocrx_word' id='word_1_247' title='bbox 1794 4631 1883 4708; x_wconf 89' lang='lat' dir='ltr'><strong>inde</strong></span> <span class='ocrx_word' id='word_1_248' title='bbox 1905 4629 2125 4708; x_wconf 78' lang='lat' dir='ltr'><strong>faciendam.</strong></span> 
     </span>
    </p>

    <p class='ocr_par' dir='ltr' id='par_1_5' title="bbox 926 4763 1384 4870">
     <span class='ocr_line' id='line_1_28' title="bbox 926 4763 1384 4870; baseline 0.002 -31"><span class='ocrx_word' id='word_1_249' title='bbox 926 4763 1030 4842; x_wconf 89' lang='lat' dir='ltr'><strong>Lune</strong></span> <span class='ocrx_word' id='word_1_250' title='bbox 1049 4781 1135 4870; x_wconf 89' lang='lat' dir='ltr'><strong>post</strong></span> <span class='ocrx_word' id='word_1_251' title='bbox 1152 4763 1384 4843; x_wconf 86' lang='lat' dir='ltr'><strong>Brandones.</strong></span> 
     </span>
    </p>

    <p class='ocr_par' dir='ltr' id='par_1_6' title="bbox 926 4893 1264 5001">
     <span class='ocr_line' id='line_1_29' title="bbox 926 4893 1264 5001; baseline -0.009 -28"><span class='ocrx_word' id='word_1_252' title='bbox 926 4895 1032 4973; x_wconf 90' lang='lat' dir='ltr'><strong>Creci</strong></span> <span class='ocrx_word' id='word_1_253' title='bbox 1053 4893 1264 5001; x_wconf 87' lang='lat' dir='ltr'><strong>reportavit.</strong></span> 
     </span>
    </p>
   </div>
   <div class='ocr_carea' id='block_1_4' title="bbox 870 5150 2292 5523">
    <p class='ocr_par' dir='ltr' id='par_1_7' title="bbox 870 5150 2292 5523">
     <span class='ocr_line' id='line_1_30' title="bbox 924 5150 2292 5242; baseline 0 -14"><span class='ocrx_word' id='word_1_254' title='bbox 924 5150 1068 5229; x_wconf 89' lang='lat' dir='ltr'><strong>XXXV.</strong></span> <span class='ocrx_word' id='word_1_255' title='bbox 1099 5153 1198 5230; x_wconf 91' lang='lat' dir='ltr'><strong>Cum</strong></span> <span class='ocrx_word' id='word_1_256' title='bbox 1224 5171 1327 5234; x_wconf 89' lang='lat' dir='ltr'><strong>mota</strong></span> <span class='ocrx_word' id='word_1_257' title='bbox 1346 5174 1444 5234; x_wconf 87' lang='lat' dir='ltr'><strong>esset</strong></span> <span class='ocrx_word' id='word_1_258' title='bbox 1460 5156 1648 5236; x_wconf 90' lang='lat' dir='ltr'><strong>discordia</strong></span> <span class='ocrx_word' id='word_1_259' title='bbox 1671 5157 1771 5235; x_wconf 87' lang='lat' dir='ltr'><strong>inter</strong></span> <span class='ocrx_word' id='word_1_260' title='bbox 1790 5156 1989 5234; x_wconf 87' lang='lat' dir='ltr'><strong>dominum</strong></span> <span class='ocrx_word' id='word_1_261' title='bbox 2009 5152 2208 5242; x_wconf 81' lang='lat' dir='ltr'><strong>Karoium,</strong></span> <span class='ocrx_word' id='word_1_262' title='bbox 2230 5181 2292 5228; x_wconf 93' lang='lat' dir='ltr'><strong>co-</strong></span> 
     </span>
     <span class='ocr_line' id='line_1_31' title="bbox 870 5279 2292 5395; baseline 0 -37"><span class='ocrx_word' id='word_1_263' title='bbox 870 5279 1000 5358; x_wconf 89' lang='lat' dir='ltr'><strong>mitem</strong></span> <span class='ocrx_word' id='word_1_264' title='bbox 1022 5281 1187 5370; x_wconf 87' lang='lat' dir='ltr'><strong>Valesie,</strong></span> <span class='ocrx_word' id='word_1_265' title='bbox 1212 5303 1379 5391; x_wconf 84' lang='lat' dir='ltr'><strong>exparte</strong></span> <span class='ocrx_word' id='word_1_266' title='bbox 1405 5316 1497 5377; x_wconf 88' lang='lat' dir='ltr'><strong>una,</strong></span> <span class='ocrx_word' id='word_1_267' title='bbox 1521 5305 1563 5366; x_wconf 88' lang='lat' dir='ltr'><strong>et</strong></span> <span class='ocrx_word' id='word_1_268' title='bbox 1581 5288 1747 5395; x_wconf 85' lang='lat' dir='ltr'><strong>priorem</strong></span> <span class='ocrx_word' id='word_1_269' title='bbox 1772 5288 1820 5364; x_wconf 90' lang='lat' dir='ltr'><strong>de</strong></span> <span class='ocrx_word' id='word_1_270' title='bbox 1843 5284 2011 5375; x_wconf 82' lang='lat' dir='ltr'><strong>Autolio,</strong></span> <span class='ocrx_word' id='word_1_271' title='bbox 2035 5283 2178 5363; x_wconf 88' lang='lat' dir='ltr'><strong>ordinis</strong></span> <span class='ocrx_word' id='word_1_272' title='bbox 2200 5281 2292 5360; x_wconf 88' lang='lat' dir='ltr'><strong>Clu·</strong></span> 
     </span>
     <span class='ocr_line' id='line_1_32' title="bbox 870 5413 2292 5523; baseline 0.001 -34"><span class='ocrx_word' id='word_1_273' title='bbox 870 5413 1067 5501; x_wconf 88' lang='lat' dir='ltr'><strong>niacensis,</strong></span> <span class='ocrx_word' id='word_1_274' title='bbox 1089 5441 1133 5491; x_wconf 78' lang='lat' dir='ltr'><strong>ex</strong></span> <span class='ocrx_word' id='word_1_275' title='bbox 1152 5414 1280 5508; x_wconf 82' lang='lat' dir='ltr'><strong>altera,</strong></span> <span class='ocrx_word' id='word_1_276' title='bbox 1306 5443 1487 5522; x_wconf 88' lang='lat' dir='ltr'><strong>supereo</strong></span> <span class='ocrx_word' id='word_1_277' title='bbox 1512 5417 1618 5523; x_wconf 93' lang='lat' dir='ltr'><strong>quod</strong></span> <span class='ocrx_word' id='word_1_278' title='bbox 1638 5418 1759 5496; x_wconf 90' lang='lat' dir='ltr'><strong>dictus</strong></span> <span class='ocrx_word' id='word_1_279' title='bbox 1782 5416 1886 5522; x_wconf 89' lang='lat' dir='ltr'><strong>prior</strong></span> <span class='ocrx_word' id='word_1_280' title='bbox 1906 5415 2057 5523; x_wconf 85' lang='lat' dir='ltr'><strong>petebat</strong></span> <span class='ocrx_word' id='word_1_281' title='bbox 2072 5413 2181 5522; x_wconf 91' lang='lat' dir='ltr'><strong>quod</strong></span> <span class='ocrx_word' id='word_1_282' title='bbox 2198 5439 2292 5518; x_wconf 91' lang='lat' dir='ltr'><strong>que·</strong></span> 
     </span>
    </p>
   </div>
   <div class='ocr_carea' id='block_1_5' title="bbox 0 0 2914 7284">
    <p class='ocr_par' dir='ltr' id='par_1_8' title="bbox 0 0 2914 7284">
     <span class='ocr_line' id='line_1_33' title="bbox 0 0 2914 7284; baseline 0 0"><span class='ocrx_word' id='word_1_283' title='bbox 0 0 2914 7284; x_wconf 95' lang='lat' dir='ltr'><strong> </strong></span> 
     </span>
    </p>
   </div>
  </div>
 </body>
</html>
