5817 7292
913 1080 989 1156 6511
1490 1078 1580 1151 LES
1610 1076 1751 1150 OLIM.

689 1231 873 1295 rmnmw,
913 1221 1029 1299 lehan
1047 1236 1131 1297 tout
1149 1217 1184 1295 le
1203 1216 1304 1295 droit¹
1327 1216 1417 1324 qu'il
1435 1218 1613 1323 povoicnt
1631 1217 1733 1295 avoir
1756 1214 1857 1293 esdia
1879 1214 2069 1304 muebles,
2096 1234 2136 1294 et
2152 1223 2271 1325 parmi
2292 1253 2337 1301 cc

749 1321 812 1364 Μ’
913 1352 1048 1433 acorde
1073 1368 1228 1457 estque
1259 1347 1353 1426 ledit
1380 1348 1499 1426 lehan
1524 1348 1650 1455 paiera
1673 1346 1729 1425 les
1753 1345 1885 1424 debtes
1914 1375 1990 1454 quc
2016 1346 2046 1425 il
2073 1364 2112 1426 et
2135 1348 2249 1428 ladite
2270 1352 2338 1433 feu

912 1484 1099 1572 Jehanne,
1120 1506 1160 1558 sa
1184 1478 1297 1568 lame,
1320 1478 1497 1557 devoient
1519 1507 1573 1557 ou
1594 1495 1719 1585 temps
1740 1478 1787 1556 de
1809 1504 1848 1555 sa
1867 1495 1984 1567 mort,
2009 1495 2047 1555 et
2071 1477 2127 1556 les
2151 1479 2220 1559 lais
2239 1486 2336 1561 aussi

913 1642 987 1723 que
1009 1612 1122 1690 ladite
1142 1612 1310 1689 lehaune
1330 1608 1408 1699 fist,
1431 1626 1471 1687 et
1487 1638 1536 1687 en
1558 1638 1579 1687 a
1602 1608 1744 1715 promis
1766 1637 1788 1684 a
1811 1608 1980 1715 aequiter
2003 1625 2042 1687 et
2061 1609 2225 1689 delivrer
2244 1612 2337 1691 ledit

912 1744 1129 1824 Guillaume
1144 1758 1182 1819 et
1199 1770 1237 1819 sa
1257 1738 1376 1831 lame,
1399 1755 1550 1846 excepte
1571 1739 1607 1817 la
1623 1755 1730 1817 rente
1746 1768 1766 1815 a
1780 1739 1937 1816 amortir
1950 1768 2025 1847 qne
2046 1739 2119 1818 elle
2138 1770 2161 1817 a
2177 1742 2335 1821 laissiea

914 1876 1072 1955 certains
1089 1873 1188 1953 lieus
1204 1902 1224 1950 a
1239 1871 1376 1950 londer
1389 1869 1562 1978 chapeles
1581 1898 1601 1945 a
1616 1870 1719 1976 prier
1733 1896 1830 1976 pour
1847 1868 1955 1946 l'ame
1972 1869 2019 1946 de
2039 1870 2106 1947 lui.
2122 1873 2266 1949 Toutes
2280 1874 2335 1951 les

914 2007 1046 2084 choses
1066 2003 1177 2081 desus
1197 2002 1295 2081 dites
1314 2019 1382 2080 ont
1400 2001 1555 2080 lesdites
1574 2000 1712 2107 parties
1730 1999 1873 2105 promis
1896 2027 1918 2076 a
1940 1999 2043 2077 tenir
2061 2028 2128 2106 par
2146 1999 2181 2076 la
2204 2000 2267 2108 foy
2285 2002 2334 2079 de

913 2136 1016 2215 leurs
1040 2163 1139 2226 cors,
1163 2151 1202 2213 et
1226 2135 1274 2212 de
1295 2161 1373 2213 non
1391 2132 1499 2210 venir
1516 2149 1695 2211 encontre
1719 2160 1784 2209 sus
1804 2130 2042 2238 l'obligacion
2062 2129 2109 2208 de
2128 2148 2212 2209 tout
2230 2130 2333 2209 leurs

913 2269 1041 2360 biens;
1066 2295 1108 2345 ce
1127 2265 1168 2345 lu
1187 2266 1243 2343 dit
1262 2282 1301 2344 et
1321 2264 1528 2373 prononcie
1551 2292 1618 2371 par
1637 2291 1735 2341 nous
1753 2262 1790 2339 le
1810 2262 1955 2342 samedi
1978 2289 2083 2368 apres
2104 2259 2140 2337 la
2158 2261 2333 2341 Chande-

895 2402 897 2406 ’
912 2399 1011 2489 leur,
1025 2398 1099 2476 l'an
1118 2396 1185 2475 mil
1199 2396 1294 2475 trois
1312 2424 1402 2473 cena
1423 2412 1462 2471 et
1480 2422 1585 2471 onae.
1601 2430 1615 2461 ι
1631 2393 1804 2472 Predicto
1816 2391 1986 2501 judicato
2004 2420 2073 2497 per
2092 2391 2233 2469 dictum
2247 2422 2334 2499 pre·

913 2530 1077 2638 positum
1097 2528 1150 2606 sic
1161 2525 1426 2634 pronunciata,
1449 2524 1573 2603 dictus
1584 2523 1773 2603 lohannes
1792 2523 1838 2601 ab
1858 2525 1961 2631 ipso,
1980 2540 2173 2630 tamquam
2187 2522 2278 2602 falso
2294 2542 2333 2601 et

913 2687 1038 2767 pravo,
1050 2658 1096 2736 ad
1114 2674 1279 2735 nostram
1292 2654 1432 2733 curiam
1445 2653 1663 2762 appellavits
1679 2652 1903 2733 Constitutis
1917 2654 2034 2762 igitur
2045 2654 2155 2731 dictis
2168 2652 2334 2759 partibus

912 2790 952 2867 in
967 2806 1093 2868 nostra
1117 2787 1220 2865 curia
1239 2788 1278 2863 in
1298 2814 1406 2863 eausa
1428 2784 1695 2893 appellacionis
1718 2783 1904 2891 predicte,
1924 2800 1963 2860 et
1984 2782 2231 2862 auditishinc
2247 2783 2335 2861 inde

912 2919 1129 3028 propositis,
1146 2918 1308 3024 visisque
1322 2916 1423 2995 dicto
1436 2943 1629 3023 processu,
1644 2913 1829 2993 dictarum
1844 2932 1988 3021 septem
2007 2942 2250 3021 personarum
2270 2915 2336 2992 de-

912 3049 1169 3156 posicionibus
1187 3064 1225 3125 et
1239 3046 1409 3156 judicato
1422 3044 1610 3152 predicto,
1629 3072 1698 3151 per
1712 3044 1816 3121 curie
1833 3060 1961 3122 nostre
1973 3042 2177 3152 judicium,
2193 3044 2335 3121 dictum

913 3179 986 3258 luit
1001 3179 1214 3287 predictum
1228 3176 1465 3285 prepositum
1479 3176 1577 3255 bene
1592 3175 1781 3283 judicasse
1796 3192 1835 3252 et
1853 3175 1998 3253 dictum
2010 3174 2222 3254 lohannem
2236 3174 2336 3251 male

913 3307 1134 3416 appellasse,
1157 3325 1195 3385 et
1214 3306 1319 3414 quod
1340 3307 1418 3412 ipse
1439 3308 1513 3384 hoc
1533 3306 1763 3385 emendabit.

875 3511 880 3521 ,
970 3437 1098 3517 Martis
1117 3453 1203 3543 post
1222 3435 1641 3544 Sanctum-Georgium.

968 3566 1155 3646 Thibotot
1172 3565 1386 3673 reportavit.

970 3830 1095 3908 XXIII.
1126 3827 1226 3908 Cum
1249 3827 1390 3935 Agatha
1411 3826 1446 3904 la
1468 3828 1605 3917 Petite,
1627 3828 1717 3907 alias
1738 3829 1837 3907 dicta
1860 3828 1896 3905 la
1914 3827 2102 3935 Beguine,
2127 3827 2338 3935 requireret

914 3961 1133 4066 porcionem
1153 3957 1374 4036 hereditatis
1394 3984 1489 4065 que,
1512 3986 1555 4035 ex
1577 3960 1810 4037 successione
1829 3976 1999 4066 patema,
2024 3957 2096 4037 sibi
2116 3957 2333 4049 advenerat,

806 4187 808 4196 Ι
914 4107 958 4167 ut
985 4089 1148 4179 dicebat,
1174 4118 1243 4195 per
1263 4087 1538 4182 Emmelotam,
1564 4088 1682 4167 filiam
1707 4118 1832 4179 suam,
1860 4091 2059 4169 alienatam
2083 4107 2122 4168 et
2145 4090 2336 4168 venditam

914 4222 1085 4299 lohanne
1104 4220 1140 4297 la
1159 4222 1289 4311 Basse,
1305 4248 1375 4327 pro
1396 4221 1584 4329 sexaginta
1600 4222 1732 4301 solidis
1749 4224 2035 4303 Turonensibus
2051 4223 2244 4314 duntaxat,
2260 4252 2336 4332 que

915 4351 1102 4461 sexaginta
1117 4351 1233 4430 libras
1253 4367 1291 4428 et
1310 4350 1471 4458 amplius
1489 4350 1656 4443 valebat,
1679 4369 1723 4429 nt
1740 4353 1909 4446 dicebat,
1930 4354 2002 4433 sibi
2022 4352 2239 4442 deliberari,
2256 4380 2338 4431 nos·

915 4512 989 4591 quc
1001 4485 1141 4591 pluries
1152 4483 1292 4563 ballivo
1307 4483 1591 4563 Constanciensi
1603 4484 1887 4565 mandassemus
1898 4504 1958 4576 ut,
1976 4484 2113 4565 vocatis
2122 4485 2333 4574 evocandis,

915 4614 1124 4722 inquireret
1143 4643 1256 4720 super
1270 4614 1345 4692 hoc
1357 4615 1552 4692 veritatem
1572 4630 1611 4692 et
1625 4614 1763 4693 faceret
1774 4616 1926 4723 justicie
1945 4614 2279 4722 complementum,
2296 4633 2336 4692 et

916 4742 1186 4853 demum,quia
1197 4744 1295 4824 dicta
1304 4743 1418 4855 Agata
1429 4744 1575 4823 tociens
1586 4743 1849 4825 sollicitaverat
1859 4747 2001 4825 curiam
2012 4762 2193 4837 nostram,
2206 4744 2335 4821 dicens

916 4874 1037 4980 quod,
1052 4874 1091 4951 in
1111 4876 1381 4981 prosecucione
1401 4874 1623 4984 hujusmodi
1643 4877 1806 4983 negocii,
1828 4893 1945 4955 totam
1967 4904 2070 4957 suam
2087 4874 2335 4955 substanciam

916 5006 1140 5103 devastarat,
1161 5006 1210 5085 ad
1238 5008 1455 5087 evitandum
1481 5005 1600 5114 ipsius
1621 5008 1791 5101 tedium,
1813 5009 2097 5087 mandassemus
2126 5009 2338 5114 inquestam

916 5164 1031 5245 snper
1049 5137 1123 5216 hiis
1141 5166 1215 5247 que
1236 5138 1470 5245 proponebat
1489 5154 1528 5217 et
1544 5137 1760 5218 racionibus
1779 5140 1894 5246 partis
1914 5141 2067 5218 adverse
2086 5138 2171 5217 fieri
2195 5146 2233 5215 et
2252 5163 2340 5214 nos-

915 5286 973 5347 tre
997 5268 1100 5347 curie
1129 5269 1328 5376 reportari,
1360 5285 1397 5346 et
1420 5284 1560 5376 partes,
1588 5270 1638 5348 ad
1655 5268 1862 5348 videndum
1887 5298 1970 5347 eam
1989 5268 2169 5377 judicari,
2195 5266 2340 5345 ibidem

917 5399 1102 5507 adjornari
1126 5430 1134 5477 :
1157 5397 1311 5478 eluditis
1330 5398 1444 5506 igitur
1463 5398 1504 5475 in
1527 5399 1630 5477 curia
1649 5416 1775 5479 nostra
1795 5400 1903 5480 dictis
1922 5398 2107 5507 partibus,
2128 5416 2167 5477 et
2185 5398 2261 5475 visa
2282 5398 2342 5474 in-
