5817 7292
915 1021 988 1093 ott
1500 1015 1589 1089 LES
1620 1016 1762 1089 OLI‘M.

686 1172 816 1241 numu
835 1167 879 1233 ll»
914 1160 1069 1267 petebat
1084 1161 1206 1239 dietus
1226 1158 1405 1239 dominus
1422 1158 1471 1237 de
1484 1156 1854 1247 Sancto-Desiderio,
1870 1172 2065 1263 tamquam
2082 1157 2132 1237 de
2151 1160 2271 1242 leodis
2291 1167 2340 1247 de

748 1262 810 1305 mi
916 1290 1297 1381 Sancto-Desiderio,
1326 1290 1406 1399 ejus
1430 1288 1671 1395 opposicione
1702 1316 1781 1368 non
1808 1288 1997 1380 obstante,
2026 1288 2129 1369 dicto
2156 1292 2338 1379 Galchero

916 1424 1141 1513 remanebit,
1155 1424 1303 1501 racione
1318 1423 1427 1500 castri
1444 1423 1491 1500 de
1507 1420 1821 1530 Dompna-Petra.
1841 1420 1950 1509 Item,
1969 1422 2074 1531 quod
2090 1423 2139 1501 de
2158 1423 2273 1507 leodo
2291 1430 2339 1509 de

913 1553 1090 1633 l'Escluse
1116 1571 1155 1633 et
1175 1554 1336 1632 aliorum
1360 1552 1534 1633 locorum
1558 1552 1717 1629 sitorum
1746 1550 1785 1628 in
1800 1550 1996 1641 Flandria,
2017 1579 2087 1660 pro
2113 1556 2271 1639 sciendo
2293 1562 2340 1641 ad

912 1686 1018 1793 cnjus
1048 1686 1264 1792 homagium
1296 1684 1417 1762 dictus
1446 1683 1656 1763 Galcherus
1687 1682 1735 1759 de
1765 1681 1839 1760 hiis
1868 1681 1984 1763 debet
2009 1686 2154 1777 venire,
2190 1689 2338 1774 racione

913 1818 1043 1923 quinte
1065 1817 1179 1925 partis
1196 1816 1363 1923 justicie,
1386 1832 1424 1893 et
1439 1843 1508 1922 per
1527 1815 1635 1921 cujus
1655 1842 1811 1891 manum
1830 1814 1913 1919 ipse
1933 1814 2050 1893 debet
2069 1816 2168 1895 illud
2190 1848 2335 1927 capere,

912 1949 1045 2025 veritas
1064 1948 1277 2055 inquiretur
1297 1946 1498 2055 diligenter
1515 1945 1563 2021 de
1590 1942 1929 2023 consuetudinibus
1947 1944 2119 2024 locorum
2139 1947 2178 2024 in
2199 1950 2338 2056 quibus

910 2078 981 2156 site
1008 2094 1097 2156 sunt
1121 2106 1180 2156 res
1206 2077 1389 2185 predicte,
1415 2094 1467 2165 et,
1494 2076 1585 2153 scita
1607 2103 1720 2180 super
1745 2073 1820 2153 hoc
1845 2075 2017 2166 veritate,
2042 2076 2220 2157 dominus
2238 2083 2329 2171 Iler,

909 2226 1022 2316 prout
1041 2208 1176 2285 viderit
1199 2206 1429 2296 laciendum,
1456 2234 1571 2312 super
1591 2204 1666 2283 boc
1689 2203 1901 2293 ordinabit,
1928 2222 1967 2282 et
1989 2207 2160 2311 quodsi,
2181 2209 2222 2286 in
2249 2238 2332 2317 pre·

912 2339 1021 2417 dictis
1041 2339 1216 2419 omnibus
1243 2337 1302 2415 vel
1326 2336 1452 2443 aliquo
1479 2336 1756 2442 predictorum,
1780 2362 1849 2412 seu
1873 2363 2009 2414 eorum
2030 2335 2235 2430 occasione,
2260 2341 2331 2423 du·

910 2469 1019 2548 bium
1038 2486 1103 2547 aut
1124 2468 1304 2545 debatum
1329 2467 1483 2575 aliquod
1512 2467 1611 2543 inter
1636 2466 1754 2543 dictas
1780 2482 1906 2572 partes
1929 2494 2031 2544 nunc
2049 2468 2109 2545 rel
2133 2467 2223 2547 alias
2240 2473 2330 2551 oriri

909 2626 977 2677 seu
996 2598 1139 2681 moveri
1164 2599 1369 2707 contingat,
1395 2596 1574 2675 dominus
1587 2599 1664 2675 Rex
1676 2596 1749 2675 sibi
1763 2597 1901 2674 retinet
1920 2613 2144 2703 potestatem
2163 2599 2329 2691 dicendi,

909 2728 1121 2807 declarandi
1138 2746 1177 2809 et
1196 2728 1491 2819 determinandi,
1509 2758 1577 2835 pro
1592 2727 1828 2835 temporibus
1840 2744 1879 2805 et
1892 2729 2057 2835 presenti
2068 2745 2106 2807 et
2118 2728 2260 2823 futuro,
2274 2762 2333 2811 su·

908 2889 975 2967 per
995 2861 1084 2950 hiis,
1107 2860 1225 2939 semel
1250 2878 1287 2939 et
1309 2860 1467 2967 pluries,
1489 2876 1605 2967 prout
1627 2860 1697 2937 sibi
1721 2858 1924 2965 placuerit,
1950 2859 2134 2967 quociens
2153 2861 2331 2943 debatum

908 2993 1118 3100 insurgeret
1132 2992 1230 3071 inter
1253 3008 1379 3099 partes
1392 2991 1577 3098 predictas
1601 2990 1796 3069 occasione
1808 2990 2083 3097 predictorum,
2097 2991 2157 3069 vel
2176 2993 2333 3102 alicujus

909 3124 1130 3203 eorumdem
1152 3125 1263 3203 :Visa
1295 3124 1449 3229 insuper
1479 3123 1653 3230 inquesta
1683 3149 1797 3229 super
1829 3123 2007 3230 predictis
2037 3123 2326 3216 inobediendia,

909 3255 1100 3360 dampnis,
1122 3255 1272 3362 injuriis
1286 3236 1325 3333 et
1344 3282 1535 3333 armorum
1551 3254 1769 3362 portacione
1788 3253 1895 3347 lacta,
1914 3284 1985 3363 per
2002 3254 2103 3333 curie
2122 3273 2249 3337 nostre
2261 3257 2328 3364 ju-

909 3384 1066 3476 dicimn,
1090 3384 1232 3462 dictum
1256 3383 1329 3463 fuit
1350 3385 1454 3492 quod
1474 3386 1599 3465 dictus
1619 3384 1843 3477 Galcbenrs,
1865 3414 1934 3492 pro
1960 3384 2131 3490 dampnis
2147 3413 2216 3491 per
2235 3414 2324 3469 eunt

906 3514 1019 3591 illatis
1034 3516 1073 3592 in
1092 3514 1304 3595 molindino
1319 3516 1367 3593 de
1382 3517 1526 3609 Partes,
1542 3517 1789 3625 quadraginta
1806 3516 1916 3595 libras
1931 3517 2190 3609 Turonenses,
2204 3534 2242 3594 et
2253 3545 2323 3623 pro

907 3645 1080 3751 dampnis
1098 3675 1167 3753 per
1191 3676 1280 3727 eum
1301 3646 1413 3724 illatis
1432 3647 1472 3723 in
1493 3648 1607 3726 domo
1624 3648 1672 3725 de
1691 3647 1965 3728 Walelracourt
1983 3644 2130 3724 domini
2146 3647 2323 3753 predicti,

906 3776 1128 3884 quingentas
1152 3776 1264 3857 libras
1288 3782 1529 3857 Turonenses
1560 3778 1684 3857 eidem
1714 3779 1871 3859 domino
1901 3780 1951 3857 de
1975 3776 2328 3859 Sancto-Desiderio

904 3907 1104 4013 persolvet;
1127 3908 1324 4016 dictusque
1352 3910 1530 3988 dominus
1554 3910 1601 3987 de
1621 3909 1975 4021 Sancto-Desiderio
1995 3909 2120 3989 eidem
2142 3908 2327 3991 Gatchero

904 4038 1039 4115 reddet
1057 4038 1236 4117 ducentas
1248 4040 1361 4119 libras
1376 4042 1635 4130 Turonenses,
1652 4070 1721 4147 pro
1738 4041 1911 4147 dampnis
1929 4070 1998 4149 per
2019 4040 2328 4125 eundemdomi·

904 4198 997 4247 num
1017 4168 1130 4247 illatis
1143 4172 1183 4248 in
1198 4170 1419 4251 molendino
1436 4172 1483 4250 de
1495 4173 1641 4280 Lynom
1656 4170 1746 4249 dicti
1760 4171 1945 4255 Galcberi.
1958 4173 2071 4262 Item,
2088 4170 2194 4280 quod
2204 4170 2325 4249 dictus

904 4299 1109 4379 Galcberus
1130 4302 1290 4409 dampna
1309 4332 1377 4409 per
1397 4330 1485 4381 eum
1511 4319 1550 4379 et
1573 4303 1657 4410 ejus
1673 4302 1876 4410 complices
1900 4303 2002 4383 illata
2024 4320 2126 4381 extra
2140 4330 2324 4410 regnum,

904 4430 1121 4511 hominibus
1143 4432 1189 4511 de
1205 4433 1498 4524 Walelracourt,
1514 4434 1707 4513 occasione
1721 4433 1978 4515 contencionis
1996 4432 2184 4541 predicte,
2208 4460 2252 4513 ex
2270 4434 2327 4512 in·

903 4581 1008 4674 tegro
1027 4565 1162 4644 reddet
1185 4566 1346 4657 eisdem,
1371 4566 1550 4673 inquisita
1567 4566 1675 4673 prius
1694 4567 1848 4648 veritate
1867 4567 1914 4647 de
1931 4566 2119 4646 dictorum
2141 4564 2324 4670 dampno·

903 4725 988 4774 rum
1011 4698 1228 4804 quantitate.
1255 4698 1366 4787 Item,
1383 4699 1504 4805 quod,
1525 4697 1673 4777 racione
1700 4698 1884 4780 dictarum
1910 4696 2256 4779 inobedionciarum
2280 4711 2321 4777 ot

902 4827 1126 4932 portacionis
1146 4855 1355 4918 armorum,
1377 4827 1501 4906 dictus
1518 4826 1726 4907 Galcberus
1744 4828 1848 4908 mille
1868 4826 1982 4907 libras
2004 4843 2043 4906 et
2061 4826 2184 4907 dictus
2202 4824 2322 4906 domi·

832 5048 838 5064 „
902 4984 974 5034 nus
987 4956 1164 5035 ducentas
1177 4957 1292 5039 libras
1301 4961 1544 5039 Turonenses
1553 4959 1709 5039 domino
1717 4960 1821 5068 Regi,
1830 4986 1901 5067 pro
1909 4957 2084 5048 emenda,
2095 4954 2321 5065 persolvent.

955 5086 1054 5166 lovis
1071 5105 1155 5167 ante
1171 5089 1457 5169 Pentbecosten.

956 5350 1045 5429 CXI.
1076 5351 1174 5430 Cum
1188 5348 1349 5429 ballivus
1376 5350 1638 5433 Ambimensis-
1653 5354 1840 5433 niteretur
1858 5354 2058 5435 emendam
2076 5352 2199 5435 levare
2218 5378 2240 5431 a
2256 5352 2326 5431 Io·
