5817 7292
1063 1159 1332 1267 nuoudrns
1357 1178 1422 1249 ur
1448 1161 1654 1253 moces.
1997 1178 2069 1251 115

648 1318 789 1426 galium
809 1334 1023 1397 nostrorum
1043 1318 1169 1427 alique
1190 1318 1299 1396 firme
1320 1337 1357 1397 et
1375 1320 1575 1427 pensiones
1588 1318 1841 1427 predictarum
1859 1320 2072 1425 parrochie·
2110 1327 2296 1393 rorarunt,
2386 1409 2389 1414 ,

647 1476 751 1541 rum,
772 1466 944 1554 tempore
964 1449 1145 1559 regalium
1165 1450 1437 1557 quorumdam,
1459 1467 1565 1556 capte
1591 1465 1630 1525 et
1652 1447 1771 1527 levate
1789 1446 1966 1541 luissent,
1987 1450 2071 1528 fue-
2171 1420 2233 1465 Μ

646 1598 730 1659 rant
740 1597 866 1658 temen
881 1609 950 1688 per
963 1582 1063 1688 ipsos
1076 1583 1250 1661 custodes
1265 1572 1436 1661 restitute
1452 1579 1615 1688 capitulo
1628 1580 1925 1671 Cenomanensi,
1941 1579 2069 1659 firturo

645 1711 821 1819 episcopo
840 1712 1081 1806 reaccende,
1104 1714 1152 1791 de
1179 1713 1357 1793 mandato
1385 1712 1489 1793 curie
1513 1728 1659 1803 nostre,
1678 1710 1791 1788 utin
1815 1709 1894 1815 ipsa
1920 1711 2071 1788 restitu-

642 1840 768 1933 cione,
789 1872 833 1920 ex
851 1860 956 1949 parte
975 1847 1090 1925 unius
1107 1846 1311 1923 custodum
1330 1846 1532 1954 regalium,
1554 1844 1878 1950 alteropresente,
1905 1838 1979 1918 luit
1996 1843 2071 1921 dic·

641 1990 740 2061 tuma
764 1972 810 2050 de
830 2000 908 2081 quo
927 1976 1107 2053 mandato
1125 1974 1290 2085 quedam
1310 1976 1416 2084 copia
1435 1975 1508 2055 fuit
1525 1977 1567 2055 in
1578 1976 1685 2054 ouria
1703 1990 1831 2053 nostra
1847 1989 2012 2064 ostensa,
2032 1993 2070 2053 et

640 2105 680 2181 in
695 2134 771 2211 qua
786 2106 958 2213 inquesta
974 2132 1075 2184 unus
1090 2106 1138 2183 de
1157 2102 1378 2185 custodibus
1392 2108 1578 2217 regalium
1591 2133 1660 2215 per
1677 2131 1791 2184 suum
1802 2104 2067 2213 juramentum
2202 2174 2208 2183 .

641 2236 717 2312 hoc*
732 2236 937 2331 asserebat,
965 2264 1035 2315 nec
1060 2239 1265 2346 peripsam
1284 2238 1498 2345 inquestam
1518 2238 1566 2317 sit
1586 2252 1780 2345 repertum
1799 2236 1906 2344 quod
1924 2234 1966 2312 in
1983 2235 2068 2315 aliis

638 2366 898 2445 t‘aceciouihus
930 2369 1107 2448 custodes
1140 2368 1324 2477 regalium
1359 2369 1478 2476 ipsam
1515 2366 1736 2459 habuerint,
1773 2366 1977 2445 levaverim
2008 2367 2066 2445 vel

638 2490 873 2605 perceperint
898 2525 969 2604 pro
994 2498 1129 2579 nobiae
1152 2499 1294 2578 Notum
1317 2500 1476 2579 Minus
1500 2499 1684 2580 universis
1706 2498 1812 2605 quod
1834 2497 2067 2577 intencionis

636 2646 765 2705 nostre
783 2655 862 2707 non
880 2646 952 2719 est,
974 2656 1045 2706 nec
1061 2626 1283 2718 uoluntatis,
1303 2630 1411 2737 quod
1435 2630 1612 2709 custodes
1635 2628 1820 2735 regalium
1842 2645 2063 2707 nostrorum

634 2776 704 2862 pro
725 2752 836 2836 nobis
854 2755 980 2837 levent
996 2760 1057 2837 tel
1081 2761 1219 2839 nostris
1245 2760 1380 2839 usibus
1403 2759 1595 2867 applicent
1619 2760 1795 2837 denarios
1809 2758 2062 2846 sinodeticos‚

637 2890 924 2983 cathedraticos,
955 2907 1020 2968 aut
1053 2892 1181 2970 firmes
1215 2891 1273 2968 vel
1311 2891 1514 2997 pensiones
1544 2889 1795 2996 supradictas,
1817 2890 1859 2967 iu
1885 2888 2064 2996 predictis

635 3022 843 3126 parrochiis
864 3022 1009 3100 debitas
1034 3023 1211 3130 episcopo
1231 3022 1524 3115 Cenomanensi,
1546 3048 1616 3129 pro
1641 3020 1799 3098 decimis
1825 3047 2062 3128 nunqnuma

635 3150 739 3231 laicis
757 3152 798 3229 in
817 3152 975 3231 feodum
996 3154 1176 3241 detentis,
1198 3182 1268 3231 nec
1286 3171 1460 3260 tempore
1486 3153 1672 3261 regalium
1689 3152 1829 3231 nonus
1845 3152 2062 3259 progenito·

635 3283 741 3361 ribus
769 3284 979 3390 applicatis3
1006 3278 1268 3362 verumtamen
1293 3284 1503 3362 retinemus
1534 3312 1603 3391 pro
1627 3283 1739 3362 nobis
1763 3300 1809 3361 nt
1839 3284 1882 3375 si,
1901 3284 2061 3390 reperiri

633 3434 759 3521 posset
773 3415 937 3493 decimas
953 3416 1111 3524 aliquas,
1128 3445 1198 3523 pro
1214 3415 1355 3524 quibus
1369 3417 1448 3523 ipse
1465 3416 1575 3493 firme
1590 3415 1649 3493 vel
1665 3414 1869 3523 pensiones
1884 3414 2061 3522 episcopo

630 3545 912 3625 Cenomanensi
927 3546 967 3622 in
984 3542 1094 3625 dictis
1109 3546 1315 3655 parrochiis
1334 3543 1536 3637 debentur,
1552 3544 1666 3625 fuisse
1681 3552 1703 3622 a
1716 3545 1830 3655 laycis
1842 3545 1885 3623 in
1898 3543 2061 3623 feudum

631 3674 818 3769 detentas,
840 3674 909 3753 vel
925 3670 1023 3783 ipsas
1046 3678 1249 3784 pensiones
1276 3677 1337 3755 vel
1357 3677 1508 3770 firmas,
1528 3705 1598 3785 pro
1624 3674 1901 3783 temporalitate
1919 3676 1971 3753 ed
1991 3702 2061 3753 uos

631 3807 821 3911 pertinere
841 3800 1022 3900 debente,
1033 3802 1191 3900 'deberrss
1206 3808 1270 3915 jus
1288 3825 1463 3887 nostrum
1482 3808 1523 3885 in
1541 3807 1633 3915 ipsis
1650 3807 1793 3885 salvum
1812 3806 2001 3912 persistat.

669 3937 785 4014 ‘lovis
802 3955 890 4045 post
908 3939 1173 4025 Reminiscere.

686 4198 762 4275 Vll.
794 4199 1008 4279 senescallo
1023 4202 1242 4291 Pictnvensi,
1260 4225 1331 4309 pro
1346 4197 1568 4309 magistro'l.
1584 4202 1633 4279 dc
1650 4196 1855 4308 lingniis,
1873 4198 2056 4275 canonico

629 4328 1015 4441 Sancte-Radegunde
1035 4334 1278 4412 Pictetensis:
1304 4332 1420 4426 Cum,
1442 4348 1597 4440 propter
1621 4329 1876 4437 suspicionem
1894 4356 1972 4436 que
1991 4326 2058 4405 ln·

628 4459 791 4540 bebatur
810 4461 859 4539 de
880 4461 980 4539 dicto
1000 4464 1050 4543 Μ.
1071 4466 1103 4541 J.
1122 4464 1230 4571 quod
1248 4463 1328 4571 ipse
1350 4464 1551 4542 adhereret
1568 4461 1736 4540 inimicis
1761 4458 1909 4540 domini
1927 4458 2053 4569 Regis,

627 4590 751 4670 dictm
770 4592 995 4673 senescallus
1010 4595 1050 4671 in
1067 4584 1149 4703 ejus
1161 4594 1276 4675 bonis
1289 4622 1357 4674 seu
1374 4592 1559 4674 fnrctibns
1574 4592 1791 4703 apposuerit
1805 4590 2058 4699 impedimen·

626 4740 726 4813 tum,
750 4741 788 4801 et
805 4752 875 4833 per
895 4727 1069 4833 aprisiam
1085 4728 1178 4808 inde
1197 4728 1331 4807 saetam
1355 4747 1394 4807 et
1412 4728 1522 4807 curie
1537 4743 1780 4835 reportatam,
1798 4724 1916 4804 nichil
1937 4752 2052 4830 super

627 4853 702 4931 hoc
721 4873 850 4934 contra
871 4856 1015 4936 dictum
1036 4860 1087 4937 Μ.
1107 4859 1139 4937 J.
1160 4852 1281 4938 liserit'
1295 4858 1509 4947 inventum,
1530 4857 1752 4937 mndatum
1769 4872 1828 4936 est
1846 4853 2050 4934 senescallo

627 4985 730 5092 quod
750 4988 830 5095 ipse
849 4980 1019 5068 amoveat
1045 4970 1361 5099 impedimentum
1391 5018 1461 5099 per
1482 5015 1574 5069 eum
1601 5017 1715 5098 snper
1736 4985 1812 5067 hiis
1835 4987 2050 5095 appositum

625 5119 774 5197 racione
794 5118 974 5225 predicta.
1670 5158 1675 5168 ·

682 5247 847 5329 Sabbato
867 5269 953 5331 aute
971 5252 1317 5334 Annunciacionem
1336 5254 1505 5333 Domini.
