5817 7292
851 1130 924 1201 372
1433 1122 1526 1195 uss
1556 1120 1695 1195 oniu.
1734 1066 1738 1071 ⁸

627 1276 811 1341 Pmurrslv·
905 1270 1053 1353 Petrus,
1075 1262 1176 1341 filius
1196 1263 1376 1371 Stephani
1397 1262 1444 1340 de
1464 1262 1710 1351 Armanhaco‚
1732 1277 1895 1367 quatuor
1915 1275 1953 1337 et
1970 1259 2100 1368 viginti
2120 1259 2243 1339 libras.

684 1372 748 1414 1³0⁹.

906 1396 1039 1503 Helyas
1056 1394 1103 1471 de
1118 1394 1275 1484 Choma,
1294 1412 1446 1471 centum
1465 1410 1503 1471 et
1523 1392 1712 1502 octoginta
1734 1391 1858 1469 libras.

906 1526 1095 1603 Johannes
1115 1524 1163 1600 de
1183 1525 1530 1633 Magistro-dambe
1548 1550 1611 1600 sex
1630 1540 1667 1599 et
1685 1522 1838 1630 triginta
1853 1521 1979 1599 libras.

905 1658 1045 1735 Fronto
1061 1655 1108 1733 de
1125 1654 1252 1746 Galat,
1268 1672 1452 1734 trecentas
1467 1655 1592 1732 libras.

904 1789 945 1865 B.
966 1789 1069 1865 Bona
1087 1786 1263 1873 Boucha,·
1280 1802 1433 1862 centum
1454 1802 1492 1862 et
1510 1783 1639 1891 viginti
1660 1784 1786 1862 libras.

905 1916 1329 2023 GeraldusDespelrich,
1351 1931 1502 1992 centum
1518 1932 1557 1993 et
1573 1915 1704 2024 viginti
1720 1914 1844 1991 libras.

905 2048 1032 2127 Guido
1050 2047 1097 2125 de
1113 2046 1288 2125 Geraudo
1305 2047 1352 2124 de
1367 2046 1421 2123 las
1436 2046 1652 2147 salinarias,
1670 2046 1871 2152 nonaginta
1887 2045 2010 2125 libras.

907 2178 1055 2257 sabbati
1070 2195 1155 2283 post
1171 2176 1584 2284 Sanctum-Georgium.

905 2312 955 2390 M.
975 2312 1018 2387 R.
1036 2308 1083 2385 de
1098 2308 1282 2387 Thibotot
1298 2308 1509 2415 reportavit.
1710 2298 1714 2301 ⁴

904 2576 979 2653 XII.
1011 2576 1106 2654 Cum
1137 2574 1405 2651 denunciatum
1444 2572 1575 2651 fuisset
1602 2575 1705 2653 curie
1740 2573 1930 2651 senescalli
1962 2574 2273 2681 Petragoricensis

850 2722 978 2783 contra
990 2704 1214 2784 Gaufridum
1232 2706 1279 2781 de
1290 2706 1425 2793 Ponte,
1438 2705 1544 2810 quod
1560 2706 1656 2812 ipse,
1673 2734 1740 2783 seu
1756 2723 1886 2814 gentes
1898 2733 1983 2794 sue,
1997 2734 2085 2781 cum
2100 2702 2274 2781 multitu·

849 2835 955 2924 dine,
973 2852 1050 2912 tam
1073 2836 1247 2941 equitum
1267 2862 1379 2940 quam
1402 2833 1595 2940 peditum,
1617 2854 1770 2914 centum
1791 2853 1829 2912 et
1846 2836 2016 2942 plurium
2040 2862 2200 2912 numero
2220 2863 2276 2910 ar-

849 2982 1058 3057 matorum,
1080 2994 1186 3043 more
1206 2963 1353 3053 hostili,
1368 2982 1406 3043 et
1418 2982 1548 3043 contra
1568 2968 1669 3073 pacis
1685 2984 1839 3059 statuta,
1856 2984 2009 3045 venerat
2023 2966 2063 3041 in
2081 2964 2276 3073 parrochia

850 3096 1056 3205 d'hyvigas‚
1082 3113 1121 3173 et
1143 3096 1348 3203 quemdam
1374 3096 1588 3188 hominem,
1616 3127 1840 3206 suspensum
1865 3100 1905 3175 in
1926 3098 2041 3176 furcis
2060 3097 2277 3205 justiciariis

850 3226 949 3303 dicte
973 3226 1169 3333 parrochie
1196 3254 1262 3332 per
1286 3242 1417 3333 gentes
1439 3228 1667 3306 vicecomitis
1693 3232 1889 3319 Turenne,
1918 3228 2089 3335 dispendi
2109 3226 2212 3314 fecit,
2237 3242 2276 3302 et

849 3358 1070 3463 resuspcndi
1090 3357 1130 3434 in
1150 3356 1263 3435 succis
1282 3358 1556 3463 patibularibns
1575 3360 1615 3435 in
1635 3361 1780 3437 honore
1802 3361 1911 3436 castri
1930 3359 1976 3435 de
1996 3356 2166 3436 Caslucio
2183 3355 2273 3432 dicti

850 3486 1040 3578 Gaufridi3
1067 3504 1105 3564 et
1133 3516 1219 3564 cum
1248 3487 1370 3565 dictus
1397 3518 1601 3594 suspensus
1625 3490 1772 3577 fuisset,
1804 3518 1872 3595 per
1895 3504 2022 3596 gentes
2045 3486 2273 3563 vicecomitis

849 3617 1020 3724 predicti,
1039 3618 1087 3695 de
1103 3618 1212 3697 dictis
1224 3618 1338 3697 furcis
1353 3620 1401 3697 de
1418 3621 1591 3721 Caslucio
1605 3637 1803 3710 extractus,
1818 3638 1856 3697 et
1869 3621 2000 3697 iterato
2016 3620 2056 3695 in
2071 3617 2183 3695 furcis
2197 3618 2274 3724 pri-

850 3749 922 3826 mis
940 3777 1202 3856 resuspensus‚
1223 3751 1326 3829 idem
1346 3750 1551 3830 Gausridus
1568 3781 1635 3830 seu
1649 3770 1780 3859 gentes
1799 3780 1885 3842 sue,
1908 3766 2128 3859 congregata
2146 3748 2274 3825 multi-

847 3880 981 3957 tudine
1003 3899 1157 3961 centum
1183 3882 1313 3990 viginti
1340 3901 1383 3960 et·
1399 3884 1570 3989 plurium
1595 3902 1844 3976 armatorum,
1865 3902 1943 3961 tam
1965 3882 2139 3990 peditum
2160 3908 2275 3987 quam

851 4011 1041 4117 equitum,
1069 4014 1117 4089 ad
1142 4014 1278 4090 dictam
1303 4016 1540 4121 parrochiam
1567 4016 1760 4126 d’Ayvigas
1784 4016 2023 4107 accedentes,
2047 4012 2169 4089 fiircas
2190 4039 2275 4119 pre-

852 4141 968 4217 dictas
980 4141 1019 4217 in
1032 4142 1130 4219 dicta
1142 4145 1339 4249 parrochia
1359 4162 1499 4223 erectas
1515 4146 1731 4237 diruerunt,
1749 4164 1788 4225 et
1801 4146 2012 4253 predictum
2034 4171 2273 4251 suspensum,

825 4278 829 4285 ’
850 4271 1015 4377 positum
1032 4288 1123 4350 tunc
1144 4273 1183 4350 in
1204 4295 1319 4353 manu
1338 4276 1465 4383 Regia,
1488 4304 1617 4353 secum
1636 4262 1887 4383 asportantes.
1910 4277 1952 4353 in
1968 4276 2082 4353 furcis
2097 4272 2276 4380 predictis

852 4399 898 4479 de
919 4402 1092 4481 Caslucio
1111 4407 1333 4511 resuspcndi
1349 4407 1536 4496 fecerunt,
1559 4406 1700 4486 multos
1715 4408 1808 4486 alios
1823 4437 1994 4485 excessus
2009 4406 2168 4515 graviter
2179 4433 2276 4482 com·

850 4532 1065 4613 mittendo:
1092 4536 1214 4643 Super
1237 4538 1415 4643 predictis
1436 4539 1648 4617 excessibus
1672 4539 1808 4616 auditis
1836 4539 2119 4618 defensionibus
2142 4533 2275 4643 prefati

850 4660 1038 4756 Gausridi‚
1061 4664 1231 4773 inq'uesta
1243 4666 1337 4746 sacta
1352 4686 1391 4747 et
1403 4698 1472 4776 per
1487 4671 1628 4747 curiam
1649 4688 1814 4749 nostram
1835 4673 1910 4750 visa
1925 4688 1964 4747 et
1976 4670 2176 4777 diligenter
2188 4692 2273 4741 exa·

850 4792 1006 4886 minata,
1027 4797 1116 4902 quia
1130 4798 1287 4903 predicti
1310 4828 1480 4878 excessus
1494 4830 1563 4907 per
1583 4801 1720 4878 dictam
1741 4802 1954 4909 inquestam
1966 4796 2104 4905 reperti
2119 4795 2274 4872 suerunt

849 4922 1078 5002 sufficienter
1097 4927 1261 5033 probati;
1282 4928 1375 5007 item
1396 4948 1433 5007 et
1445 4931 1551 5038 quod
1571 4932 1670 5008 dicte
1689 4931 1793 5009 furce
1810 4933 1851 5008 in
1868 4928 2063 5037 parrochia
2082 4925 2273 5033 d'Ayvigas

850 5072 955 5131 erant
970 5056 1010 5133 in
1021 5057 1285 5165 jurisdictione
1301 5059 1391 5138 dicti
1406 5062 1634 5140 vicecomitis
1649 5066 1844 5156 Turenne,
1858 5068 1926 5169 per
1934 5058 2123 5167 judicium
2146 5071 2273 5133 nostre

850 5184 967 5274 curie,
988 5186 1061 5263 fnit
1073 5188 1214 5267 dictum
1232 5192 1336 5298 quod
1351 5193 1457 5270 idem
1468 5193 1672 5273 Gaufridns
1685 5195 1803 5273 solvet
1821 5192 1929 5270 nobis
1947 5188 2052 5266 mille
2065 5188 2180 5265 libras
2190 5188 2274 5265 ·Tu-

848 5342 1046 5405 ronenses‚
1076 5349 1143 5426 pro
1164 5322 1340 5413 emenda,
1365 5342 1403 5401 et
1422 5325 1526 5432 quod
1547 5326 1663 5403 dictas
1684 5326 1831 5403 surchas
1850 5324 1891 5399 in
1912 5319 2108 5429 parrochia
2127 5316 2273 5425 d'Ayvi-

761 5462 762 5467 ’
849 5472 929 5549 gas,
950 5476 1020 5553 per
1038 5469 1168 5554 gentes
1184 5482 1269 5531 suas
1288 5455 1514 5549 destructas,
1537 5456 1584 5534 de
1599 5486 1694 5536 novo
1710 5456 1763 5535 ihi
1784 5454 1876 5565 erigi
1891 5452 2001 5531 faciet
2013 5468 2054 5531 et
2063 5447 2214 5558 reponi,
2236 5463 2275 5525 ct
