5817 7292
899 1122 967 1192 136
1479 1118 1568 1190 LES
1598 1116 1739 1189 OblM.

659 1277 791 1332 aarum
804 1276 845 1338 tv,
892 1286 1006 1368 quam
1023 1258 1127 1337 idem
1143 1258 1350 1337 vicecomes
1365 1286 1405 1337 se
1421 1258 1554 1337 tulisse
1572 1259 1734 1350 dicebat,
1752 1257 2041 1335 contradictum
2056 1258 2096 1333 P.
2113 1254 2267 1334 Amaldi
2280 1273 2319 1335 et
2350 1356 2354 1362 Ι

726 1371 788 1411 1501.

891 1390 971 1499 ejus
988 1388 1105 1480 bona,
1127 1419 1243 1496 quam
1259 1390 1488 1467 sentenciam
1503 1389 1617 1467 irater
1631 1407 1670 1467 et
1685 1387 1788 1465 lilius
1804 1388 2007 1495 supradicti
2023 1376 2198 1465 dicebant
2211 1404 2249 1465 et
2267 1416 2327 1465 as·

889 1520 1065 1598 serebant
1084 1519 1267 1626 legittima
1286 1520 1544 1627 appellacionc
1563 1548 1780 1625 suspensam
1800 1520 1964 1596 revocari
1988 1536 2027 1596 et
2048 1520 2096 1595 ad
2116 1518 2317 1625 pristinum

886 1668 1025 1729 statum
1045 1649 1198 1743 reduci;
1216 1650 1318 1729 dicto
1334 1632 1554 1728 vicecomite
1569 1647 1799 1727 contrarium
1817 1668 2028 1728 asserente:
2044 1650 2233 1740 Tandem,
2250 1679 2316 1727 au-

887 1784 976 1861 ditis
991 1811 1104 1889 super
1120 1781 1195 1858 hoc
1209 1781 1425 1858 nacionibus
1441 1781 1637 1888 utriusque
1655 1783 1788 1888 partis,
1806 1782 1957 1888 visaque
1972 1798 2011 1859 et
2028 1780 2230 1891 diligenter
2242 1783 2317 1860 ins-

885 1934 991 2020 pecta
1009 1915 1200 2020 inquesta,
1219 1912 1265 1991 de
1283 1914 1462 1989 mandato
1480 1924 1609 1991 nostro
1624 1942 1737 2020 super
1754 1915 1827 1991 hoc
1840 1915 1950 2004 lacta,
1968 1915 2054 2021 quia
2071 1914 2175 1991 curie
2190 1932 2316 1993 nostre

884 2046 1050 2124 constitit
1074 2044 1303 2123 sentenciam
1323 2073 1391 2122 seu
1411 2045 1769 2151 pronunciacionem
1790 2046 1996 2151 prodictam
2015 2044 2130 2122 fuisse
2152 2062 2190 2123 et
2209 2074 2312 2135 esse,

884 2175 979 2253 inlra
998 2192 1147 2282 tempus
1167 2174 1340 2253 debitum
1360 2175 1614 2282 appellacione
1634 2202 1702 2281 per
1717 2177 1907 2282 predictos
1927 2176 2138 2286 interjecta,
2157 2204 2315 2282 suspen-

882 2338 983 2395 sam,
1007 2324 1045 2383 et
1063 2307 1162 2385 bona
1183 2305 1273 2385 dicti
1293 2307 1333 2382 P.
1353 2305 1528 2396 Arnaldi,
1549 2323 1637 2412 post
1656 2307 1793 2383 dictam
1814 2309 2065 2395 sentenciam,
2088 2307 2311 2413 exequendo

882 2439 1058 2527 eandem,
1075 2437 1176 2515 dicto
1189 2434 1396 2515 vicecomiti
1414 2437 1609 2544 applicata,
1625 2437 1831 2516 vicecomes
1842 2438 2034 2545 predictus
2046 2468 2115 2546 per
2126 2454 2310 2515 arrestum

881 2586 1008 2647 nostre
1029 2568 1133 2646 curie
1151 2567 1449 2675 condempnatus
1469 2568 1542 2645 fuit
1558 2569 1607 2645 ad
1623 2569 1864 2647 reddendum
1883 2588 1921 2649 et
1933 2570 2213 2649 restituendum
2230 2596 2313 2676 pre·

882 2699 982 2777 dicto
1007 2698 1087 2776 filio
1114 2698 1241 2776 omnia
1259 2696 1360 2775 bona
1383 2698 1540 2777 mobilia
1564 2716 1604 2775 et
1622 2698 1833 2777 immobilia
1852 2701 1942 2777 dicti
1963 2700 2082 2790 Petri,
2107 2728 2182 2807 que
2206 2700 2311 2776 idem

879 2832 1086 2910 vicecomes
1102 2846 1190 2937 post
1203 2830 1434 2909 sentenciam
1453 2857 1521 2908 seu
1536 2831 1894 2938 pronunciacionem
1905 2831 2132 2938 predictam,
2147 2860 2216 2909 seu
2230 2829 2312 2936 ejus

880 2962 1091 3051 occasione,
1111 2961 1321 3067 occupavit,
1345 2977 1383 3038 et
1401 2962 1500 3069 cepit
1520 2980 1586 3040 aut
1604 2961 1676 3042 sibi
1697 2961 1904 3069 applicavit.
1926 2963 2012 3057 Que
2032 2961 2220 3039 sentencia
2239 2960 2311 3037 lata

881 3093 953 3170 luit
972 3121 1089 3170 nonas
1108 3092 1295 3181 lanuarii,
1317 3120 1418 3171 anno
1438 3094 1594 3172 Domini
1616 3094 1819 3171 millesimo
1839 3094 2106 3172 trecentesimo
2126 3091 2309 3181 secundo,

879 3242 922 3302 ut
946 3224 985 3299 in
1009 3222 1165 3311 litteris,
1189 3221 1363 3299 exhibitis
1384 3240 1552 3327 exparte
1570 3222 1825 3328 procuratoris
1847 3223 1935 3298 dicti
1956 3222 2201 3311 vicecomitis,
2224 3251 2312 3301 con-

879 3355 1020 3431 tinetur
1045 3369 1083 3429 et
1106 3380 1175 3458 per
1200 3349 1378 3428 eumdem
1401 3368 1686 3457 procuratorem
1714 3351 1836 3427 estitit
1861 3350 2132 3440 consessatum;
2161 3370 2310 3457 recepta

878 3504 1005 3563 tamen
1025 3482 1255 3560 sufficienter
1275 3480 1470 3570 caucione,
1489 3508 1557 3585 per
1576 3479 1827 3557 senescallum
1843 3497 2016 3558 nostrum
2036 3483 2309 3560 Carcassonen-

863 3608 958 3693 'sem
975 3616 1033 3691 vel
1051 3613 1132 3719 ejus
1153 3611 1386 3698 mandatum,
1405 3638 1426 3686 a
1445 3610 1617 3716 predicto
1636 3610 1716 3689 lilio
1734 3611 1910 3689 debonis
1930 3612 2139 3690 mobilibus
2157 3613 2307 3719 predic·

878 3746 927 3823 tis
948 3743 1154 3822 reddendis
1174 3758 1214 3818 et
1236 3741 1497 3834 restituendis,
1521 3741 1559 3817 in
1582 3760 1759 3820 eventum
1781 3743 1858 3821 litis
1878 3743 2049 3851 predicte
2071 3772 2181 3821 cause
2206 3744 2309 3850 prin·

879 3875 1007 3980 cipalis
1024 3875 1122 3951 inter
1142 3873 1240 3981 ipsas
1262 3884 1386 3980 partes
1405 3873 1625 3980 pendentis,
1651 3876 1681 3951 si
1703 3874 1818 3952 fuerit
1834 3874 2072 3967 laciendum,
2094 3892 2134 3952 et
2153 3876 2309 3982 insuper

879 4004 1005 4083 eidem
1028 4003 1127 4095 filio,
1152 4033 1220 4112 per
1245 4002 1386 4083 curiam
1413 4022 1580 4083 nostram
1608 4034 1780 4113 expresse
1806 4006 1879 4084 luit
1903 4006 2112 4085 inhibitum
2134 4035 2184 4084 ne
2209 4008 2305 4113 ipse,

879 4136 977 4216 dicta
994 4136 1058 4214 lite
1072 4138 1279 4243 pendente,
1297 4136 1345 4215 de
1361 4138 1472 4216 bonis
1486 4138 1752 4217 immobilibus
1767 4139 1991 4246 supradictis
2004 4139 2209 4247 quicquam
2222 4138 2308 4215 alie-

876 4297 966 4352 nare
987 4286 1190 4375 presumat.

934 4400 1061 4476 Martis
1079 4417 1166 4507 post
1185 4400 1470 4510 Magdalenam,
1493 4430 1592 4481 anno
1616 4403 1884 4483 trecentesimo
1905 4420 2051 4510 quarto.

932 4661 1091 4740 XXXIV.
1123 4659 1221 4739 Cum
1245 4663 1461 4740 Bernardus
1487 4663 1534 4740 de
1557 4664 1784 4753 Durbanno,
1811 4665 1939 4753 miles,
1962 4682 2000 4742 et
2020 4663 2233 4743 Gaubertus
2257 4663 2306 4740 de

876 4795 1052 4883 Leucata,
1072 4791 1315 4885 domicellus,
1335 4793 1480 4870 domini
1497 4794 1605 4871 castri
1623 4797 1670 4873 de
1682 4798 1865 4886 Leucata,
1883 4796 1993 4874 nobis
2006 4794 2204 4901 conquesti
2220 4791 2307 4870 luis

877 4941 959 5001 sent
975 4953 1089 5030 super
1106 4949 1151 4999 eo
1169 4922 1294 5030 quod,
1312 4953 1399 5001 cum
1415 4924 1504 5031 ipsi,
1522 4942 1566 5001 ut
1584 4926 1775 5016 dicebant,
1799 4925 1956 5003 luissent
1973 4942 2012 5003 et
2028 4941 2153 5003 essent
2166 4924 2207 5001 in
2221 4952 2307 5030 pos-

877 5054 1065 5143 sessione,
1092 5052 1151 5130 vel
1173 5052 1298 5159 quasi,
1326 5055 1488 5160 predicti
1513 5055 1622 5143 castri
1649 5056 1699 5143 de
1722 5058 1899 5148 Leucata,
1931 5055 2093 5133 dilectus
2119 5072 2158 5132 et
2181 5053 2306 5132 fidelis

877 5202 1004 5266 noster
1032 5182 1262 5275 Almaricus,
1293 5184 1502 5263 vicecomes
1529 5185 1800 5278 Narbonensis,
1828 5216 1897 5294 per
1923 5188 1998 5264 vim
2025 5204 2064 5265 et
2089 5185 2303 5294 potenciam

877 5345 995 5406 suam,
1016 5314 1160 5393 dictum
1178 5330 1340 5395 castrum
1361 5316 1545 5395 violenter
1564 5334 1807 5426 occupaverat
1823 5333 1862 5395 et
1881 5346 2062 5424 occupare
2079 5317 2231 5405 lecerat,
2247 5316 2306 5422 ip·

876 5477 937 5527 sos
961 5463 1236 5554 conquerentes
1259 5447 1497 5552 possessione
1521 5478 1589 5527 sua
1611 5449 1671 5527 vel
1696 5448 1802 5555 quasi
1829 5449 2000 5554 predicta
2024 5446 2194 5527 indebite
2218 5474 2306 5555 spo-
