5817 7292
855 1143 931 1214 soa
1036 1095 1041 1104 ’
1443 1133 1532 1205 sus
1558 1131 1698 1206 omu.

627 1298 758 1351 rmum
769 1294 814 1356 tv.
855 1278 1060 1388 quamdam
1078 1276 1244 1354 litteram
1258 1301 1456 1382 perquam
1472 1273 1744 1354 mandabamus
1763 1273 1836 1352 hoc
1854 1273 1955 1363 lieri,
1972 1275 2043 1352 uisi
2061 1292 2157 1354 esset
2171 1275 2278 1358 aliud

687 1387 751 1430 1³⁰8.

852 1408 1080 1490 racionabile
1092 1407 1199 1514 quod
1214 1403 1398 1495 obstaret,
1415 1422 1547 1512 petens
1557 1405 1622 1512 jus
1639 1405 1712 1483 sibi
1727 1403 1810 1482 lieri
1826 1403 1866 1482 in
1884 1406 2092 1512 prenussis3
2110 1405 2177 1514 qui
2191 1408 2277 1514 qui-

854 1545 943 1621 dem
961 1537 1257 1628 commissarius,
1274 1565 1344 1642 pro
1358 1564 1404 1614 eo
1422 1535 1529 1641 quod
1542 1535 1614 1614 sibi
1629 1535 1823 1614 constabat
1836 1535 1941 1644 quod
1955 1536 1995 1617 in
2013 1536 2204 1642 premissis
2221 1538 2278 1617 in-

696 1663 709 1680 “
849 1687 1062 1751 terrenerat
1079 1694 1271 1745 armorum
1292 1664 1436 1744 delacio
1455 1679 1494 1742 et
1512 1664 1612 1771 pacis
1630 1663 1777 1755 fractio,
1793 1666 2056 1772 pronunciavit
2069 1666 2212 1748 curiam
2227 1669 2276 1748 de

852 1804 962 1882 dictis
981 1797 1203 1881 hominibus
1226 1796 1330 1874 dicto
1349 1795 1507 1874 domino
1527 1795 1733 1903 Mirapiscis
1752 1824 1831 1876 non
1850 1825 1930 1876 esse
1948 1797 2215 1876 remittendam
2235 1799 2274 1877 in

849 1936 923 2013 hoc
942 1963 1049 2024 casu;
1068 1959 1089 2008 a
1107 1959 1182 2038 qua
1200 1926 1515 2035 pronunciacione
1538 1945 1758 2034 procurator
1778 1928 1868 2009 dicti
1889 1929 2034 2008 domini
2053 1929 2103 2008 ad
2121 1957 2191 2008 nos
2211 1959 2276 2038 ap-

848 2062 1127 2172 pellavitzvisis
1139 2060 1253 2168 igitur
1261 2058 1497 2165 processibus
1508 2057 1716 2148 antedictis,
1731 2086 1800 2165 per
1812 2059 1915 2138 cauis
1930 2074 2058 2140 nostre
2066 2060 2272 2167 judicium,

850 2195 994 2273 dictum
1016 2192 1089 2271 tuit
1107 2191 1319 2300 predictum
1345 2188 1645 2268 commissarium
1668 2187 1768 2268 bene
1787 2190 2052 2298 pronunciasse
2073 2207 2111 2268 et
2129 2191 2272 2268 dictum

849 2341 1132 2432 procuratorem
1153 2321 1251 2400 male
1270 2320 1498 2428 appellasse,
1521 2337 1558 2398 et
1577 2319 1720 2400 curiam
1738 2350 1852 2428 super
1872 2321 1947 2400 hiis
1965 2350 2042 2400 non
2065 2321 2203 2399 debere
2224 2320 2272 2398 ad

851 2457 1050 2535 dominum
1070 2454 1284 2562 predictum
1303 2451 1462 2541 remitti,
1486 2468 1523 2530 et
1541 2452 1647 2558 quod
1665 2452 1790 2532 dictus
1808 2470 2028 2561 procurator
2048 2453 2120 2531 hoc
2144 2479 2272 2530 emen-

851 2589 967 2666 dabit.

904 2716 1104 2796 Dominica
1122 2731 1207 2820 post
1227 2713 1453 2792 Cathedram
1473 2715 1588 2790 sancti
1610 2716 1723 2793 Petri.

903 2850 1011 2929 Greci
1029 2848 1244 2955 reportarit.

903 3113 1027 3192 XLIV.
1059 3099 1158 3189 Cum
1180 3110 1228 3188 lis
1245 3126 1348 3186 mota
1369 3107 1503 3186 luisset
1524 3109 1564 3186 in
1589 3137 1700 3186 causa
1719 3109 1917 3218 cujusdam
1940 3125 2123 3188 retractus
2147 3137 2272 3188 coram

846 3244 1039 3350 preposito
1056 3240 1157 3318 lurni
1174 3240 1338 3346 episcopi
1353 3239 1570 3318 Parisiensis
1586 3240 1684 3317 inter
1700 3242 1914 3350 angistrum
1930 3241 2175 3328 Richardum,
2194 3240 2271 3316 dic-

847 3391 931 3450 tum
950 3371 1124 3479 Laiguel,
1145 3369 1300 3447 nomine
1320 3371 1463 3448 tutorio
1484 3399 1551 3448 seu
1577 3373 1764 3449 euratorio
1787 3372 1996 3450 liberorum
2018 3369 2188 3449 defuncti
2205 3372 2270 3450 lo-

846 3503 983 3582 bannis
997 3499 1174 3590 Roussel,
1192 3516 1321 3578 contra
1335 3499 1550 3578 Rolandum
1564 3501 1722 3607 Pougeri
1740 3517 1777 3578 et
1792 3501 1872 3608 ejus
1892 3529 2064 3590 uxorem,
2081 3499 2213 3578 libello
2229 3499 2268 3576 in

847 3634 928 3739 ipsa
942 3661 1051 3710 causa
1066 3631 1170 3720 dato,
1183 3648 1222 3709 et
1234 3630 1296 3708 die
1309 3630 1493 3737 assignata
1506 3631 1553 3708 ad
1570 3632 1811 3737 probandum
1823 3631 1991 3710 secundo
2006 3630 2095 3708 hine
2107 3646 2148 3708 et
2159 3629 2266 3718 inde,

848 3763 948 3840 dicto
972 3761 1150 3840 retractui
1173 3789 1215 3840 se
1239 3750 1458 3867 opposuerit
1478 3762 1669 3839 lohannes
1694 3761 1742 3840 de
1763 3763 1876 3840 Barra
1894 3778 1931 3840 et
1950 3763 2033 3868 ejus
2051 3787 2155 3852 uxor,
2175 3777 2272 3838 tam-

845 3921 959 4000 quam
978 3893 1241 4001 proximiores,
1258 3906 1303 3969 ut
1321 3891 1514 3984 dicebant,
1536 3909 1690 3999 propter
1709 3891 1815 3998 quod
1834 3892 1956 3970 dictus
1974 3919 2184 3998 processus,
2205 3919 2271 3997 par

845 4025 990 4103 metum
1009 4044 1221 4104 curatorem
1243 4023 1433 4129 inceptus,
1458 4022 1534 4101 fuit
1554 4022 1699 4129 positus
1719 4023 1758 4100 in
1777 4001 1985 4130 suspenso,
1997 4022 2270 4131 protestacione

843 4153 937 4230 lacta
955 4154 1004 4232 ab
1023 4155 1158 4233 eodem
1178 4181 1258 4262 quo
1281 4181 1392 4261 snpra
1410 4153 1583 4242 nomine,
1605 4153 1727 4259 quod,
1750 4153 1781 4230 si
1801 4153 2034 4260 contingeret
2057 4152 2177 4230 dictos
2202 4179 2271 4257 op-

845 4304 1030 4388 ponentes
1048 4285 1301 4364 subcumbere
1317 4284 1377 4361 vel
1396 4312 1545 4362 caussam
1565 4283 1684 4390 ipsam
1701 4283 1909 4371 dimittere,
1930 4283 2034 4389 quod
2053 4309 2268 4390 processum

844 4433 1053 4492 resumeret
1064 4415 1313 4508 antedictum,
1322 4415 1499 4507 tandem,
1514 4407 1623 4493 dictis
1636 4413 1807 4492 lohanne
1821 4414 1869 4492 de
1882 4415 1995 4492 Barra
2007 4429 2045 4492 et
2059 4413 2141 4522 ejus
2155 4439 2269 4490 uxore

845 4573 994 4622 causam
1007 4546 1227 4653 hujusmodi
1243 4546 1400 4623 omnino
1416 4545 1713 4635 dimittentibus,
1730 4545 1850 4626 dictus
1866 4561 2017 4624 curator
2031 4572 2153 4622 coram
2168 4543 2268 4619 dicto

844 4676 1034 4781 preposito
1049 4676 1275 4783 comparuit,
1291 4695 1422 4782 petens
1439 4694 1480 4755 et
1496 4677 1727 4786 supplicans,
1743 4677 1898 4756 nomine
1914 4703 1991 4784 quo
2007 4701 2134 4781 supra,
2149 4702 2189 4752 se
2204 4671 2268 4750 ad-

843 4806 943 4884 mitti
956 4809 1004 4884 ad
1017 4809 1326 4916 prosequendum
1339 4835 1556 4913 processum
1567 4810 1648 4917 jam
1662 4838 1780 4916 super¹
1789 4808 1862 4886 hoc
1873 4808 2094 4885 inchoatum
2109 4803 2155 4882 ab
2171 4804 2265 4911 ipso,

844 4936 884 5013 in
900 4964 946 5015 eo
960 4953 1059 5014 statu
1073 4938 1114 5014 in
1128 4967 1205 5046 quo
1220 4955 1299 5016 erat
1310 4956 1482 5047 tempore
1498 4940 1752 5047 opposicionis
1769 4937 1973 5046 conjugum
1988 4937 2266 5044 predictorum,

844 5065 1134 5146 dictisRolando
1144 5068 1275 5175 etejus
1285 5097 1402 5147 uxore
1412 5071 1645 5149 contrarium
1655 5067 1974 5178 proponentibus,
1992 5067 2148 5145 demum
2163 5065 2270 5145 audi-

842 5197 891 5275 tis
909 5198 998 5275 hine
1022 5215 1061 5276 et
1083 5198 1173 5275 inde
1195 5200 1414 5306 propositis,
1439 5219 1480 5278 et
1499 5202 1597 5280 dicta
1617 5229 1726 5279 causa
1744 5229 1868 5279 coram
1892 5199 2031 5279 ballivo
2049 5195 2267 5276 Parisiensis

844 5328 1009 5436 episcopi
1026 5326 1218 5419 devoluta,
1235 5327 1315 5436 ipse
1329 5329 1507 5420 ballivus,
1523 5332 1704 5438 inquisito
1721 5331 1769 5409 de
1784 5330 1991 5437 premissis,
2008 5325 2267 5435 pronunciavit

844 5461 948 5564 quod
964 5460 1063 5538 dicte
1077 5476 1204 5568 partes
1217 5459 1468 5567 procederent
1483 5463 1522 5538 in
1536 5489 1646 5540 causa
1661 5479 1841 5540 retractus
1854 5460 2039 5568 predicta,
2052 5459 2093 5536 in
2103 5473 2265 5537 eo-statu
