5817 7292
884 1068 958 1147 5l2
1261 1148 1266 1159 ,
1461 1068 1554 1142 LES
1582 1066 1727 1141 OLIM.
1816 1106 1820 1111 ·
1882 1065 1886 1071 ’

652 1234 787 1287 aarum
799 1226 844 1293 tv,
880 1213 1096 1293 communia
1111 1213 1160 1291 ad
1174 1210 1398 1291 solvendum
1412 1210 1576 1291 lohanni
1598 1212 1645 1289 de
1664 1212 1694 1287 F
1695 1237 1846 1317 escamp
1862 1205 2050 1318 predicto,
2067 1235 2138 1317 pro
2154 1214 2306 1323 injuriis

719 1323 783 1368 talc.

881 1365 918 1427 et
937 1345 1131 1441 violenciis
1148 1345 1274 1423 eidem
1294 1344 1424 1437 illatis,
1445 1361 1600 1422 centum
1619 1341 1734 1421 libras
1752 1344 2014 1433 turonenses,
2037 1358 2081 1420 et
2095 1346 2221 1437 nobis,
2236 1374 2306 1453 pro

881 1479 1043 1558 emenda
1062 1494 1205 1567 nostra,
1228 1476 1306 1555 duo
1326 1475 1445 1553 millia
1463 1476 1648 1553 librarum
1661 1474 1962 1564 Turonensium‚
1984 1502 2059 1582 que
2075 1502 2227 1556 summe
2241 1505 2311 1585 per

878 1610 1061 1721 ballivum
1076 1608 1393 1688 silvanectensem
1414 1625 1453 1686 ct
1473 1604 1666 1713 quendam
1681 1605 1799 1684 alium
1816 1606 2026 1715 ydoneum,
2045 1608 2188 1715 dequo
2208 1610 2311 1688 curia

881 1741 1168 1823 nostratduxerit
1179 1738 1450 1828 ordinandum,
1467 1737 1711 1845 imponentur
1723 1739 1922 1830 solvende,
1938 1740 2132 1818 onerando
2144 1741 2233 1820 illos
2243 1744 2309 1849 qui

880 1876 999 1983 magis
1018 1873 1263 1982 deliquerunt
1282 1870 1320 1947 in
1340 1870 1520 1978 predictis
1537 1869 1656 1959 facto,
1678 1870 1816 1950 auxilio
1831 1870 1891 1949 rel
1911 1871 2086 1964 oonsilio,
2109 1899 2178 1981 pro
2193 1873 2310 1952 modo

880 2007 1009 2087 delicti
1036 2023 1075 2084 et
1098 2004 1319 2083 facultatum
1345 2001 1567 2112 cujuslibet,
1588 2018 1704 2109 prout
1723 2002 1835 2082 dictis
1858 2001 1998 2083 ballivo
2027 2020 2066 2081 et
2089 2004 2308 2112 deputando

881 2138 1018 2217 melius
1032 2136 1220 2217 videbitur
1235 2133 1423 2243 expedire.

938 2274 1047 2350 Lune
1060 2286 1146 2377 post
1161 2267 1510 2347 Annunciaoionem
1525 2266 1770 2367 dominicam.

938 2405 985 2481 H.
1007 2403 1055 2481 de
1071 2398 1341 2481 Sancto-Paulo
1359 2399 1572 2506 reportavit.

936 2668 1095 2745 XXXlX.
1126 2666 1225 2744 Cum
1246 2694 1315 2743 nos
1333 2664 1481 2743 dudum
1503 2662 1641 2741 ballivo
1659 2662 1900 2742 Arabiauensi
1923 2692 1992 2743 seu
2014 2666 2095 2774 ejus
2113 2666 2239 2744 locum
2258 2682 2312 2743 te

881 2799 986 2879 nenti
1008 2799 1243 2877 dedissemus
1268 2798 1307 2873 in
1328 2796 1513 2875 mandatis
1529 2811 1589 2885 ut,
1613 2794 1644 2873 si
1667 2794 1853 2905 legittime
1871 2798 1944 2876 sibi
1964 2815 2152 2877 constaret
2169 2797 2312 2876 Radul-

882 2934 1001 3041 phum
1031 2932 1173 3009 dictum
1199 2929 1384 3020 Coullart,
1409 2928 1608 3018 clericum,
1630 2928 1715 3035 qui,
1744 2954 1817 3036 pro
1840 2931 2054 3037 suspicione
2086 2932 2219 3010 mortis
2246 2933 2311 3009 Jo-

882 3064 1018 3143 hannis
1033 3062 1121 3141 dicti
1136 3062 1263 3150 Fabri,
1276 3089 1469 3167 persuum
1482 3059 1913 3169 ordinarinmjudioem,
1932 3062 1999 3139 din
2008 3061 2081 3140 snit
2092 3063 2134 3139 in
2143 3062 2321 3169 prisione.

884 3197 1076 3287 detentus,
1094 3220 1207 3301 super
1223 3191 1442 3301 hujusmodi
1460 3191 1618 3270 crimine
1632 3191 1704 3268 sibi
1720 3192 1914 3299 imposito,
1928 3194 2065 3272 vocatis
2077 3194 2206 3271 amicis
2217 3192 2308 3270 dicti

882 3326 1025 3405 mortui
1044 3344 1082 3403 et
1095 3324 1247 3433 justicia
1262 3324 1418 3404 seculari
1440 3324 1549 3431 cujus
1568 3340 1716 3431 poterat
1735 3326 1924 3416 interesse,
1941 3324 2155 3403 absolutum
2167 3352 2253 3402 vere
2270 3340 2309 3401 et

883 3458 1066 3566 legittime
1078 3455 1191 3533 fuisse
1208 3482 1276 3563 per
1288 3455 1521 3533 ordinarium
1531 3456 1804 3562 supradictum,
1820 3455 1984 3533 eundem
1996 3454 2192 3545 clericum,
2206 3481 2309 3533 occa-

883 3590 988 3668 sione
1004 3588 1092 3675 dicti
1106 3585 1295 3676 maleficii,
1311 3586 1502 3666 ullatenus
1513 3586 1745 3677 molestaret,
1759 3612 1921 3694 eumque
1932 3588 1987 3664 ire
1999 3602 2038 3663 et
2049 3586 2192 3675 redire,
2204 3584 2306 3663 salvo

883 3739 921 3801 et
938 3748 1082 3809 secure,
1097 3747 1165 3826 per
1179 3747 1339 3827 regnum
1360 3736 1549 3810 nostrum,
1569 3746 1717 3798 necnon
1731 3719 1837 3827 apud
1851 3716 2132 3797 Abbatisvillam
2145 3716 2205 3794 vel
2220 3716 2307 3795 alibi

882 3853 947 3932 ubi
967 3851 1105 3931 morari
1124 3850 1302 3939 voluerit,
1325 3877 1470 3928 moram
1489 3851 1639 3928 trahere
1655 3850 1905 3958 permitteret,
1928 3849 2008 3927 sine
2028 3848 2309 3937 contradicione

882 4010 1137 4093 quacurnque;
1160 4009 1322 4089 cumque
1340 3980 1501 4060 ballivus
1520 3981 1727 4088 predictus,
1745 3978 1984 4058 certifficatus
1999 3979 2047 4057 de
2068 3978 2309 4057 absolucione
2339 3956 2343 3963 Ι

881 4114 1063 4223 predicta,
1076 4115 1270 4222 preposito
1279 4131 1409 4192 nostro
1424 4113 1474 4192 de
1483 4114 1634 4203 Vimeu,
1647 4113 1797 4192 dederit
1806 4112 1846 4189 in
1856 4112 2096 4189 mandatisnt
2105 4110 2308 4190 senescallo

811 4329 816 4345 ,
881 4246 1028 4325 Pontivi
1050 4248 1246 4325 mandaret
1263 4246 1438 4353 quatinus
1453 4244 1665 4353 preciperet
1683 4245 1817 4351 majori
1835 4261 1872 4323 et
1891 4245 2051 4322 scabinis
2069 4242 2311 4323 Abbatisville

883 4396 940 4475 ut,
963 4407 1040 4458 non
1061 4378 1234 4459 obstante
1254 4379 1380 4457 banno
1399 4378 1506 4486 quod
1522 4396 1652 4459 contra
1674 4378 1839 4455 eundem
1858 4377 2038 4454 clericum
2056 4376 2238 4466 fecerant,
2255 4375 2312 4481 ip-

883 4538 968 4589 sum
988 4511 1125 4589 morari
1150 4510 1414 4617 pennittercnt
1439 4527 1478 4587 et
1498 4526 1595 4588 stare
1619 4507 1774 4616 pacifice
1794 4509 1833 4586 in
1853 4508 1936 4586 villa
1959 4507 2144 4615 predicte
2166 4508 2231 4615 qui
2252 4534 2310 4584 se-

883 4644 1080 4735 nescallus,
1106 4644 1147 4719 in
1168 4640 1388 4751 hujusmodi
1415 4640 1615 4728 obediens,
1637 4642 1711 4718 hoc
1730 4665 1901 4749 expresse
1925 4638 2087 4748 injunxit
2113 4638 2243 4746 majori
2270 4653 2309 4714 et

883 4775 1043 4855 scabinis
1068 4774 1268 4883 predictis3
1294 4772 1506 4880 cujusmodi
1531 4772 1735 4862 mandatis,
1762 4800 1840 4851 non
1867 4771 2121 4862 obstantibus,
2150 4787 2309 4877 qrratuor

882 4898 1021 4987 scabini
1038 4926 1077 4987 et
1089 4907 1227 5016 vigenti
1243 4907 1446 4985 servientes
1461 4906 1561 4983 dicte
1570 4905 1657 4983 ville
1671 4907 1802 4983 armati
1821 4930 1994 5013 magnam
2009 4903 2309 4983 commocionem

883 5041 923 5116 in
942 5040 1086 5151 populo
1099 5038 1294 5128 facientes,
1315 5054 1358 5115 ut
1378 5037 1502 5115 dictus
1519 5036 1678 5116 clericus
1696 5038 1840 5127 asserit,
1858 5036 1981 5143 ipsum
2002 5060 2134 5142 capere
2154 5047 2313 5140 attemp

882 5188 1025 5262 terunt,
1039 5186 1091 5260 et,
1105 5196 1192 5248 cum
1205 5166 1409 5246 servientes
1419 5168 1539 5246 nostri
1554 5166 1647 5246 inibi
1660 5169 1860 5247 existentes
1870 5168 2038 5245 dicerent
2051 5166 2196 5243 eisdem
2208 5163 2313 5271 quod

884 5299 1181 5380 malefaciebant
1198 5300 1247 5377 de
1263 5298 1337 5377 hec
1352 5298 1458 5404 quod
1477 5298 1518 5375 in
1530 5316 1793 5407 contemptum
1810 5298 2073 5375 mandatorum
2096 5312 2311 5375 nostrorum

882 5434 934 5510 ita
948 5430 1123 5512 volebant
1137 5433 1291 5519 irruere,
1303 5429 1343 5505 in
1359 5429 1541 5518 eundem,
1559 5429 1864 5537 finxeruntqood
1879 5456 1957 5508 non
1970 5445 2049 5505 erat
2067 5426 2129 5505 illa
2145 5450 2316 5505 commo·
