5817 7292
910 1034 983 1105 600
1488 1029 1577 1101 LES
1607 1028 1748 1100 OLIM.

682 1186 811 1237 aarum
824 1181 868 1247 [V.
908 1174 993 1263 boc,
1008 1175 1208 1279 appositos,
1224 1171 1406 1263 amoveri,
1425 1186 1464 1247 et
1478 1170 1639 1277 dampna
1651 1197 1726 1274 que
1739 1184 1892 1275 propter
1906 1168 1979 1243 hoc
1989 1166 2169 1244 sustinuit
2183 1168 2253 1247 sibi
2268 1198 2333 1247 re-

742 1278 804 1323 ¹³¹⁰'
908 1305 1050 1395 sarciri3
1065 1305 1165 1381 dicto
1186 1303 1363 1409 magistro
1382 1299 1593 1388 Guillermo
1609 1301 1736 1405 plures
1754 1297 1923 1376 raciones
1941 1298 1982 1374 in
2001 1298 2231 1374 contrarium
2243 1329 2330 1405 pro-

908 1453 1071 1540 ponente
1086 1466 1094 1511 :
1110 1434 1295 1521 Tandem,
1310 1431 1447 1508 auditis
1466 1432 1556 1509 hinc
1575 1429 1664 1506 inde
1678 1428 1878 1535 propositis
1892 1446 1930 1505 et
1941 1427 2027 1504 visis
2042 1428 2177 1505 litteris
2192 1446 2230 1505 et
2242 1458 2332 1534 pro·

837 1552 840 1567 ”
908 1564 1073 1643 cassibus
1096 1565 1199 1640 curie
1222 1578 1348 1641 nostre
1376 1561 1527 1638 edictis
1546 1559 1717 1667 partibus
1738 1558 1912 1636 exhibitis
1939 1559 2027 1634 hinc
2051 1577 2089 1635 et
2104 1558 2211 1648 inde,
2229 1561 2332 1637 curia

908 1713 1050 1783 nostra,
1072 1709 1255 1801 quantum
1276 1693 1323 1768 ad
1344 1692 1463 1797 ipsam
1484 1691 1663 1797 pertinet,
1685 1718 1880 1795 processus
1899 1717 2032 1767 omnes
2051 1706 2090 1765 et
2107 1692 2331 1796 pronuncia-

908 1828 1056 1903 cionem
1070 1854 1138 1932 per
1149 1824 1290 1901 dictum
1303 1822 1582 1927 inquisitorem,
1598 1822 1733 1898 virtute
1744 1820 1833 1897 dicti
1845 1820 2123 1927 compromissi,
2133 1849 2248 1926 super
2258 1821 2331 1897 hoc

907 1956 1023 2035 laetos
1044 1955 1209 2034 totaliter
1227 1950 1419 2043 enullavit,
1439 1953 1538 2029 salvo
1554 1953 1641 2059 jure
1662 1970 1740 2029 tam
1755 1952 1795 2027 in
1809 1952 2044 2057 possessione
2057 1978 2172 2057 quam
2191 1952 2230 2027 in
2244 1979 2331 2058 pro-

908 2087 1065 2192 prietate
1084 2087 1269 2163 dictarum
1284 2085 1448 2189 partium
1464 2111 1578 2189 super
1590 2100 1787 2190 patronatu
1807 2081 1998 2189 predicto,
2015 2098 2129 2188 prout
2143 2100 2220 2158 erat
2233 2100 2330 2159 tern-

908 2244 999 2320 pore
1019 2213 1104 2290 sacti
1120 2214 1379 2319 compromissi
1395 2213 1567 2319 predicti,
1583 2230 1621 2289 et
1632 2211 1800 2318 precepit
1814 2211 2001 2301 custodes,
2018 2228 2167 2317 propter
2180 2211 2252 2289 boc
2266 2241 2328 2317 ap-

909 2346 1051 2452 positos
1066 2345 1225 2423 inbonis
1241 2344 1330 2421 dicti
1345 2343 1494 2449 prioris,
1505 2372 1549 2419 ex
1563 2372 1664 2421 nunc
1678 2343 1840 2420 amoveri
1857 2358 1895 2419 et
1908 2342 2083 2448 dampna,
2096 2341 2165 2419 sibi
2176 2370 2243 2447 per
2251 2342 2329 2419 boc

910 2478 1026 2564 illata,
1049 2504 1091 2552 ex
1106 2476 1253 2582 integro
1270 2474 1438 2551 resarciri
1457 2474 1583 2551 eidem
1601 2502 1669 2581 per
1684 2473 1791 2549 illum
1808 2471 1872 2577 qui
1888 2473 2063 2579 apposuit
2080 2499 2146 2549 seu
2162 2472 2329 2577 precepit

910 2608 1046 2714 apponi
1065 2607 1240 2685 custodes
1253 2598 1464 2711 predictos.¹

966 2739 1141 2815 Mercurii
1158 2754 1241 2843 post
1259 2737 1544 2813 Penthecosten.

968 2870 1017 2946 M.
1039 2867 1084 2946 G.
1107 2868 1156 2944 de
1173 2868 1268 2943 Usco
1287 2867 1499 2972 reportavit.

969 3133 1075 3211 XCII.
1107 3134 1224 3222 Cum,
1242 3133 1387 3210 dudum
1410 3149 1491 3209 orta
1511 3130 1725 3236 questione,
1746 3158 1872 3208 coram
1899 3132 2090 3238 preposito
2117 3133 2330 3219 Parisiensi,

913 3264 1012 3339 inter
1030 3291 1117 3355 nos,
1139 3292 1183 3339 ex
1201 3292 1275 3339 una
1293 3279 1415 3369 parte,
1439 3279 1477 3339 et
1495 3262 1669 3339 abbatem
1691 3278 1728 3338 et
1748 3278 1971 3340 conventum
1992 3260 2330 3340 Sancte-Genovele

913 3393 1144 3482 Parisiensis,
1167 3420 1210 3467 ex
1227 3392 1362 3480 altera,
1381 3391 1530 3467 racione
1550 3393 1799 3496 quarumdam
1817 3390 2029 3469 furebarum
2044 3420 2111 3496 per
2129 3392 2245 3469 dictos
2264 3418 2331 3466 re-

915 3523 1067 3630 ligiosos
1087 3538 1294 3598 erectarum
1320 3520 1360 3596 in
1384 3520 1573 3605 territorio
1594 3521 1642 3597 de
1667 3522 1772 3629 Soysi
1799 3540 1837 3599 et
1860 3522 1905 3599 de
1927 3521 2049 3610 Galie,
2072 3549 2137 3627 per
2159 3520 2332 3597 eundem

914 3653 1147 3757 prepositum
1166 3652 1409 3739 diructarum,
1428 3679 1573 3727 necnon
1590 3652 1725 3729 saisine
1735 3653 1887 3759 justicie
1898 3653 2065 3729 locorum
2077 3651 2332 3757 predictorum

917 3800 954 3859 et
976 3783 1292 3890 pertinenciarum
1318 3784 1560 3871 eorumdem,
1582 3811 1650 3888 per
1669 3781 1759 3861 dicti
1779 3785 1958 3891 prepositi
1976 3783 2164 3891 judicium
2190 3780 2335 3858 dictum

915 3915 1045 3993 suisset
1064 3944 1134 3991 nos
1151 3941 1344 3991 remanere
1365 3913 1505 3991 debere
1524 3914 1563 3989 in
1587 3914 1720 3990 saisina
1734 3914 1885 4021 justicie
1904 3914 2060 3992 latronis
2079 3931 2116 3991 et
2134 3911 2336 4020 superioris

911 4046 1061 4154 justicie
1076 4044 1115 4119 in
1131 4044 1240 4121 dictis
1255 4044 1347 4122 locis
1367 4061 1550 4123 eteorum
1566 4044 1821 4149 pertinenciis,
1839 4062 1876 4122 et
1895 4046 2001 4151 quod
2020 4046 2118 4123 dicta
2132 4042 2212 4121 loca
2227 4060 2264 4118 et
2277 4070 2337 4119 eo

917 4204 1003 4252 rum
1018 4175 1266 4281 pertinencie,
1280 4175 1318 4251 in
1334 4174 1514 4281 predictis
1530 4174 1691 4266 casibus,
1703 4177 1954 4253 remanebunt
1965 4176 2036 4253 snb
2045 4174 2194 4283 justicia
2208 4170 2337 4249 castel·

918 4305 1017 4381 lanie
1030 4304 1305 4393 Castu-Fortis,
1319 4304 1414 4381 salva
1433 4334 1548 4411 super
1566 4306 1639 4383 hoc
1653 4307 1851 4412 questione
1869 4306 2109 4413 proprietatis
2123 4303 2230 4382 dictis
2248 4301 2337 4379 reli-

917 4436 1049 4545 giosis,
1076 4436 1254 4543 quodque
1275 4435 1365 4513 dicti
1384 4436 1550 4544 religiosi
1573 4437 1824 4514 remanebunt
1843 4437 1882 4513 in
1901 4437 2035 4514 saisina
2059 4437 2165 4514 basse
2185 4434 2335 4542 justicie

793 4564 796 4570 ’
918 4566 1051 4644 subtus
1066 4566 1249 4643 latronem
1266 4566 1304 4641 in
1320 4566 1412 4645 locis
1423 4567 1618 4674 predictis,
1629 4559 1848 4646 salvauobis
1861 4568 1899 4645 in
1913 4567 2131 4675 hujusmodi
2141 4565 2334 4673 questione

918 4696 1171 4803 proprietatis,
1189 4713 1227 4773 et
1243 4696 1398 4789 deinde,
1414 4697 1463 4774 ad
1473 4699 1763 4805 requisicionem
1779 4698 1965 4777 dictorum
1978 4697 2252 4808 religiosorum,
2263 4721 2333 4769 nos

919 4826 1122 4935 quamdam
1136 4824 1442 4909 informacionem
1458 4828 1539 4905 lieri
1553 4828 1872 4907 mandavissemus
1884 4858 1997 4936 super
2005 4830 2093 4937 jure
2102 4822 2336 4934 proprietatis

919 4958 1024 5063 quod
1043 4986 1083 5035 se
1107 4957 1246 5035 babere
1266 4956 1440 5037 dicebant
1455 4960 1545 5037 dicti
1564 4960 1728 5066 religiosi
1749 4960 1788 5037 in
1808 4960 2002 5066 predictis,
2023 4988 2190 5067 quorum
2203 4953 2339 5033 saisina

920 5088 1030 5165 nobis
1049 5086 1137 5176 fuit,
1154 5104 1197 5165 ut
1215 5088 1439 5194 premissum
1455 5108 1529 5179 est,
1550 5090 1761 5200 adjudicata
1780 5090 1877 5168 dicta
1891 5089 2163 5169 informacione
2177 5086 2225 5163 ad
2250 5112 2341 5163 nos-

918 5236 1016 5295 tram
1031 5218 1170 5295 curiam
1191 5234 1395 5323 reportata,
1413 5218 1503 5296 dicti
1516 5220 1683 5330 religiosi
1700 5222 1882 5299 instanter
1896 5221 2132 5327 requirerent
2145 5246 2226 5296 eam
2235 5214 2343 5325 judi-

919 5349 995 5425 cari
1006 5382 1014 5426 :
1026 5350 1210 5446 Tandem,
1225 5348 1299 5426 visa
1319 5342 1586 5429 informacione
1603 5353 1781 5458 predicta,
1791 5380 1862 5459 per
1873 5369 2057 5430 arrestum
2072 5367 2201 5429 nostre
2217 5347 2341 5436 curie,
