5817 7292
911 1023 985 1097 616
1491 1022 1581 1093 tns
1612 1002 1750 1095 61111.

687 1171 870 1233 vmnmlv,
964 1164 1122 1244 Veneris
1133 1181 1218 1271 post
1231 1162 1514 1241 Penthecosteo.

966 1296 1071 1377 Creci
1088 1294 1298 1403 reportavit.

747 1263 809 1305 1³11.

966 1558 1090 1635 XXXI.
1121 1555 1220 1634 Cum
1236 1555 1333 1633 inter
1351 1571 1632 1660 procuratorem
1652 1570 1823 1631 nostrum
1842 1553 2077 1660 prepositure
2095 1555 2331 1647 Parisiensis,

910 1716 978 1795 pro
1000 1686 1124 1775 nobis,
1144 1714 1186 1763 ex
1205 1713 1279 1762 una
1295 1702 1416 1790 parte,
1437 1703 1476 1761 61
1492 1684 1686 1765 Galternm
1701 1683 1750 1762 de
1768 1668 1994 1775 broissellis,
2014 1684 2131 1763 civem
2148 1687 2333 1765 Parisien·

910 1847 1006 1906 sem,
1024 1846 1067 1894 ex
1081 1816 1211 1906 altera,
1229 1816 1269 1891 in
1284 1832 1409 1894 nostra
1425 1815 1526 1893 curia
1538 1814 1685 1922 questio
1701 1831 1909 1893 verteretur
1922 1844 2036 1921 super
2050 1845 2097 1894 eo
2112 1818 2217 1923 quod
2230 1818 2332 1896 idem

910 1948 1099 2036 Galterus,
1117 1948 1210 2025 dum
1227 1947 1386 2037 vivebat,
1405 1963 1458 2036 61,
1478 1964 1563 2053 post
1578 1946 1660 2052 ejus
1674 1963 1852 2035 mortem,
1866 1946 2058 2024 Johannes
2074 1946 2233 2038 Arrode,
2247 1978 2331 2027 suc-

911 2106 1046 2169 cessor,
1067 2096 1110 2155 ut
1130 2076 1294 2166 dicebat,
1317 2095 1355 2155 et
1379 2078 1489 2154 heres
1509 2076 1626 2183 ipsius
1650 2074 1809 2165 Galteri,
1836 2068 1987 2154 racione
2010 2077 2136 2155 uxoris
2158 2079 2329 2185 ejusdem

907 2210 1108 2300 iohannis,
1126 2208 1202 2286 filie
1218 2209 1375 2315 predicti
1397 2207 1553 2296 Galteri,
1575 2207 1763 2285 asserebat
1775 2206 1952 2297 domurn,
1963 2208 2151 2314 justiciam
2165 2227 2204 2287 et
2217 2210 2329 2287 here-

911 2340 1047 2447 ditagia
1071 2340 1139 2417 sita
1158 2340 1197 2415 in
1216 2339 1303 2415 villa
1326 2356 1363 2422 et
1378 2337 1917 2429 territorio.Portus·Nulliaci,
1939 2368 2015 2446 que
2033 2340 2226 2446 Philippus
2241 2340 2329 2417 Fla-

910 2471 1074 2579 mingus,
1107 2470 1291 2547 dictarum
1316 2497 1442 2547 rerum
1471 2486 1562 2545 tunc
1591 2469 1784 2559 dominus,
1810 2486 1854 2547 ut
1883 2469 2088 2558 dicebatur,
2114 2469 2331 2548 vendiderat

910 2618 1119 2678 memorato
1132 2599 1294 2689 Galtero,
1305 2599 1352 2676 ad
1365 2628 1521 2677 manum
1531 2616 1713 2688 nostram,
1726 2600 1807 2679 sine
1821 2629 1945 2689 causa,
1960 2600 2009 2677 ad
2020 2600 2238 2679 instanciam
2251 2630 2332 2707 pro

911 2730 1092 2807 curatoris
1118 2730 1233 2823 nostri
1259 2730 1435 2835 predicti,
1462 2728 1576 2806 fuisse
1598 2729 1802 2836 appositos,
1827 2730 2029 2837 ipsumque
2049 2729 2244 2809 Galterum
2265 2760 2334 2838 per

912 2861 1075 2938 eundem
1085 2876 1366 2967 procuratorem
1384 2876 1572 2949 nostrum,
1584 2860 1753 2937 indebite
1766 2876 1805 2938 et
1818 2862 1865 2938 de
1879 2888 1977 2939 novo
1987 2860 2202 2951 turbatum,
2218 2878 2256 2938 et
2268 2862 2334 2939 im·

909 2992 1081 3099 peditum
1102 2992 1216 3069 fuisse
1237 2990 1441 3097 quominus
1461 2990 1646 3069 dictarum
1670 3018 1799 3069 rerum
1819 2991 1954 3069 saisina
1973 2991 2092 3069 libere
2111 2993 2168 3070 uti
2187 3011 2331 3099 posset,

910 3152 1025 3229 quare
1035 3122 1299 3229 petebatidem
1310 3122 1485 3201 Gaiterus
1496 3123 1731 3201 etJobannes
1740 3122 2147 3228 predictus,suocessor
2156 3140 2195 3200 et
2203 3125 2328 3213 beres,

913 3269 954 3329 ut
980 3253 1223 3359 premittitur,
1255 3252 1427 3357 ejusdem
1454 3251 1611 3340 Galteri,
1638 3253 1916 3345 torbacionem,
1949 3254 2260 3360 impedimentum
2290 3272 2332 3331 et

910 3410 1065 3461 manum
1077 3397 1242 3459 nostram
1254 3379 1301 3457 de
1316 3380 1424 3459 dictis
1436 3381 1551 3459 rebus
1560 3384 1742 3473 amoveri3
1753 3384 1920 3488 predicto
1932 3400 2169 3489 procuratore
2182 3402 2326 3473 nostro,

911 3542 954 3591 ex
965 3512 1133 3602 adverso,
1152 3512 1300 3589 dicente
1312 3541 1372 3590 res
1386 3510 1590 3618 predictas,
1607 3531 1760 3619 propter
1775 3514 1965 3621 quoddam
1978 3514 2227 3591 homicidium
2242 3543 2331 3620 pre·

911 3643 1011 3721 dicto
1031 3643 1206 3749 Philippo
1227 3643 1465 3747 impositum,
1490 3658 1578 3719 ante
1599 3642 1738 3721 dictam
1757 3645 2038 3733 vendicionem,
2059 3661 2103 3721 ut
2121 3644 2329 3734 dicebatur,

911 3774 1171 3863 commissum,
1190 3772 1298 3850 nobis
1314 3771 1507 3851 confiscari
1528 3771 1683 3862 debere,
1702 3790 1740 3851 et
1755 3764 1975 3854 earumdem
1991 3802 2120 3852 rerum
2135 3774 2333 3853 alienacio-

910 3933 997 3983 nem
1013 3923 1099 4010 post
1113 3922 1253 3982 motam
1268 3904 1493 4011 superdicto
1511 3904 1666 3981 crimine
1680 3906 1933 4011 questionem,
1950 3923 1987 3983 et
2001 3933 2154 3983 manum
2165 3924 2330 3985 nostram

910 4037 950 4111 in
967 4035 1056 4142 ipsis
1069 4034 1198 4125 rebus,
1216 4051 1369 4141 propter
1383 4035 1455 4112 hoc
1468 4036 1690 4141 appositam,
1712 4064 1789 4115 nou
1801 4037 1922 4115 valere
1937 4068 1946 4113 ε
1963 4039 2076 4115 Facta
2091 4037 2205 4145 igitur
2219 4064 2332 4141 super

909 4166 1114 4271 premissis,
1140 4165 1385 4243 demandato
1409 4182 1551 4253 nostro,
1575 4164 1763 4272 inquesta,
1791 4184 1829 4245 61
1852 4168 1901 4245 ad
1925 4185 2090 4246 nostram
2113 4167 2253 4245 curiam
2274 4194 2333 4243 ns·

909 4314 1053 4401 portata
1068 4315 1104 4374 et
1121 4297 1319 4403 diligenter
1334 4296 1515 4401 inspecta,
1535 4297 1637 4401 quia,
1655 4326 1723 4404 per
1737 4326 1836 4387 eam,
1854 4297 2000 4405 liquido
2020 4314 2255 4405 compertum
2276 4315 2332 4375 est

909 4427 1013 4533 quod
1038 4427 1159 4505 dictus
1185 4427 1397 4534 Philippus,
1424 4430 1595 4533 tempore
1616 4427 1850 4507 vendicionis
1873 4428 2059 4507 dictarum
2085 4456 2212 4505 rerum
2235 4426 2330 4504 facte

909 4556 1060 4636 Galtero
1075 4558 1262 4665 predicto,
1279 4576 1316 4635 et
1329 4558 1397 4635 diu
1412 4574 1514 4646 ante,
1528 4556 1681 4664 pacifico
1692 4559 1909 4664 possidebat
1920 4588 1980 4637 res
1991 4559 2178 4666 predictas
2189 4558 2328 4663 absque

910 4687 983 4763 hoo
997 4687 1102 4793 quod
1117 4716 1249 4765 manus
1265 4706 1389 4765 nostra
1406 4704 1504 4765 esset
1517 4687 1678 4776 ibidem,
1699 4704 1738 4765 et
1748 4689 1853 4795 quod
1867 4688 1985 4767 eciam
2001 4689 2102 4767 idem
2118 4687 2325 4791 Philippus,

909 4818 955 4895 ab
969 4818 1145 4924 imposito
1159 4818 1230 4896 sibi
1243 4817 1412 4924 predicto
1424 4818 1581 4895 crimine
1591 4846 1660 4924 per
1672 4836 1947 4926 competentem
1956 4819 2143 4926 judicem,
2158 4816 2329 4924 ejusdem

908 4948 1139 5027 vendicionis
1153 4966 1341 5055 tempore,
1359 4948 1481 5027 fuerat
1495 4935 1683 5057 legittime·
1698 4950 1909 5040 absolutus,
1928 4978 1998 5056 per
2012 4950 2117 5029 curie
2131 4965 2253 5026 nostre
2266 4946 2332 5054 ju·

911 5078 1067 5167 dicium,
1084 5078 1156 5157 fuit
1171 5079 1313 5157 dictum
1327 5078 1602 5167 turbacionem,
1620 5080 1935 5185 impedimentum
1950 5096 2153 5157 etmauum
2163 5094 2332 5157 nostram
2414 5184 2418 5189 .
2478 5059 2481 5064 Α

909 5208 1092 5317 predictas
1108 5212 1155 5288 de
1171 5210 1279 5290 dictis
1292 5212 1408 5291 rebus
1424 5211 1598 5294 amoveri.
1608 5212 1758 5291 debere.

953 5341 1119 5429 ‚Veneris
1133 5360 1217 5448 post
1229 5342 1512 5419 Pentbecosten.
