5817 7292
1025 1072 1288 1183 snoutrus
1313 1071 1608 1173 urrnocns.
1961 1094 2034 1169 tor

613 1231 1945 1342 ohiaSsnotiiietmaui,ouidamutuieulnmjustitiaodoabsoiderentio
1956 1267 2037 1343 pre·
2073 1249 2259 1316 romnis,

605 1368 793 1477 judicium
810 1366 909 1447 dicte
919 1367 1060 1449 susino
1070 1382 1223 1457 uostre3
1240 1383 1294 1456 et,
1309 1366 1398 1474 quia
1412 1364 1591 1473 predicti,
1603 1362 1696 1452 licet
1709 1363 1852 1470 pluries
1862 1368 2034 1472 requisiti
2135 1345 2198 1387 uos.

611 1530 655 1581 ex
665 1517 768 1607 pono
777 1514 923 1591 nostra.
937 1498 1039 1605 quod
1053 1497 1200 1580 dietum
1212 1496 1338 1578 locum
1349 1498 1397 1584 de
1407 1496 1579 1612 prodicta
1593 1495 1759 1580 urrioula
1772 1496 2037 1578 resaisirentet

610 1630 748 1709 sactum
761 1628 979 1739 hujusmodi
991 1627 1467 1718 emendarentnoluerunt
1480 1626 1707 1718 buciacum,
1719 1627 2037 1710 senescallusnoe

608 1760 988 1871 terl’eoragorioeusis
1002 1760 1187 1867 quicquid
1202 1760 1376 1867 predicti.
1388 1762 1454 1868 qui
1468 1759 1635 1839 seruant
1649 1758 1791 1837 dietum
1804 1758 1964 1850 [actm
1977 1760 2038 1839 ha·

609 1893 750 1973 bdant
764 1893 804 1969 in
823 1892 921 1973 dieta
934 1890 1021 1970 villa
1036 1889 1224 1971 Salvitatis
1239 1909 1409 1974 ettotam
1425 1891 1564 1971 dietam
1576 1889 1702 1973 villam
1715 1890 1769 1970 ad
1783 1920 1938 1971 manum
1949 1921 2037 1980 nos·

608 2040 703 2103 trum
723 2024 865 2129 posuit,
883 2022 1067 2128 ponendo
1088 2023 1205 2103 eniam
1226 2022 1370 2103 ibidem
1386 2022 1563 2104 uexillum
1581 2039 1756 2102 nostrum
1770 2039 1815 2099 -ot
1835 2024 2037 2103 servientes

608 2172 774 2244 nostros3
790 2152 860 2233 sad
875 2171 1009 2261 gentes
1026 2171 1119 2238 tunc
1137 2154 1236 2261 nogia
1251 2152 1406 2259 Anglie.
1427 2152 1569 2235 scilicet
1587 2153 1760 2262 tegerus
1771 2155 1892 2248 Mota,
1911 2182 2037 2240 senes·

607 2283 723 2363 eslius
741 2282 964 2391 Agenoreis,
981 2312 1069 2367 oum
1087 2281 1261 2391 pluribus
1275 2284 1355 2365 suis
1365 2283 1623 2366 :seruientibus
1631 2283 1804 2373 armatis.
1824 2283 1875 2361 sd
1889 2285 2036 2366 dicaam

605 2414 734 2495 locum
751 2414 962 2504 uenientes..
983 2430 1067 2521 post
1084 2412 1381 2521 appellationem
1397 2414 1447 2493 sd
1466 2442 1536 2493 uos
1547 2442 1616 2521 par
1626 2413 1796 2521 bajulum
1814 2414 1862 2493 de
1877 2414 2036 2522 Aymeto

606 2542 758 2635 factam.
780 2563 906 2653 portas
925 2545 1045 2652 ipsius
1063 2545 1252 2626 salvitatis
1272 2544 1484 2654 fregerunt,
1505 2563 1545 2628 ot
1565 2545 1703 2626 exinde
1727 2547 1929 2627 servientes
1947 2576 2035 2633 uos-

606 2693 684 2755 tros
704 2704 773 2781 per
790 2676 959 2783 scapulas
976 2676 1170 2781 ejooerunt
1185 2692 1228 2753 et
1245 2675 1423 2758 vetillum
1447 2693 1620 2755 nostrum
1639 2676 1679 2755 iu
1701 2675 1851 2758 fossatis
1869 2679 2036 2783 projece-

608 2823 716 2896 runt;
731 2806 897 2885 adiciens
906 2806 1012 2885 idem
1027 2822 1248 2911 procurator
1262 2822 1391 2886 noster
1405 2806 1530 2912 quod,
1541 2834 1628 2885 oum
1646 2805 1797 2912 bajulus
1812 2806 1861 2888 de
1874 2808 2034 2914 Aymoto
2080 2876 2084 2881 .

607 2935 783 3013 animalia
795 2935 1047 3044 quorumdam
1065 2934 1266 3014 homiuum
1284 2935 1332 3013 de
1348 2934 1541 3025 Salutate,
1553 2934 1800 3042 justieiando‚
1823 2938 1982 3044 cepisset
1997 2956 2036 3014 et

608 3094 651 3143 ea
670 3094 800 3145 secum
819 3066 989 3154 duceret,
1012 3065 1138 3172 plures
1158 3066 1333 3145 homines
1349 3067 1397 3144 de
1413 3065 1590 3144 Salvitate
1605 3082 1646 3145 et
1658 3067 1862 3147 servientes
1879 3067 2034 3175 quidam

606 3194 697 3273 dicti
711 3196 810 3306 regis
828 3195 984 3302 Angue,
1002 3222 1076 3273 una
1097 3224 1184 3273 cum
1206 3196 1260 3273 eis
1280 3195 1328 3274 de
1347 3195 1433 3272 villa
1449 3193 1638 3303 predicta,
1655 3197 1786 3273 armati
1808 3197 1979 3275 exierunt
1997 3216 2035 3273 et

605 3325 775 3435 bajulum
789 3326 1001 3432 predictum
1019 3354 1105 3405 oum
1125 3326 1239 3407 armis
1259 3326 1506 3435 ligaverunt.
1526 3342 1566 3405 ot
1585 3326 1753 3432 predicta
1770 3327 1941 3408 animalia
1955 3356 2034 3407 res-

607 3476 804 3537 oussemnt
815 3457 963 3548 eidem
978 3457 1206 3565 petebatque
1218 3457 1346 3537 dietus
1356 3472 1579 3565 procurator
1597 3475 1727 3537 noster
1745 3457 1913 3565 predicta
1924 3458 2036 3538 nobis

607 3588 820 3680 emendari,
836 3605 890 3679 et,
910 3616 980 3671 nos
994 3589 1034 3668 in
1052 3588 1186 3672 saisina
1201 3588 1401 3679 exercendi
1413 3616 1570 3669 omnem
1578 3589 1769 3697 justiciam
1788 3590 1829 3668 in
1842 3588 1935 3667 loeis
1950 3618 2036 3695 pre-

606 3721 717 3800 dictis
733 3720 872 3799 debere
888 3747 1102 3808 renuere,
1121 3720 1379 3826 pronunciari,
1399 3718 1605 3799 senescallo
1625 3733 1662 3799 et
1682 3720 1858 3825 gentibus
1872 3720 1963 3801 diesi
1977 3750 2038 3801 ro-

606 3852 664 3959 gis
681 3850 829 3958 Anglie,
847 3850 1001 3927 nomine
1020 3877 1099 3956 quo
1117 3878 1246 3955 supra,
1267 3850 1377 3957 plura
1394 3850 1518 3929 adsui
1538 3848 1800 3930 defensionem
1818 3876 2036 3954 propouen

606 3980 725 4069 tibus,
739 4009 783 4057 ex
797 3977 969 4070 advorso,
981 3997 1021 4059 ot
1031 3978 1283 4060 asserentibus
1292 3979 1402 4086 quod
1416 3978 1561 4060 domini
1576 3979 1650 4060 loci
1662 3978 1820 4085 predicti
1834 3977 2035 4067 salvitatis,

608 4112 715 4218 cujus
734 4110 806 4191 loci
822 4110 998 4191 dioebaut
1018 4111 1161 4194 dictum
1174 4138 1305 4218 regem
1321 4109 1460 4218 Anglie
1480 4139 1561 4193 esse
1581 4110 1781 4194 dominum
1802 4110 2034 4217 superiorem

608 4242 648 4318 in
661 4240 858 4332 omibus,
875 4259 982 4321 eraut
995 4241 1035 4319 in
1050 4241 1190 4324 saisina
1200 4242 1401 4327 exercendi
1417 4269 1572 4322 omnem
1580 4241 1771 4350 justiciam
1787 4242 1827 4319 in
1846 4240 2038 4347 lorispre·

609 4372 718 4451 dietis
733 4390 771 4450 et
785 4372 904 4451 eciam
917 4373 956 4449 in
970 4374 1165 4478 parrochia
1179 4372 1226 4451 de
1246 4374 1418 4463 Busseto‚
1432 4391 1471 4451 et
1483 4373 1767 4480 requirentibus
1785 4400 1940 4454 manum
1950 4400 2038 4453 uos·

608 4521 720 4593 tram‚
742 4504 782 4581 iu
804 4504 914 4582 dietis
932 4503 1026 4583 locis
1045 4505 1270 4611 appositam,
1292 4505 1477 4584 amoveri:
1493 4504 1579 4584 Visa
1598 4504 1714 4614 igitur
1732 4504 1906 4611 inquesta
1923 4532 2037 4610 super

608 4634 682 4713 hiis
695 4635 744 4714 de
758 4635 937 4715 mandato
952 4635 1055 4713 curie
1071 4652 1199 4714 nostre
1214 4636 1326 4727 facta,
1338 4636 1425 4714 visis
1435 4635 1552 4713 eciam
1569 4635 1835 4743 omnibusque
1846 4635 1945 4718 dioto
1956 4664 2037 4743 par·

607 4782 665 4844 tes
684 4767 723 4844 in
748 4766 969 4875 hujusmodi
990 4766 1234 4875 [questione]
1254 4795 1469 4877 proponere
1493 4767 1712 4861 voluerunt,
1731 4767 1822 4874 quia
1839 4768 2036 4847 inventum

607 4894 681 4976 fuit
696 4896 839 4976 dictum
860 4916 1143 5005 procuratorem
1163 4916 1337 4980 nostrum
1356 4927 1526 4977 excessus
1544 4899 1735 5005 predictos
1753 4926 1822 5005 per
1841 4926 1929 4977 eum
1949 4926 2037 5004 pro-

608 5029 752 5137 positos
771 5046 901 5111 oonua
918 5046 1048 5140 gentes
1066 5030 1253 5135 predictas
1271 5030 1362 5129 dieti
1376 5030 1477 5139 regis
1488 5028 1625 5140 Anglie
1637 5028 1784 5139 liquide
1796 5028 2035 5139 probavisse,

612 5176 650 5237 ot
671 5160 849 5239 eumdem
872 5178 1154 5269 procuratorem
1177 5178 1367 5255 nostrum,
1389 5180 1577 5269 quantum
1600 5160 1649 5242 ad
1671 5160 1846 5244 suisium
1871 5159 2038 5267 predicte

607 5290 756 5397 justicie
771 5291 943 5371 locorum
955 5292 1129 5375 omnium
1137 5293 1412 5401 predictorum,
1427 5310 1580 5400 excepta
1592 5293 1789 5401 parrochia
1804 5293 1852 5371 de
1865 5292 2036 5379 Annaeo,

612 5420 986 5506 intencionemsusm
1003 5424 1141 5505 melius
1155 5422 1385 5533 probavisse„
1401 5454 1471 5532 per
1485 5426 1589 5508 curie
1609 5444 1736 5508 nostre
1751 5424 1941 5530 judicium
1962 5421 2039 5504 dic·
