5817 7292
1029 1129 1296 1238 nnounrns
1322 1149 1388 1223 nr
1413 1135 1622 1225 vnocns.
1974 1144 2041 1222 rsa

512 1267 527 1326 ⁸
618 1287 776 1369 iiaribus
799 1305 839 1366 et
857 1289 1074 1369 hominibus
1093 1292 1426 1384 incarceraverunt,
1447 1291 1708 1381 redemerunt,
1731 1290 1903 1370 animalia
1924 1291 2045 1370 dicto-
2081 1297 2210 1352 Prinna
2224 1299 2267 1364 tv,

615 1447 700 1496 rum
721 1421 922 1498 hominum
937 1439 1120 1528 ceperunt
1134 1422 1311 1530 bonaque
1332 1424 1422 1501 dicti
1442 1424 1631 1531 prioratus
1648 1423 1944 1514 devastaverunt,
1968 1423 2045 1500 dic-
2144 1390 2206 1436 Μ’

617 1568 774 1657 tumque
793 1551 959 1658 priorem
976 1571 1251 1631 arrestaverrmt
1263 1555 1462 1634 sedentem
1479 1584 1591 1662 super
1610 1580 1751 1663 equum
1773 1583 1902 1646 suum,
1919 1554 2044 1659 ipsum

615 1708 692 1758 non
711 1682 973 1787 permittentes
991 1683 1222 1762 descendere
1238 1685 1299 1762 veI
1314 1685 1430 1775 exire,
1448 1714 1517 1792 per
1531 1713 1711 1792 magnum
1731 1685 1853 1762 noctis
1877 1683 2044 1789 spacium

616 1811 655 1887 in
668 1839 831 1919 garenna
842 1812 995 1918 antiqua
1006 1813 1096 1890 dicti
1107 1816 1243 1920 prioris
1254 1815 1375 1892 venati
1388 1815 1558 1904 fuerunt,
1571 1814 1754 1920 claperios
1763 1815 2042 1904 destruxerunt,

617 1941 779 2048 dampna
803 1940 966 2048 piurima
987 1942 1098 2021 dictis
1120 1945 1256 2050 priori,
1276 1947 1458 2051 prioratui
1480 1963 1516 2022 et
1537 1944 1757 2023 hominibus
1777 1944 1988 2022 intulerunt
2008 1961 2046 2022 et

617 2071 745 2178 plures
761 2072 1004 2150 enormitates
1024 2102 1067 2151 ac
1082 2075 1312 2164 atrocitates,
1328 2093 1415 2181 post
1431 2077 1619 2155 dictorum
1634 2075 1843 2182 pthonum
1860 2092 1898 2152 et
1912 2104 2045 2152 manus

617 2219 743 2280 nostre
770 2204 1065 2309 appositionem,
1092 2206 1362 2284 commiserunt
1388 2208 1551 2296 ibidem,
1580 2235 1622 2283 ac
1650 2205 1690 2281 in
1718 2207 1819 2282 dicto
1847 2221 1966 2283 castro
1997 2205 2044 2282 de

616 2333 779 2421 Aurora,
801 2361 888 2410 cum
911 2334 990 2410 suis
1006 2335 1185 2441 predictis
1204 2335 1559 2443 depredacionibus‚
1580 2335 1723 2443 pluries
1742 2352 2042 2443 receptaverunt3

617 2465 832 2572 requirente
852 2462 979 2572 itaque
999 2466 1100 2544 dicto
1118 2467 1244 2572 priore
1264 2469 1476 2577 inquestam
1496 2468 1630 2546 factam
1649 2495 1762 2574 snper
1777 2467 2043 2575 hiisjudicari:

617 2596 702 2673 Visa
714 2597 813 2674 dicta
827 2597 1000 2702 inquesta
1018 2613 1056 2672 et
1076 2596 1279 2704 diligenter
1291 2599 1513 2689 examinata,
1531 2598 1852 2703 consideratisque
1867 2595 2045 2675 omnibus

617 2747 691 2830 que
711 2744 878 2802 nosuam
897 2725 1041 2805 curiam
1062 2753 1213 2804 movere
1232 2745 1407 2833 poterant
1433 2745 1472 2804 et
1491 2727 1699 2816 debebant,
1721 2727 1810 2832 quia
1833 2743 1960 2802 nostre
1980 2754 2047 2802 cu-

617 2855 672 2932 rie
682 2857 849 2934 constitit
860 2855 1391 2964 depredictisperinquestam
1400 2857 1626 2964 predictam,
1637 2856 1778 2962 prefata
1788 2873 1914 2934 nostra
1923 2855 2043 2944 curia,

615 2986 896 3095 perjudicium,
913 2987 1201 3093 condempnavit
1215 2987 1360 3065 dictum
1375 2987 1537 3065 miIitem
1551 2988 1589 3064 in
1608 2986 1713 3082 mille
1729 2987 1834 3065 Iibris
1847 2989 2046 3065 Turonen-

615 3117 736 3205 sibus,
757 3145 827 3224 pro
845 3116 1005 3195 emenda
1023 3133 1166 3208 nostra,
1190 3144 1232 3193 ac
1251 3116 1352 3194 dicto
1370 3117 1504 3224 priori,
1527 3116 1713 3224 prioratus
1732 3118 1790 3195 sui
1810 3118 1981 3210 nomine,
2005 3118 2042 3192 in

615 3248 831 3356 quingentis
856 3247 966 3325 libris
988 3247 1291 3335 Turonensibus,
1315 3247 1503 3326 solvendis
1525 3247 1636 3325 nobis
1659 3264 1699 3325 et
1720 3247 1837 3354 priori
1860 3249 2043 3353 premisso

614 3378 711 3455 inira
725 3397 889 3486 quatuor
900 3405 1019 3454 annos
1038 3406 1060 3454 a
1078 3378 1165 3454 data
1183 3379 1420 3483 presencium
1436 3378 1730 3485 computandos,
1751 3377 1928 3456 videlicet
1946 3405 2043 3456 anno

615 3509 788 3616 quolibet
802 3526 935 3616 quarta
950 3525 1056 3615 parte
1072 3507 1463 3614 condempnacionum
1478 3509 1751 3615 predictarum
1768 3536 1810 3584 ac
1829 3505 2045 3585 nichilomi-

616 3664 687 3718 nus
706 3639 997 3746 pronunciatum
1016 3638 1105 3727 Iuit,
1129 3668 1198 3745 per
1221 3640 1324 3718 curie
1343 3657 1472 3719 nostro
1488 3640 1691 3746 judicium,
1715 3639 1861 3717 dictum
1882 3655 2044 3716 castrum

616 3797 683 3847 seu
695 3773 906 3849 manerium
922 3770 972 3848 de
986 3770 1147 3860 Aurora,
1161 3771 1201 3846 in
1213 3801 1291 3878 quo
1308 3769 1397 3847 dicti
1411 3767 1686 3860 malefactores,
1706 3799 1792 3848 cum
1806 3769 1884 3846 suis
1898 3767 2045 3844 maleti-

616 3900 700 3989 ciis,
716 3903 896 4008 receptati
914 3900 1069 3980 suerunt
1083 3919 1122 3978 et
1136 3901 1226 3979 dicti
1244 3901 1341 4007 capti
1356 3902 1395 3977 in
1410 3903 1577 4007 prisione
1593 3898 1752 3988 detenti,
1770 3896 2043 3977 destruendum

618 4057 698 4108 esse
715 4048 755 4108 et
772 4030 944 4108 funditus
962 4031 1206 4109 diruendum.

671 4161 850 4240 Mercurii
869 4178 955 4267 post
973 4160 1202 4268 quindenam
1217 4162 1497 4238 Penthecostes.

672 4291 857 4371 Gorintus
879 4293 1092 4397 reportavit.

674 4553 815 4632 XLVII.
845 4553 1019 4660 Inquesta
1046 4553 1140 4628 facta
1160 4580 1205 4629 ex
1228 4549 1353 4630 officio
1373 4549 1494 4640 curie,
1520 4577 1635 4656 super
1659 4549 1723 4626 iIIa
1746 4548 1875 4658 grandi
1903 4549 2046 4628 dissen-

618 4686 726 4764 cione
744 4711 821 4792 que
841 4700 920 4763 erat
941 4686 1041 4762 inter
1058 4683 1276 4790 episcopum
1305 4700 1344 4762 et
1364 4681 1490 4760 viIIam
1513 4682 1772 4773 Belvacenses,
1794 4679 1977 4758 adfinem
1998 4681 2046 4758 ci·

618 4815 731 4892 vilem
756 4815 849 4902 visa,
873 4813 1137 4922 condempnati
1165 4814 1321 4894 suerunt
1342 4815 1478 4923 major,
1500 4814 1615 4922 jurati
1642 4826 1680 4891 et
1703 4812 1919 4891 communia
1946 4811 2045 4890 dicte

618 4946 723 5035 ville,
739 4973 809 5052 per
819 4947 1009 5054 judicium
1025 4944 1145 5029 curie.
1163 4944 1320 5025 domino
1332 4947 1424 5054 Regi
1440 4947 1480 5024 in
1497 4944 1654 5026 emenda
1672 4945 1804 5022 decem
1819 4943 1983 5021 miIlium
2001 4942 2046 5019 Ii-

618 5077 773 5155 brarum
790 5105 990 5184 parvorum
1002 5076 1269 5155 Parisiensium
1290 5078 1494 5158 honorum.
1514 5071 1730 5154 iudicatum
1748 5100 1863 5181 super
1881 5075 1953 5150 hoc
1973 5071 2046 5150 Iac-

620 5227 701 5287 tum
720 5209 902 5315 scriptum
922 5226 978 5288 est
997 5209 1037 5284 in
1056 5207 1184 5286 rotulo
1201 5207 1317 5316 hujus
1335 5208 1570 5316 parlamenti.

678 5470 833 5550 XLVIII.
863 5470 1044 5549 Homines
1062 5470 1778 5575 Sancti-Germani·supsr·Matemam‚
1801 5493 1871 5570 pro
1892 5459 2046 5540 excessi-
