5817 7292
1013 1109 1282 1218 suousrss
1309 1126 1371 1199 ur
1398 1108 1605 1200 esoces.
1947 1125 2020 1197 525

601 1269 721 1378 gentis
737 1267 843 1348 libris
855 1267 1143 1357 Parisiensibus,
1161 1295 1230 1374 pro
1245 1266 1416 1374 dampnis
1431 1294 1522 1374 que,
1539 1293 1610 1372 pro
1626 1263 1821 1370 predictis,
1836 1269 2023 1346 sustinue·
2058 1295 2188 1349 ratum
2201 1291 2245 1358 tv,

601 1419 699 1494 rant,
718 1402 855 1478 dictam
872 1399 1098 1478 comitissam
1120 1395 1264 1476 eisdem
1277 1397 1530 1506 burgensibus
1545 1395 1832 1501 condempnari,
1849 1397 1948 1475 dieta
1966 1429 2024 1476 co·
2120 1387 2184 1430 ¹⁸¹⁰·

600 1531 741 1609 mitissa
761 1531 986 1609 contrarium
1008 1547 1212 1618 asserente,
1241 1547 1278 1606 et
1303 1530 1451 1607 dicente
1476 1555 1516 1606 se
1543 1553 1622 1640 esse
1642 1525 1681 1602 in
1700 1525 1834 1602 saisina
1853 1527 2021 1629 capiendi

599 1659 801 1769 pedagium
820 1661 867 1738 de
885 1659 978 1738 vinis
1000 1676 1037 1737 et
1051 1659 1271 1736 mercaturis
1290 1685 1364 1767 que
1378 1661 1583 1745 ducuntur,
1606 1656 1653 1732 d'e
1668 1657 1840 1780 Francia,
1864 1655 1911 1735 de
1930 1661 2024 1738 Bur-

600 1791 740 1898 gundia
765 1809 803 1869 et
821 1791 892 1868 alia
914 1818 1152 1898 quacumque
1171 1807 1290 1898 terra,
1313 1791 1351 1866 in
1375 1788 1605 1878 Flandriam,
1627 1815 1696 1892 per
1718 1805 1857 1865 terram
1878 1789 1937 1866 vel
1957 1823 2025 1900 per

600 1949 718 2010 mare,
747 1938 784 1998 et
809 1921 980 2027 capiendi
1001 1920 1179 1997 emendas
1199 1919 1245 1996 ab
1266 1919 1443 1998 omnibus
1466 1920 1531 2026 qui
1554 1917 1624 1995 sibi
1645 1945 1722 1994 non
1742 1918 1889 1998 solvunt
1908 1923 2025 2027 peda-

598 2051 703 2155 gium
717 2079 785 2157 pro
805 2050 1004 2156 predictis:
1019 2050 1106 2131 Visa
1121 2050 1234 2156 igitur
1252 2049 1350 2126 dicta
1369 2051 1558 2155 inquesta,
1576 2075 1645 2152 per
1661 2049 1762 2126 dicte
1775 2069 1903 2128 nostre
1921 2057 2024 2133 curie

592 2179 798 2285 judicium,
820 2180 963 2257 dictum
980 2179 1054 2256 suit
1073 2180 1194 2256 dictos
1208 2179 1415 2285 burgenses
1433 2178 1685 2256 intencionem
1700 2209 1806 2256 suam
1824 2181 1921 2260 bene
1938 2214 2025 2291 pro-

596 2308 724 2400 basse,
748 2325 784 2386 et
809 2307 914 2416 quod
938 2309 1034 2386 dicta
1060 2309 1299 2386 recredencia
1325 2309 1468 2385 eisdem
1494 2302 1534 2384 in
1552 2336 1687 2413 puram
1707 2310 2023 2391 deliberacionem

598 2455 845 2530 convertatur,
872 2440 972 2517 salvo
1001 2440 1145 2517 eisdem
1165 2440 1253 2546 jure
1278 2467 1347 2517 suo
1372 2467 1488 2544 super
1511 2437 1685 2543 dampnis
1709 2441 1902 2544 predictis,
1927 2445 2023 2522 salva

598 2569 715 2648 eciam
732 2569 830 2646 dicte
852 2570 1041 2646 comitisse
1062 2598 1175 2674 super
1188 2569 1368 2675 predictis
1382 2568 1580 2674 questione
1600 2569 1849 2672 proprietatis.

655 2700 755 2776 lovis
774 2715 858 2804 post
875 2699 1141 2776 Reminiscere.

656 2830 817 2936 Mangon
841 2828 1055 2933 reportavit.

655 3065 779 3172 XXIV.
811 3089 894 3168 Lite
909 3109 1011 3170 mota
1026 3089 1126 3168 inter
1139 3089 1365 3198 Dyonisium
1385 3093 1634 3198 Luquete,.ex
1651 3123 1725 3171 una
1737 3111 1859 3202 parte,
1882 3115 1921 3175 et
1933 3098 2024 3177 Ger-

598 3222 739 3300 vasium
761 3222 808 3299 de
828 3221 1018 3328 Crispeyo,
1041 3249 1085 3298 ex
1102 3220 1234 3313 altera,
1253 3247 1378 3298 eoram
1399 3223 1590 3328 preposito
1606 3225 1822 3315 Parisiensi‚
1846 3256 2023 3334 supereo

597 3351 773 3430 videlicet
791 3352 895 3459 quod
912 3351 1034 3430 dictus
1052 3353 1256 3460 Dyonisius
1274 3351 1424 3457 petebat
1445 3353 1590 3430 dictum
1610 3354 1827 3433 Gervasium
1844 3357 1915 3435 sibi
1937 3389 2025 3436 con-

600 3483 794 3589 dempnari
810 3483 850 3558 iu
870 3509 933 3560 sex
947 3499 986 3559 et
1003 3481 1157 3590 triginta
1177 3480 1283 3608 libris
1300 3482 1586 3573 Parisiensibus,
1604 3484 1642 3559 in
1662 3485 1817 3591 quibus,
1839 3486 1960 3578 idem,
1982 3507 2025 3567 ut

600 3613 763 3704 dicebat,
784 3611 995 3702 tenebatur,
1021 3640 1091 3717 pro
1110 3629 1260 3690 vectura
1282 3613 1457 3690 vinorum
1477 3641 1545 3719 per
1563 3614 1688 3718 ipsum
1709 3615 1809 3694 dieto
1830 3616 2022 3712 Gervasio,

598 3769 666 3847 per
686 3771 838 3848 aquam,
854 3742 902 3818 de
917 3742 1137 3849 Burgundia
1147 3741 1187 3818 in
1199 3743 1393 3818 Franciam
1408 3742 1675 3832 adductorum,
1689 3745 1737 3820 de
1757 3773 1831 3848 qua
1844 3750 2024 3850 peccunie

600 3897 746 3950 summa
771 3870 872 3948 dicto
896 3869 1072 3948 Gervasio
1098 3871 1273 3950 nondum
1303 3871 1423 3949 suerat
1447 3871 1692 3962 satisfactum
1712 3900 1781 3976 pro
1806 3901 1883 3978 quo
1907 3877 2025 3954 eciam

603 3999 741 4092 debito,
758 4000 881 4078 dictus
890 3999 1094 4108 Dyonisius
1108 3999 1273 4108 quedam
1285 4001 1386 4080 bona
1399 4001 1490 4079 dicti
1506 4000 1672 4079 Gewasii
1685 4000 1822 4079 fecerat
1836 4010 2024 4098 arrestari;

603 4131 703 4208 dicto
729 4130 922 4224 Gervasio,
948 4131 1123 4239 pluribus
1148 4131 1380 4222 racionibus,
1408 4159 1453 4208 ex
1478 4130 1633 4209 adverso
1657 4154 1891 4240 proponente
1923 4140 2027 4244 quod

603 4261 739 4339 dictam
758 4262 937 4369 peccunie
959 4291 1145 4341 summam
1163 4262 1306 4350 scivere
1328 4263 1430 4340 dicto
1444 4263 1626 4370 Dyonisio
1641 4264 1800 4343 minime
1815 4267 2024 4359 tenebatur,

603 4409 640 4470 et
648 4393 754 4500 quod
768 4410 951 4472 arrestum
963 4395 1003 4471 in
1015 4395 1127 4472 bonis
1140 4393 1233 4484 suis,
1253 4393 1300 4470 ad
1312 4379 1628 4501 requestam'‚dicti
1643 4382 1831 4502 Dyonisii,
1851 4398 1948 4476 dicta
1961 4400 2027 4477 lite

602 4525 809 4630 pendente,
832 4525 1062 4632 appositum,
1084 4542 1170 4603 ante
1191 4525 1317 4602 omnia
1337 4524 1502 4602 debebat
1519 4527 1701 4617 amoveri3
1721 4527 1895 4632 pluribus
1913 4530 2029 4636 igitur

601 4653 707 4732 factis
726 4671 765 4732 et
783 4655 1013 4745 nacionibus,
1035 4657 1074 4734 in
1095 4685 1204 4734 causa
1223 4656 1391 4763 predicta
1407 4655 1453 4733 ab
1468 4673 1627 4764 utraque
1645 4673 1751 4763 parte
1771 4649 1972 4766 propositis
1992 4679 2029 4739 et

601 4786 641 4862 in
663 4785 809 4892 scriptis
834 4786 1009 4878 redactis,
1033 4788 1094 4866 die
1113 4789 1230 4866 eciam
1252 4788 1434 4894 assignata
1454 4788 1502 4865 ad
1518 4787 1803 4894 procedendum
1824 4820 1938 4899 super
1956 4781 2028 4870 eis-

603 4916 706 5007 dem,
729 4934 844 5026 prout
864 4937 961 4996 esset
986 4920 1164 5009 racionis,
1186 4919 1341 4997 tandem
1362 4919 1485 4997 dictus
1503 4920 1708 5026 Dyonisius
1727 4921 1870 5000 dietum
1891 4923 2029 5002 Gerva·

603 5046 701 5124 sium
717 5049 755 5124 in
770 5048 892 5126 tribus
912 5048 1122 5128 defectibus
1140 5051 1319 5129 continue
1338 5050 1428 5157 poni
1449 5048 1554 5142 fecit3
1570 5049 1643 5127 lata
1658 5051 1773 5157 igitur
1792 5053 2029 5131 interlocuto·

602 5176 674 5266 ria,
700 5195 776 5254 tam
799 5207 914 5287 super
935 5180 1040 5259 sactis
1069 5199 1106 5258 et
1130 5181 1343 5260 rationibus
1373 5181 1557 5258 dictarum
1578 5181 1747 5287 parcium
1771 5212 1886 5292 quam
1916 5211 2029 5289 super

605 5303 814 5387 defectibus
832 5310 1027 5417 predictis,
1046 5329 1134 5418 post
1151 5311 1289 5390 dictam
1307 5309 1630 5391 interlocutoriam
1645 5312 1772 5404 ianm,
1793 5313 1913 5390 dictus
1936 5306 2029 5390 Gei-

604 5436 741 5526 vasius,
768 5466 891 5518 eoram
918 5443 1019 5521 dicto
1041 5445 1250 5550 preposito,
1274 5443 1386 5550 petiit
1410 5471 1448 5522 se
1476 5444 1642 5532 admitti,
1668 5444 1716 5521 ad
1739 5440 2027 5550 proponendum
