5817 7292
1014 1108 1281 1218 nuounrns
1306 1126 1369 1196 nr
1395 1105 1600 1196 raoots.
1946 1123 2020 1196 sos

602 1271 844 1351 medietatem
859 1269 930 1347 sibi
951 1267 1169 1352 deliberari,
1185 1265 1348 1344 offerens
1361 1291 1402 1341 se
1417 1263 1466 1340 ad
1479 1262 1691 1340 medietatis
1703 1261 1919 1341 debitorum
1933 1265 2023 1342 dicti
2061 1288 2191 1346 Parum
2203 1290 2246 1354 lv.

602 1407 645 1482 ll.
664 1433 739 1511 que
758 1418 866 1479 erant
882 1420 1054 1506 tempore
1070 1399 1203 1476 mortis
1216 1399 1298 1504 ejus
1316 1396 1550 1474 solucionem
1565 1411 1749 1501 paratam,
1770 1394 1945 1500 pluribus
1964 1425 2023 1472 ra·-
2124 1381 2186 1427 ¹³⁰⁷·

604 1535 777 1614 sionibus
790 1550 830 1610 et
848 1529 1189 1610 consuetudinibus
1201 1556 1273 1635 pro
1291 1545 1396 1635 parte
1409 1555 1475 1604 sua
1490 1527 1539 1604 ad
1554 1527 1627 1605 hoc
1646 1524 1828 1633 allegatis,
1847 1525 1945 1602 dicta
1965 1555 2026 1604 co-

606 1667 747 1743 mitissa
765 1663 941 1741 Mathildi
965 1661 1195 1741 contrarium
1222 1661 1389 1747 dicente,
1412 1677 1451 1737 et
1470 1674 1704 1765 proponente
1725 1655 1863 1733 dictam
1884 1659 2027 1761 Marga-

605 1797 714 1873 ritam
736 1823 850 1901 super
868 1795 942 1871 boc
962 1793 1083 1870 audiri
1099 1821 1178 1870 nou
1202 1791 1358 1880 debere,
1377 1807 1508 1897 utpote
1534 1788 1719 1866 exclusam
1740 1787 1788 1865 ab
1808 1788 2027 1895 hujusmodi

606 1927 793 2034 peticione
820 1953 903 2013 sua,
925 1953 994 2031 per
1018 1924 1165 2030 lapsum
1184 1922 1385 2028 temporis,
1412 1948 1457 1999 es
1479 1921 1597 2028 patrie
1617 1919 1891 1997 consuetudine
1915 1949 2029 2028 super

607 2060 680 2135 boc
695 2055 911 2142 introducti,
932 2070 971 2130 et
984 2068 1170 2129 asserente
1188 2079 1228 2128 se
1243 2050 1290 2127 ad
1302 2052 1470 2156 predicta
1481 2079 1557 2130 uon
1572 2050 1705 2143 teucri,
1722 2077 1791 2155 pro
1807 2077 1852 2127 eo
1868 2051 2027 2128 maxime

608 2188 730 2295 quod,
745 2186 815 2264 etsi
832 2185 969 2263 nobilis
984 2185 1039 2260 vir
1052 2183 1157 2272 Otto,
1172 2209 1299 2260 comes
1308 2182 1543 2290 Burgundio,
1556 2183 1749 2290 quondam
1761 2183 1842 2289 ejus
1856 2184 2026 2276 maritus,

607 2347 646 2395 se
665 2318 777 2395 bonis
800 2313 1007 2394 mobilibus
1026 2314 1117 2392 dicti
1137 2317 1181 2390 ll.
1201 2313 1474 2402 immiscuerat,
1503 2313 1576 2392 hoc
1598 2331 1726 2391 tamen
1753 2312 1876 2391 suerat
1902 2333 2030 2392 contra

606 2447 839 2526 voluntatem
867 2447 985 2553 ipsius
1005 2445 1217 2535 Mathildis,
1239 2461 1279 2520 et
1295 2445 1417 2550 quod,
1437 2461 1591 2522 mortuo
1612 2444 1713 2521 dicto
1733 2443 1897 2537 Ottone,
1919 2445 2030 2522 bonis

608 2577 815 2657 mobilibus
832 2577 1003 2684 ejusdem
1015 2577 1096 2682 ipsa
1107 2574 1304 2653 Mathildis
1313 2576 1560 2664 renunciavit,
1576 2575 1704 2682 plures
1718 2575 1766 2650 ad
1779 2577 1868 2666 boc,
1889 2603 1957 2681 pro
1972 2605 2028 2664 se,

557 2705 566 2720 ’
609 2711 780 2786 raciones
799 2724 838 2784 et
851 2707 1149 2785 consuetudines
1162 2706 1494 2811 proponenszVisa
1514 2705 1627 2811 igitur
1641 2707 1811 2810 inquesta
1830 2733 1944 2810 super
1959 2706 2031 2783 hoc

611 2840 660 2916 de
680 2838 855 2914 mandato
875 2836 980 2913 curie
999 2852 1128 2912 nostre
1145 2834 1257 2923 sacta,
1281 2833 1570 2938 pronunciatum
1591 2832 1681 2923 fuit,
1699 2861 1766 2940 per
1781 2834 1884 2910 curie
1904 2851 2031 2912 nostre

607 2967 817 3075 judicium,
838 2967 976 3043 dictam
1000 2965 1235 3071 Margaritam
1256 2964 1303 3041 ab
1322 2963 1541 3070 hujusmodi
1563 2965 1746 3070 petitione
1765 2994 1833 3043 sua
1853 2993 1931 3043 non
1951 2995 2030 3043 esse

609 3098 850 3206 perlapsum
875 3095 1059 3202 temporis
1081 3095 1287 3182 exclusam,
1317 3112 1356 3172 et
1379 3093 1570 3175 dictorum
1595 3095 1786 3174 bonorum
1810 3095 2029 3185 mobilium,

611 3257 684 3336 que
702 3227 865 3305 habebat
883 3226 1007 3304 dictus
1022 3228 1066 3303 R.
1087 3242 1260 3331 tempore
1280 3253 1355 3330 quo
1370 3225 1451 3330 ipse
1466 3225 1641 3314 decessit,
1660 3225 1760 3302 inter
1774 3225 1891 3303 dictas
1909 3245 2032 3332 partes

611 3359 832 3436 divisionem
848 3386 894 3435 eo
914 3356 1031 3434 modo
1042 3384 1122 3463 quo
1136 3355 1287 3462 petitur,
1308 3354 1449 3433 scilieet
1462 3355 1704 3433 medietatem
1725 3355 1914 3434 dictorum
1933 3359 2034 3434 debi-

612 3509 738 3567 torum
758 3489 959 3576 solvendo,
982 3515 1064 3566 esse
1082 3487 1292 3565 faciendam
1313 3505 1350 3564 et
1369 3487 1469 3564 dicte
1490 3488 1687 3595 Margarite
1707 3488 2002 3567 deliberandam.

667 3623 775 3698 Lune
788 3638 873 3727 post
886 3620 1039 3699 octabas
1056 3617 1279 3726 Epiphanie.

670 3754 721 3831 M.
743 3754 787 3828 ll.
807 3752 965 3830 Cuillier
981 3751 1196 3858 reportavit.
1240 3777 1246 3786 ⁸

670 4013 742 4090 LII.
778 4014 876 4090 Cum
905 4014 1004 4090 inter
1031 4015 1267 4122 Margaritam
1296 4013 1344 4091 de
1378 4014 1563 4104 Hanania,
1594 4013 1762 4090 relictam
1793 4013 1960 4092 deluucti
1989 4019 2032 4094 R.

615 4144 808 4250 quondam
829 4144 977 4223 comitis
995 4144 1287 4235 Attrebateusis,
1309 4173 1354 4221 ex
1377 4171 1450 4221 una
1474 4161 1598 4251 parte,
1622 4161 1660 4220 et
1678 4143 1908 4236 Mathildim,
1935 4175 2036 4226 nunc

616 4275 842 4351 comitissam
866 4274 1182 4364 Attrebatensem,
1207 4304 1252 4368 ex
1276 4274 1408 4364 altera,
1436 4292 1538 4352 mota
1564 4273 1696 4352 suisset
1718 4277 1757 4351 in
1782 4275 1884 4353 curia
1910 4297 2037 4356 nostra

618 4404 804 4483 discordia
817 4431 932 4511 super
945 4433 991 4483 eo
1011 4406 1118 4514 quod
1135 4406 1285 4483 dicebat
1299 4406 1397 4482 dicta
1411 4406 1607 4513 Margarita
1622 4405 1765 4484 dictum
1786 4409 1828 4484 R.
1845 4409 2035 4516 quondam

617 4536 795 4613 maritum
820 4564 949 4625 suum,
972 4554 1163 4615 constante
1179 4535 1419 4614 matrimonio
1440 4537 1539 4615 iuter
1558 4565 1642 4627 eos,
1661 4537 1789 4644 plures
1807 4559 2037 4648 conquestus

618 4665 767 4754 fecisse,
790 4684 869 4743 tam
888 4666 989 4774 apud
1008 4666 1200 4744 Kalesium
1218 4697 1332 4775 quam
1355 4668 1393 4744 in
1420 4684 1518 4744 terra
1547 4668 1595 4746 de
1622 4669 1765 4762 Menke,
1790 4697 1905 4778 quam
1935 4673 2038 4780 apud

600 4799 831 4904 'Hysdiuum
850 4816 889 4876 et
901 4798 955 4896 ⁸iu
975 4798 1061 4877 villa
1080 4797 1290 4888 d‘Aresnes,
1312 4816 1352 4877 et
1371 4799 1534 4880 eundem
1556 4801 1672 4878 eciam
1693 4803 1734 4876 lt.
1756 4801 1880 4879 villam
1902 4805 1950 4880 de
1970 4807 2038 4884 Es-

618 4927 726 5034 plele
745 4947 783 5009 et
800 4930 836 5007 le
850 4931 1093 5008 Tourneham
1109 4948 1147 5008 et
1163 4931 1198 5008 la
1209 4928 1411 5020 Montoire,
1421 4931 1579 5010 durante
1593 4933 1763 5038 predicto
1780 4934 2036 5023 matrimonio,

620 5061 870 5167 aequisivisse,
888 5079 1022 5167 petens
1039 5062 1280 5140 medietatem
1300 5063 1489 5140 dictomm
1510 5081 1784 5170 conquestuum
1806 5065 1875 5140 sibi
1897 5059 2041 5144 deliba

620 5193 709 5281 rari,
738 5192 912 5299 pluribus
936 5221 980 5271 er
1005 5211 1109 5301 parte
1133 5221 1199 5271 sua
1225 5192 1440 5272 racionibus
1468 5212 1504 5270 et
1527 5194 1866 5274 consuetudinibus
1892 5195 1940 5272 ad
1967 5199 2038 5273 hoc

621 5320 803 5427 allegatis;
824 5323 923 5400 dicta
942 5324 1128 5402 comitissa
1148 5324 1321 5401 Mathildi
1342 5325 1571 5403 contrarium
1595 5326 1759 5416 dicente,
1782 5343 1820 5402 ct
1840 5327 1968 5432 plures
1988 5327 2035 5400 ad

602 5549 610 5560 .
629 5450 702 5526 hoc
720 5453 889 5530 raciones
908 5471 946 5532 et
964 5455 1270 5547 consuetudines,
1294 5485 1363 5563 pro
1380 5475 1484 5562 parte
1506 5483 1588 5545 sua,
1607 5473 1861 5562 proponente:
1884 5457 1968 5532 Visa
1987 5455 2042 5529 in-
