5817 7292
920 1022 994 1097 536
1332 1052 1340 1067 ·
1497 1026 1587 1099 Les
1614 1024 1752 1099 OLIM.

690 1186 818 1237 Pinum
839 1182 881 1243 tv,
918 1164 1103 1274 Bapelmis
1122 1166 1169 1244 de
1190 1184 1314 1245 cetero
1333 1164 1516 1245 levabitur
1534 1168 1573 1243 in
1592 1165 1684 1244 locis
1703 1165 1881 1244 duntaxat
1900 1168 1947 1247 ab
1967 1171 2123 1279 antiquo
2139 1182 2338 1259 consuetis,

757 1272 820 1315 Μ’
974 1297 1170 1378 Dominice
1186 1314 1271 1377 ante
1290 1297 1627 1377 Annonciationem
1646 1297 1886 1377 dominicam.

973 1430 1380 1537 Tiboutotreportavit.

972 1696 1114 1774 XXXV.
1146 1692 1243 1771 Cum
1265 1708 1485 1799 procurator
1508 1691 1653 1769 abbatis
1673 1707 1711 1770 et
1735 1711 1939 1774 conventus
1963 1695 2267 1779 Sancti-Martini
2289 1704 2337 1783 de

915 1829 1086 1903 Tornaco
1096 1823 1367 1932 proposuisset,
1386 1851 1511 1899 coram
1524 1820 1662 1899 ballivo
1673 1839 1803 1901 nostro
1818 1824 2102 1917 silvanectensi,
2119 1848 2248 1908 contra
2259 1835 2338 1911 llu-

914 1986 1052 2063 gonem
1074 1956 1121 2033 de
1140 1955 1393 2044 Camberone,
1413 1954 1652 2062 armigerum,
1675 1955 1792 2061 quod,
1813 1984 1900 2033 cum
1916 1956 2005 2034 dicti
2022 1957 2200 2065 religiosi,
2222 1963 2335 2042 titulo

916 2088 1138 2193 empcionis,
1160 2086 1324 2165 habeant
1349 2104 1387 2163 et
1406 2102 1559 2164 teneant
1578 2114 1692 2163 unam
1712 2113 1913 2195 garennam
1938 2088 1977 2163 in
1998 2088 2165 2192 prioratu
2189 2092 2333 2169 Sancti-

914 2218 1091 2310 Amendi‚
1104 2220 1210 2327 juxte
1224 2221 1407 2310 Tourote,
1421 2218 1460 2295 in
1473 2246 1545 2325 que
1555 2245 1716 2327 garenna
1728 2234 1768 2294 et
1781 2218 1858 2295 suis
1871 2218 2125 2324 pertinenciis,
2138 2239 2251 2327 prout
2262 2250 2333 2328 per

917 2369 1034 2429 certes
1052 2366 1170 2429 metes
1194 2349 1373 2427 dividitur
1393 2366 1431 2426 et
1449 2350 1626 2457 signatur,
1653 2348 1811 2455 predicti
1834 2348 1999 2457 religiosi
2020 2368 2057 2427 et
2074 2349 2130 2427 illi
2152 2353 2332 2458 aquibus

915 2511 1062 2559 causam
1075 2480 1232 2572 hebent,
1250 2510 1271 2559 a
1290 2481 1403 2587 longo
1418 2496 1589 2587 tempore
1605 2479 1821 2558 babuerunt
1836 2498 1874 2557 et
1891 2480 2034 2559 babent
2051 2481 2119 2559 soli
2136 2482 2226 2559 etin
2244 2482 2333 2561 soli·

914 2613 1006 2689 dum
1022 2612 1279 2690 omnimodam
1291 2611 1601 2721 jurisdiccionem
1616 2610 1728 2688 altem
1749 2627 1788 2690 et
1798 2610 1962 2704 bassam,
1977 2610 2190 2720 fuerintque
2205 2631 2244 2691 et
2257 2615 2333 2690 sint

914 2740 1002 2820 dicti
1018 2742 1195 2849 religiosi,
1209 2759 1246 2819 et
1258 2742 1313 2817 illi
1329 2770 1350 2819 a
1364 2741 1504 2849 quibus
1517 2740 1660 2819 hebent
1674 2770 1821 2820 causam
1834 2743 1875 2818 in
1887 2742 2123 2849 possessione
2138 2760 2176 2820 et
2188 2744 2330 2831 saisina,

913 2900 981 2976 per
1000 2900 1039 2949 se
1062 2888 1101 2948 et
1118 2872 1319 2949 servientes
1340 2889 1377 2948 et
1394 2874 1585 2948 ministros
1600 2900 1707 2959 suos,
1725 2873 1923 2949 exercendi
1943 2874 2205 2950 omnimodam
2220 2874 2334 2980 juris·

914 3002 1118 3080 dictionem
1138 3001 1250 3077 altem
1274 3018 1311 3077 et
1327 3000 1473 3076 bessem
1494 3002 1533 3073 in
1553 3026 1715 3105 garenna
1735 2999 1900 3103 predicte
1920 3017 1959 3077 et
1977 3003 2055 3079 suis
2072 3004 2330 3107 pertinenciis,

915 3132 1095 3239 quociens
1112 3158 1218 3208 cesus
1232 3156 1273 3205 se
1293 3127 1516 3205 obtulerunt
1537 3143 1575 3203 et
1591 3126 1641 3203 ad
1661 3154 1791 3205 eorum
1812 3130 1989 3207 noticiam
2006 3131 2252 3219 devenerunt,
2271 3134 2330 3209 ni-

915 3261 1139 3338 chilominus
1156 3259 1278 3337 dictus
1293 3261 1422 3365 Hugo,
1439 3259 1480 3335 iu
1495 3258 1662 3365 quodam
1677 3274 1779 3336 certo
1795 3258 1890 3348 loco,
1911 3260 2004 3337 infre
2021 3278 2140 3337 metas
2155 3261 2252 3338 dicte
2271 3292 2331 3370 ge·

913 3390 1195 3479 renne'situeto,
1212 3390 1277 3497 qui
1294 3388 1493 3497 vulgariter
1506 3387 1663 3467 Plicbon
1676 3406 1919 3497 noncupatur,
1935 3390 2102 3469 indebite
2119 3391 2215 3468 etde
2230 3420 2330 3471 novo

914 3522 1095 3629 quasdam
1116 3520 1239 3599 furcas
1262 3519 1393 3598 levavit
1412 3548 1479 3597 seu
1500 3519 1613 3599 levari
1637 3518 1740 3608 lecit,
1768 3537 1819 3609 et,
1841 3520 2047 3629 insignum
2069 3521 2142 3599 alte
2158 3522 2324 3629 justicie,

912 3682 1025 3731 unam
1047 3651 1207 3761 figurem
1228 3651 1276 3729 ad
1296 3652 1413 3729 dictas
1432 3652 1553 3728 finces
1575 3650 1664 3729 lecit
1682 3652 1832 3729 traineri
1855 3669 1893 3731 et
1911 3652 2104 3759 suspendi,
2131 3652 2249 3731 dictos
2266 3682 2329 3732 re·

910 3784 1062 3894 ligiosos
1080 3784 1120 3861 in
1140 3783 1273 3861 saisina
1285 3783 1435 3892 justicie
1453 3782 1553 3861 dicte
1572 3810 1732 3891 garanne
1752 3783 2010 3890 multiplieiter
2029 3784 2272 3891 impediendo
2293 3803 2332 3864 et

909 3915 1079 3993 indebite
1103 3914 1377 4021 perturbando,
1402 3942 1517 4022 quere
1538 3914 1717 4020 petebant
1736 3914 1825 3992 dicti
1845 3915 2017 4026 religiosi
2036 3914 2242 4022 predictam
2262 3944 2329 3993 no·

910 4046 1078 4136 vitatem,
1096 4072 1243 4126 necnon
1265 4045 1393 4125 omnia
1413 4061 1451 4122 et
1470 4044 1706 4153 singulaque
1724 4062 1853 4122 contra
1868 4045 1969 4151 ipsos
1988 4046 2028 4121 in
2046 4044 2237 4151 premissis
2250 4045 2331 4123 lue·

911 4192 1015 4266 runt,
1028 4204 1096 4283 per
1110 4176 1251 4254 dictum
1266 4177 1465 4283 Hugonem
1481 4174 1574 4253 lecte
1587 4192 1624 4252 et
1634 4191 1828 4266 attentata,
1845 4175 2003 4253 euulleri
2017 4192 2055 4253 et
2064 4176 2217 4283 penitus
2226 4203 2330 4254 amo·

910 4306 1004 4398 veri,
1026 4323 1063 4385 ct
1088 4306 1188 4413 ipsos
1214 4307 1254 4383 in
1278 4306 1412 4384 saisina
1431 4304 1582 4413 justicie
1607 4304 1704 4383 dicte
1735 4334 1897 4414 garenna
1923 4304 2074 4412 pacifice
2102 4307 2325 4395 conservari,

909 4464 1054 4514 necnon
1070 4436 1224 4546 injurias
1242 4464 1309 4543 per
1332 4436 1474 4513 dictum
1489 4438 1688 4544 Hugonem
1707 4454 1745 4513 et
1761 4464 1849 4513 suos
1869 4436 1978 4513 dictis
1997 4436 2181 4543 religiosis
2198 4453 2235 4513 et
2252 4437 2327 4512 suis

910 4566 1157 4645 servientibus
1173 4566 1283 4645 sactes
1303 4582 1342 4644 et
1356 4566 1474 4644 illatas
1495 4568 1638 4645 eisdem
1661 4566 1870 4655 emendari,
1895 4567 1996 4643 dicto
2010 4568 2168 4673 Hugone
2185 4580 2327 4642 conua-

909 4699 1008 4775 rium
1031 4716 1234 4788 asserente,
1256 4715 1294 4777 et
1313 4698 1463 4777 dicente
1487 4698 1595 4805 quod
1614 4697 1719 4776 locus
1738 4696 1944 4805 predictus,
1967 4696 2014 4774 de
2034 4724 2113 4803 quo
2133 4696 2325 4773 contencio

909 4845 965 4907 est
984 4830 1081 4907 inter
1099 4848 1237 4936 partes,
1259 4828 1331 4907 luit
1350 4846 1388 4909 et
1408 4846 1465 4907 est
1483 4829 1531 4906 de
1549 4830 1704 4936 proprio
1723 4827 1838 4907 leodo
1856 4828 1946 4906 dicti
1965 4823 2149 4935 Hugonis,
2171 4844 2208 4905 et
2221 4842 2327 4903 tenet

909 4957 1072 5038 eundem
1091 4960 1139 5038 de
1164 4960 1316 5038 domina
1337 4960 1385 5043 de
1403 4960 1559 5052 Caunis,
1588 4976 1626 5036 et
1645 4960 1741 5038 dicte
1762 4958 1915 5037 domina
1934 4959 2147 5066 predictum
2169 4956 2326 5034 feodum

907 5106 1013 5170 tenet
1034 5091 1081 5169 de
1106 5088 1228 5167 feodis
1247 5090 1573 5182 Noviomansibus,
1596 5092 1715 5182 unde,
1737 5118 1823 5167 cum
1847 5090 1969 5167 dictus
1993 5090 2101 5196 Hngo
2121 5088 2171 5164 sit
2189 5086 2326 5168 nobilis

909 5220 1024 5299 homo
1057 5238 1094 5297 et
1122 5218 1227 5298 locus
1258 5220 1520 5298 contenciosus
1551 5221 1600 5299 sit
1631 5223 1679 5299 de
1713 5220 1836 5298 leudis
1867 5216 2194 5307 Noviomensibus,
2223 5214 2326 5291 idem

908 5350 1032 5458 Hugo,
1057 5350 1104 5428 de
1127 5348 1400 5431 consuetudine
1420 5350 1557 5459 patrie,
1582 5350 1696 5429 habet
1713 5366 1752 5427 et
1772 5348 1911 5428 babere
1937 5348 2053 5428 debet
2071 5342 2327 5431 omnimodam
