5817 7292
842 1148 915 1220 506
1427 1148 1519 1222 tus
1550 1145 1683 1220 OLIM.

613 1301 743 1354 aarum
756 1297 799 1359 tv,
840 1306 920 1365 tum
941 1315 1009 1364 seu
1025 1289 1344 1394 procuratorium,
1361 1315 1429 1396 per
1445 1288 1620 1388 homines
1642 1285 1733 1364 dicti
1751 1284 1876 1375 castri,
1895 1313 2023 1362 coram
2042 1307 2195 1397 regente
2209 1293 2272 1399 ju-

675 1389 738 1435 ¹³¹⁰'
838 1419 1097 1499 risdictionem
1122 1418 1211 1497 dicti
1233 1423 1360 1511 castri,
1383 1420 1539 1498 nomine
1564 1437 1710 1508 nostro,
1732 1416 1882 1496 racione
1906 1419 2097 1498 sentencie
2123 1440 2161 1500 et
2182 1453 2271 1501 con·
2364 1447 2373 1462 ·

839 1551 1120 1659 dempnacionis
1138 1552 1408 1659 predictarum,
1429 1551 1568 1629 sactum
1588 1579 1675 1626 cum
1695 1549 1777 1658 ejus
1797 1549 2018 1628 auctoritate
2040 1570 2079 1631 et
2102 1553 2270 1646 decreto,

837 1683 1158 1791 precipiendoque
1181 1683 1283 1761 dicto
1303 1683 1447 1791 regenti
1471 1682 1632 1759 reddere
1654 1681 1781 1789 viginti
1803 1681 1917 1760 libras
1939 1682 2075 1763 debilis
2099 1705 2270 1775 monete,

838 1816 1053 1923 peripsum
1079 1833 1245 1924 receptas
1270 1814 1318 1893 de
1338 1813 1603 1923 jurisdictione
1627 1813 1717 1891 dicti
1743 1814 1872 1905 castri3
1894 1843 2006 1922 aqua
2030 1818 2271 1897 revocacione

838 1965 1057 2052 procurator
1071 1965 1198 2026 noster
1211 1976 1278 2024 seu
1295 1948 1374 2055 ejus
1389 1946 1616 2025 substitutus
1629 1944 1678 2021 ad
1693 1961 1862 2022 nostram
1883 1945 2025 2023 curiam
2045 1949 2243 2054 appellavit
2260 1985 2269 2029 ε

840 2077 987 2156 Auditis
1006 2079 1122 2187 igitur
1142 2080 1182 2156 in
1206 2079 1307 2156 curia
1331 2095 1458 2157 nostra
1476 2077 1784 2187 procuratoribus
1801 2095 1930 2156 nostro
1950 2096 1988 2157 et
2010 2079 2100 2158 dicti
2121 2082 2267 2171 militis,

798 2285 803 2295 ,
839 2209 925 2285 visis
948 2210 1200 2317 inspectisque
1221 2211 1422 2316 diligenter
1443 2209 1642 2315 utriusque
1668 2236 1777 2286 cause
1800 2209 2055 2315 processibus,
2078 2239 2147 2318 per
2171 2211 2268 2290 dicte

840 2358 968 2420 nostre
982 2342 1085 2422 curie
1096 2342 1304 2450 judicium,
1323 2343 1466 2420 dictum
1481 2341 1571 2430 fuit,
1588 2341 1627 2419 in
1643 2369 1753 2420 causa
1765 2341 1959 2448 principali
1975 2342 2157 2448 predicta,
2170 2345 2269 2422 bene

841 2472 1112 2553 sentenciatum
1139 2489 1176 2550 et
1199 2473 1297 2551 male
1317 2471 1547 2580 appellatum
1568 2471 1699 2561 fuisse,
1713 2490 1753 2549 et
1772 2472 1879 2579 quod
1892 2472 2060 2579 predicta
2079 2476 2270 2554 revocatio

840 2620 1146 2711 attemptaturum
1171 2603 1279 2681 firma
1306 2603 1490 2696 manebit,
1517 2605 1622 2710 quia,
1651 2604 1749 2681 dicta
1775 2603 2031 2712 appellacione
2060 2606 2266 2712 pendente,

841 2734 963 2812 dictus
982 2735 1205 2814 senescallus
1226 2765 1332 2814 suam
1353 2736 1486 2843 exequi
1508 2736 1736 2814 sentenciam
1758 2764 1834 2815 non
1854 2737 2036 2829 debebate
2059 2738 2271 2817 considera·

839 2879 957 2971 toque
977 2864 1121 2942 dictum
1140 2865 1301 2944 militem
1319 2867 1482 2956 abusum
1505 2865 1621 2944 fuisse
1632 2866 1896 2973 jurisdictione
1913 2897 2029 2976 quam
2048 2868 2213 2948 babebat
2231 2869 2271 2946 in

840 2995 941 3076 dicto
966 3015 1104 3090 castro,
1125 2998 1213 3090 luit,
1237 3026 1305 3105 per
1325 2999 1428 3075 idem
1444 2998 1651 3106 judicium,
1679 2998 1897 3078 ordinatum
1919 3000 2026 3106 quod
2046 2999 2136 3078 dicti
2161 3001 2271 3080 castri

835 3126 1050 3233 jurisdictio
1070 3158 1221 3210 necnon
1238 3130 1309 3208 alia
1323 3129 1425 3208 bona
1445 3130 1534 3208 dicti
1551 3129 1685 3208 militis
1696 3131 1892 3238 capientur
1908 3131 2005 3210 etad
2018 3161 2175 3210 manum
2188 3161 2271 3210 nos

839 3277 937 3342 tram
962 3260 1207 3351 tenebuntur,
1233 3261 1354 3341 donec
1373 3261 1485 3341 uobis
1505 3279 1543 3340 et
1568 3261 1667 3339 dicte
1689 3262 1793 3352 Fine,
1821 3263 1868 3340 de
1894 3264 2053 3342 summis
2073 3263 2268 3371 predictis,

840 3388 956 3471 fuerit
974 3390 1216 3482 satisfactum,
1236 3408 1274 3468 et
1294 3390 1392 3470 illud
1407 3393 1514 3498 quod
1540 3391 1587 3470 de
1612 3392 1756 3471 eisdem
1780 3393 1964 3473 levabitur
1987 3394 2269 3500 computabitur

841 3521 943 3600 dicto
959 3521 1071 3600 militi
1094 3520 1133 3598 iu
1154 3520 1386 3601 solucionem
1407 3552 1641 3602 summarum
1663 3525 1927 3633 predictarum,

896 3654 1054 3734 Veneris
1072 3671 1160 3762 post
1177 3671 1347 3732 sanctum
1361 3654 1622 3735 Vincencium.

897 3788 947 3865 M.
968 3786 1007 3864 Ρ.
1031 3787 1197 3896 Mangon
1214 3787 1426 3895 reportavit.

896 4052 939 4128 11.
971 4049 1055 4128 Lite
1076 4068 1194 4144 mota,
1216 4051 1255 4128 in
1276 4053 1379 4129 curia
1398 4051 1591 4132 senescalli
1614 4053 1933 4141 Carcassoneusis,
1962 4069 2093 4132 eontra
2115 4053 2270 4132 Petrum

842 4182 889 4261 de
914 4179 1183 4275 Claro-Monte,
1205 4181 1384 4274 militem,
1401 4211 1518 4290 super
1538 4184 1833 4263 denunciacioue
1850 4181 2020 4291 plurium
2040 4211 2271 4275 excessuum,

840 4341 908 4420 per
927 4312 1070 4392 dietum
1088 4313 1250 4392 militem
1265 4315 1305 4392 in
1322 4343 1523 4421 personam
1538 4316 1720 4396 Johennis
1741 4316 1952 4424 lleymondi
1976 4316 2024 4393 de
2039 4315 2196 4407 Caucio,
2213 4315 2271 4394 lo-

841 4444 1093 4524 cumtenentis
1112 4444 1233 4553 bajuli
1255 4447 1373 4526 nostri
1399 4447 1490 4526 dieti
1514 4446 1604 4539 loci,
1624 4465 1669 4525 ut
1695 4447 1845 4539 dicitur,
1871 4447 2161 4536 commissorum
2185 4465 2271 4526 ante

841 4592 879 4654 et
892 4593 980 4681 post
993 4576 1287 4684 appellaciouem
1303 4606 1371 4685 per
1389 4580 1536 4658 dictum
1550 4579 1763 4658 lohannem
1777 4579 2011 4688 interjectam
2027 4580 2076 4658 ad
2088 4577 2271 4658 senescal-

840 4705 920 4786 lum
944 4709 1177 4814 predictum,
1199 4710 1450 4819 inquestaque
1471 4711 1566 4790 lacta
1589 4713 1636 4790 de
1657 4711 1836 4818 predictis
1854 4729 1983 4792 contra
2003 4711 2145 4789 buum
2166 4708 2267 4786 mili-

839 4856 933 4928 tem,
962 4839 1010 4917 de
1036 4840 1211 4920 mandato
1231 4843 1426 4922 senescalli
1452 4843 1629 4949 predicti,
1653 4843 1772 4950 ipsius
1792 4843 1985 4922 senescalli
2006 4841 2269 4922 locumtenens

840 4968 984 5048 dictum
1012 4971 1170 5052 militem
1196 4973 1238 5050 iu
1263 4973 1368 5055 mille
1398 4973 1506 5054 libris
1531 4975 1841 5067 Turonensibus,
1874 4974 1983 5054 nobis
2010 5000 2080 5082 pro
2108 4971 2270 5050 emenda

838 5099 1042 5191 solvendis,
1064 5131 1132 5210 per
1150 5106 1380 5186 sentenciam
1400 5106 1710 5215 condempnavit;
1730 5136 1752 5184 a
1770 5135 1846 5215 qua
1863 5105 2070 5196 sentencia,
2089 5121 2270 5211 tauquam

838 5232 886 5310 ab
905 5232 1053 5341 iniqua,
1072 5253 1293 5342 procurator
1309 5238 1401 5318 dicti
1420 5239 1552 5320 militis
1567 5241 1617 5320 ad
1636 5257 1803 5320 nostram
1822 5239 1965 5320 curiam
1981 5236 2195 5346 appellavit,
2207 5236 2270 5339 ju·

839 5362 1038 5473 dicamque
1067 5365 1106 5444 in
1133 5367 1401 5475 appellaciouis
1427 5398 1537 5450 eausa
1564 5371 1794 5478 impetravit,
1818 5371 1902 5479 qui,
1931 5369 2081 5478 cognito
2102 5355 2269 5449 dedicta

839 5523 960 5594 causa,
989 5497 1149 5585 eandem
1168 5501 1272 5580 curie
1297 5517 1425 5582 nostre
1451 5503 1597 5582 remisit
1617 5502 1853 5592 instructam,
1873 5501 1980 5610 juxta
2004 5517 2175 5582 tenorem
2195 5496 2268 5575 sibi
