5817 7292
985 1050 1250 1158 anotrrs
1276 1068 1341 1140 rr
1367 1050 1575 1142 procas.
1919 1071 1989 1141 sor

630 1210 717 1289 LVI.
749 1207 832 1286 Lite
844 1225 962 1297 mota,
980 1237 1104 1287 coram
1116 1210 1306 1317 preposito
1327 1208 1491 1318 episcopi
1505 1206 1736 1298 Parisiensis,
1751 1207 1850 1286 inter
1859 1209 1992 1316 joban-
2033 1218 2164 1271 Pfflum
2175 1214 2219 1278 W·

575 1369 664 1418 nem
687 1342 735 1417 de
756 1339 963 1431 Pontisara,
984 1368 1027 1417 ex
1048 1356 1152 1446 parte
1173 1369 1262 1431 uua,
1285 1358 1323 1420 et
1343 1342 1537 1420 Matheum
1558 1341 1605 1418 de
1625 1340 1835 1429 Attrebato,
1862 1338 1997 1417 aurila-
2095 1309 2160 1352 mi

575 1472 706 1559 brum,
721 1470 902 1548 scolarem
919 1470 1183 1562 Parisiensem,
1199 1500 1242 1549 ex
1257 1472 1515 1582 altera,·super
1531 1500 1576 1550 eo
1592 1472 1699 1578 quod
1711 1471 1861 1549 dicebat
1875 1470 1997 1547 dictus

577 1602 767 1695 lohannes
779 1602 900 1709 quod,
917 1630 1004 1678 cum
1017 1602 1096 1707 ipse
1110 1619 1208 1679 esset
1219 1619 1259 1679 et
1270 1602 1337 1681 diu
1346 1603 1478 1683 luisset
1490 1605 1528 1680 in
1541 1602 1675 1681 saisina
1688 1601 1882 1711 cujusdam
1894 1600 1998 1707 pecie

577 1726 677 1810 terre
701 1730 850 1809 arabilis
869 1731 938 1809 site
959 1732 997 1807 in
1014 1730 1283 1839 jurisdiccione
1303 1733 1392 1811 dicti
1413 1733 1610 1840 prepositi,
1632 1733 1755 1809 dictus
1773 1731 2000 1839 prepositus,

579 1863 657 1939 sine
678 1890 787 1939 cause
808 1861 1024 1969 cognicione
1037 1860 1084 1937 'et
1104 1861 1205 1939 dicto
1223 1863 1394 1940 Johanne
1411 1892 1488 1941 non
1508 1879 1654 1951 vocato,
1682 1862 1821 1939 dictam
1845 1878 2000 1951 terram,

579 2022 665 2071 cnm
685 1992 871 2071 fructibus
886 1991 1029 2068 ibidem
1050 1991 1311 2079 existentibus,
1333 1992 1382 2067 ad
1402 1993 1622 2070 instanciam
1646 1992 1735 2068 dicti
1755 1992 1914 2079 Matbei,
1931 1990 2005 2067 sai·

578 2124 726 2209 siverat,
745 2140 783 2200 et
797 2123 845 2200 ad
860 2140 1015 2223 manum
1031 2120 1121 2196 dicti
1140 2120 1304 2225 episcopi
1321 2138 1513 2225 posuerat,
1531 2121 1656 2227 ipsum
1673 2121 1863 2198 turbando
1876 2120 1915 2197 in
1933 2120 2004 2197 sai-

578 2252 656 2329 sina
675 2252 842 2359 predicta
862 2249 1031 2327 indebite
1053 2262 1091 2325 et
1111 2248 1158 2325 de
1178 2276 1294 2336 novo,
1315 2278 1431 2355 quare
1455 2250 1608 2357 petebat
1628 2250 1764 2326 dietam
1789 2278 1944 2327 manum
1965 2265 2004 2325 et

580 2382 897 2489 impedimentum
916 2380 1127 2488 predictum
1149 2380 1335 2470 amoveri,
1352 2380 1452 2457 dicto
1474 2381 1626 2457 Matheo
1641 2379 1682 2455 in
1697 2381 1926 2459 contrarium
1946 2409 2005 2457 as-

580 2531 726 2591 serente
747 2515 886 2590 dictam
905 2529 1045 2589 terram
1065 2509 1113 2586 ad
1133 2510 1274 2615 ipsum,
1291 2512 1395 2618 justo
1415 2509 1545 2598 titulo,
1568 2512 1771 2616 pertinere,
1796 2529 1834 2587 et
1851 2527 2004 2616 petente

582 2646 719 2722 dictam
737 2661 876 2720 terram
896 2632 967 2718 sibi
986 2638 1203 2728 deliberari,
1221 2656 1276 2728 et,
1297 2638 1344 2715 de
1355 2640 1442 2746 jure
1460 2667 1547 2727 suo,
1564 2640 1724 2746 inquiri,
1737 2644 1842 2750 juxta
1857 2641 2006 2746 privile-

582 2777 687 2883 gium
705 2772 905 2851 scolarium
921 2769 1204 2857 Parisiensium,
1222 2770 1422 2846 summarie
1441 2786 1479 2845 et
1499 2770 1546 2845 de
1561 2769 1690 2875 plan03
1710 2771 1805 2847 facta
1819 2771 1935 2879 igitur
1950 2772 2007 2846 in·

583 2921 715 3013 questa
733 2930 846 3009 super
865 2900 1071 3007 premissis,
1091 2926 1159 3004 per
1174 2898 1264 2975 dicti
1287 2899 1466 3005 prepositi
1481 2899 1686 3006 judicium,
1702 2900 1774 2979 fuit
1785 2903 2008 3009 pronuncia-

584 3052 682 3124 tum,
707 3062 793 3111 cum
811 3034 1004 3109 inventum
1024 3029 1139 3107 luerit
1158 3030 1303 3108 dictum
1322 3031 1550 3118 Johannem,
1568 3047 1740 3139 tempore
1760 3032 2009 3139 apposicionis

585 3165 683 3242 dicte
700 3192 850 3251 manus,
869 3190 948 3240 esse
964 3162 1003 3237 in
1017 3161 1251 3268 possessione
1268 3160 1365 3238 dicte
1380 3179 1496 3252 terre,
1513 3190 1668 3238 manum
1686 3162 1849 3269 episcopi
1863 3163 2008 3240 ibidem

566 3274 788 3404 'appositam
814 3293 955 3371 debere
975 3291 1064 3367 inde
1090 3292 1271 3381 amoveri,
1300 3309 1338 3368 et
1361 3292 1500 3369 dictam
1523 3292 1697 3369 saisinam
1718 3310 1818 3370 terre
1840 3294 2008 3399 predicte

586 3427 686 3504 dicto
709 3422 872 3502 Johanni
901 3420 1040 3499 debere
1070 3420 1287 3509 deliberari,
1314 3420 1426 3509 salva,
1456 3450 1570 3527 super
1593 3422 1681 3512 hoc,
1708 3424 1809 3502 dicto
1836 3425 1988 3503 Matheo
1998 3479 2020 3515 ,.

585 3558 782 3665 questione
802 3552 1063 3661 proprietatis,
1081 3578 1102 3626 a
1119 3580 1196 3659 quo
1211 3552 1381 3657 judicato
1403 3552 1526 3630 dictus
1546 3554 1719 3631 Matheus
1743 3556 2011 3633 emendamen-

586 3704 667 3764 tum
684 3685 809 3763 ballivi
827 3682 991 3788 episcopi
1007 3680 1165 3785 predicti
1178 3681 1306 3787 peciit,
1326 3680 1392 3785 qui
1405 3679 1563 3756 ballivus
1578 3682 1805 3757 sentenciam
1821 3683 1910 3758 dicti
1925 3715 2011 3789 pre-

587 3815 716 3919 positi,
729 3810 990 3920 perjudicium
1003 3836 1132 3895 suum,
1146 3807 1395 3897 confirmavit,
1408 3837 1428 3883 a
1440 3837 1517 3913 quo
1523 3806 1710 3914 judicato,
1725 3826 1905 3913 tanquam
1918 3810 2010 3890 falso

590 3963 628 4021 et
639 3971 766 4049 pravo,
783 3942 904 4018 dictus
915 3940 1090 4017 Matheus
1105 3938 1153 4013 ad
1166 3954 1329 4014 nostram
1342 3938 1486 4014 curiam
1499 3938 1717 4043 appellavit:
1733 3937 1881 4017 Auditis
1898 3942 2012 4047 igitur

590 4074 700 4152 dictis
714 4071 900 4181 partibus,
915 4070 954 4146 in
975 4070 1072 4147 dicta
1088 4096 1196 4147 causa
1209 4068 1491 4176 appellacionis,
1511 4068 1673 4175 visisque
1694 4071 1933 4178 processibus
1951 4102 2013 4151 co·

591 4234 670 4283 ram
692 4205 800 4284 dictis
817 4202 1006 4311 preposito
1023 4218 1062 4278 et
1074 4200 1212 4279 ballivo
1227 4198 1332 4278 lactis
1346 4216 1381 4277 et
1394 4200 1552 4289 habitis,
1567 4228 1636 4307 per
1651 4204 1754 4281 curie
1769 4221 1896 4281 nostre
1910 4205 2014 4311 judi·

593 4338 710 4425 cium,
733 4336 877 4413 dictum
904 4331 976 4411 luit
1000 4332 1142 4409 dictum
1168 4330 1346 4409 ballivum
1373 4329 1473 4407 bene
1492 4330 1679 4438 judicasse
1705 4350 1742 4410 et
1766 4333 1908 4411 dictum
1935 4336 2013 4413 Ma·

592 4468 723 4547 theum
744 4466 841 4543 male
861 4462 1085 4572 appellasse,
1109 4479 1146 4539 et
1166 4462 1270 4568 quod
1291 4463 1369 4569 ipse
1390 4461 1464 4539 hoc
1483 4461 1712 4539 emendabit.

649 4596 824 4677 Mercurii
844 4612 927 4673 ante
947 4594 1096 4671 Pascha.

649 4730 749 4835 Roya
768 4725 982 4833 reportavit.

647 4992 755 5069 LVII.
787 4991 885 5070 Cum
902 4990 1060 5069 ballivus
1077 4991 1337 5071 Ambianeusis
1355 4993 1545 5101 quandam
1561 4994 1789 5101 inquestam,
1807 5020 1875 5100 per
1894 5009 2015 5071 certos

594 5121 925 5200 commissariosab
939 5150 984 5200 eo
1000 5122 1211 5229 deputatos,
1227 5152 1339 5231 super
1351 5123 1581 5231 quibusdam
1597 5126 1759 5235 injuriis,
1776 5124 1968 5202 violenciis
1978 5138 2016 5198 et

597 5253 805 5332 excessibus
818 5282 915 5360 quos
930 5253 1045 5333 abbas
1062 5272 1101 5333 et
1111 5273 1318 5333 conventus
1333 5254 1634 5337 Sancti-Richarii
1645 5256 1907 5337 Ambianensis
1924 5254 2016 5359 dyo·

597 5384 688 5460 cesis
710 5412 778 5489 per
801 5383 1007 5463 Robertum
1028 5386 1075 5463 de
1099 5386 1325 5495 Pinqnegni,
1352 5386 1525 5481 militem,
1549 5408 1587 5468 et
1606 5390 1788 5495 quosdam
1814 5384 1907 5461 alios
1925 5408 2014 5458 suos

683 5560 735 5600 urs
756 5559 840 5603 omn.
858 5562 903 5601 nr.
1870 5560 1906 5619 71
