<?xml version="1.0" encoding="UTF-8"?>
<!DOCTYPE html PUBLIC "-//W3C//DTD XHTML 1.0 Transitional//EN"
    "http://www.w3.org/TR/xhtml1/DTD/xhtml1-transitional.dtd">
<html xmlns="http://www.w3.org/1999/xhtml" xml:lang="en" lang="en">
 <head>
  <title>
</title>
<meta http-equiv="Content-Type" content="text/html;charset=utf-8" />
  <meta name='ocr-system' content='tesseract 3.04.00' />
  <meta name='ocr-capabilities' content='ocr_page ocr_carea ocr_par ocr_line ocrx_word'/>
</head>
<body>
  <div class='ocr_page' id='page_1' title='image "./lesolimouregist00pargoog_0636.png"; bbox 0 0 5817 7292; ppageno 0'>
   <div class='ocr_carea' id='block_1_1' title="bbox 899 1045 1733 1129">
    <p class='ocr_par' dir='ltr' id='par_1_1' title="bbox 899 1045 1733 1129">
     <span class='ocr_line' id='line_1_1' title="bbox 899 1045 1733 1129; baseline -0.012 0"><span class='ocrx_word' id='word_1_1' title='bbox 899 1056 972 1129; x_wconf 80' lang='lat'>532</span> <span class='ocrx_word' id='word_1_2' title='bbox 1477 1048 1566 1123; x_wconf 87' lang='lat' dir='ltr'>LES</span> <span class='ocrx_word' id='word_1_3' title='bbox 1595 1045 1733 1123; x_wconf 79' lang='lat' dir='ltr'>ottu.</span> 
     </span>
    </p>
   </div>
   <div class='ocr_carea' id='block_1_2' title="bbox 675 1186 2388 3249">
    <p class='ocr_par' dir='ltr' id='par_1_2' title="bbox 675 1186 2388 1433">
     <span class='ocr_line' id='line_1_2' title="bbox 675 1186 2318 1299; baseline 0.002 -30"><span class='ocrx_word' id='word_1_4' title='bbox 675 1204 803 1257; x_wconf 74' lang='lat' dir='ltr'>Parnm</span> <span class='ocrx_word' id='word_1_5' title='bbox 816 1204 858 1266; x_wconf 67' lang='grc' dir='ltr'>Ν,</span> <span class='ocrx_word' id='word_1_6' title='bbox 897 1212 935 1272; x_wconf 87' lang='lat' dir='ltr'>et</span> <span class='ocrx_word' id='word_1_7' title='bbox 952 1196 1073 1273; x_wconf 85' lang='lat' dir='ltr'>luerat</span> <span class='ocrx_word' id='word_1_8' title='bbox 1093 1195 1132 1272; x_wconf 92' lang='lat' dir='ltr'>in</span> <span class='ocrx_word' id='word_1_9' title='bbox 1158 1194 1256 1272; x_wconf 85' lang='lat' dir='ltr'>dicta</span> <span class='ocrx_word' id='word_1_10' title='bbox 1274 1191 1408 1271; x_wconf 83' lang='lat' dir='ltr'>saisina</span> <span class='ocrx_word' id='word_1_11' title='bbox 1427 1188 1530 1268; x_wconf 90' lang='lat' dir='ltr'>solus</span> <span class='ocrx_word' id='word_1_12' title='bbox 1555 1188 1635 1267; x_wconf 91' lang='lat' dir='ltr'>sine</span> <span class='ocrx_word' id='word_1_13' title='bbox 1654 1187 1745 1277; x_wconf 87' lang='lat' dir='ltr'>alio,</span> <span class='ocrx_word' id='word_1_14' title='bbox 1765 1212 1888 1293; x_wconf 86' lang='lat' dir='ltr'>usque</span> <span class='ocrx_word' id='word_1_15' title='bbox 1913 1186 1963 1263; x_wconf 91' lang='lat' dir='ltr'>ad</span> <span class='ocrx_word' id='word_1_16' title='bbox 1980 1202 2134 1293; x_wconf 89' lang='lat' dir='ltr'>tempus</span> <span class='ocrx_word' id='word_1_17' title='bbox 2156 1191 2318 1299; x_wconf 87' lang='lat' dir='ltr'>impedi-</span> 
     </span>
     <span class='ocr_line' id='line_1_3' title="bbox 734 1294 2388 1433; baseline -0.001 -30"><span class='ocrx_word' id='word_1_18' title='bbox 734 1294 797 1338; x_wconf 54' lang='grc' dir='ltr'>Μ’</span> <span class='ocrx_word' id='word_1_19' title='bbox 896 1328 1014 1405; x_wconf 90' lang='lat' dir='ltr'>menti</span> <span class='ocrx_word' id='word_1_20' title='bbox 1034 1353 1148 1433; x_wconf 91' lang='lat' dir='ltr'>super</span> <span class='ocrx_word' id='word_1_21' title='bbox 1165 1326 1238 1403; x_wconf 93' lang='lat' dir='ltr'>hoc</span> <span class='ocrx_word' id='word_1_22' title='bbox 1260 1321 1384 1399; x_wconf 89' lang='lat' dir='ltr'>eidem</span> <span class='ocrx_word' id='word_1_23' title='bbox 1410 1320 1569 1426; x_wconf 87' lang='lat' dir='ltr'>appositi</span> <span class='ocrx_word' id='word_1_24' title='bbox 1592 1345 1662 1425; x_wconf 89' lang='lat' dir='ltr'>per</span> <span class='ocrx_word' id='word_1_25' title='bbox 1685 1317 1885 1395; x_wconf 90' lang='lat' dir='ltr'>dominum</span> <span class='ocrx_word' id='word_1_26' title='bbox 1914 1318 2189 1425; x_wconf 88' lang='lat' dir='ltr'>supradictum,</span> <span class='ocrx_word' id='word_1_27' title='bbox 2213 1323 2316 1403; x_wconf 89' lang='lat' dir='ltr'>dicto</span> <span class='ocrx_word' id='word_1_28' title='bbox 2381 1402 2388 1413; x_wconf 86' lang='grc'>,</span> 
     </span>
    </p>

    <p class='ocr_par' dir='ltr' id='par_1_3' title="bbox 893 1447 2317 2991">
     <span class='ocr_line' id='line_1_4' title="bbox 896 1447 2316 1558; baseline -0.002 -23"><span class='ocrx_word' id='word_1_29' title='bbox 896 1458 1051 1537; x_wconf 91' lang='lat' dir='ltr'>domino</span> <span class='ocrx_word' id='word_1_30' title='bbox 1066 1457 1292 1534; x_wconf 89' lang='lat' dir='ltr'>contrarium</span> <span class='ocrx_word' id='word_1_31' title='bbox 1308 1468 1512 1539; x_wconf 83' lang='lat' dir='ltr'><strong>asserente,</strong></span> <span class='ocrx_word' id='word_1_32' title='bbox 1530 1467 1582 1539; x_wconf 88' lang='lat' dir='ltr'>et,</span> <span class='ocrx_word' id='word_1_33' title='bbox 1593 1466 1748 1556; x_wconf 87' lang='lat' dir='ltr'>propter</span> <span class='ocrx_word' id='word_1_34' title='bbox 1760 1447 1939 1526; x_wconf 90' lang='lat' dir='ltr'>debatum</span> <span class='ocrx_word' id='word_1_35' title='bbox 1949 1450 2118 1555; x_wconf 88' lang='lat' dir='ltr'>parcium</span> <span class='ocrx_word' id='word_1_36' title='bbox 2131 1452 2316 1558; x_wconf 86' lang='lat' dir='ltr'>predicta-</span> 
     </span>
     <span class='ocr_line' id='line_1_5' title="bbox 895 1580 2313 1690; baseline 0.001 -26"><span class='ocrx_word' id='word_1_37' title='bbox 895 1618 997 1681; x_wconf 90' lang='lat' dir='ltr'>rum,</span> <span class='ocrx_word' id='word_1_38' title='bbox 1016 1614 1149 1665; x_wconf 91' lang='lat' dir='ltr'>manus</span> <span class='ocrx_word' id='word_1_39' title='bbox 1167 1601 1294 1665; x_wconf 89' lang='lat' dir='ltr'>nostra</span> <span class='ocrx_word' id='word_1_40' title='bbox 1312 1599 1492 1690; x_wconf 76' lang='lat' dir='ltr'><strong>tanquam</strong></span> <span class='ocrx_word' id='word_1_41' title='bbox 1514 1580 1716 1687; x_wconf 89' lang='lat' dir='ltr'>superioris</span> <span class='ocrx_word' id='word_1_42' title='bbox 1741 1608 1856 1687; x_wconf 90' lang='lat' dir='ltr'>super</span> <span class='ocrx_word' id='word_1_43' title='bbox 1878 1580 1954 1659; x_wconf 89' lang='lat' dir='ltr'>boc</span> <span class='ocrx_word' id='word_1_44' title='bbox 1974 1583 2144 1689; x_wconf 86' lang='lat' dir='ltr'>apposita</span> <span class='ocrx_word' id='word_1_45' title='bbox 2165 1583 2313 1675; x_wconf 83' lang='lat' dir='ltr'>fuisset,</span> 
     </span>
     <span class='ocr_line' id='line_1_6' title="bbox 894 1709 2317 1823; baseline -0.001 -28"><span class='ocrx_word' id='word_1_46' title='bbox 894 1744 1007 1823; x_wconf 88' lang='lat' dir='ltr'>super</span> <span class='ocrx_word' id='word_1_47' title='bbox 1020 1717 1119 1793; x_wconf 90' lang='lat' dir='ltr'>dicto</span> <span class='ocrx_word' id='word_1_48' title='bbox 1134 1714 1271 1793; x_wconf 90' lang='lat' dir='ltr'>debato</span> <span class='ocrx_word' id='word_1_49' title='bbox 1283 1712 1423 1819; x_wconf 89' lang='lat' dir='ltr'>inquiri</span> <span class='ocrx_word' id='word_1_50' title='bbox 1437 1709 1710 1800; x_wconf 78' lang='lat' dir='ltr'>mandavimus,</span> <span class='ocrx_word' id='word_1_51' title='bbox 1725 1739 1811 1789; x_wconf 89' lang='lat' dir='ltr'>cum</span> <span class='ocrx_word' id='word_1_52' title='bbox 1826 1710 2040 1818; x_wconf 78' lang='lat' dir='ltr'>diligencia,</span> <span class='ocrx_word' id='word_1_53' title='bbox 2055 1714 2265 1808; x_wconf 86' lang='lat' dir='ltr'>veritatem,</span> <span class='ocrx_word' id='word_1_54' title='bbox 2279 1735 2317 1793; x_wconf 90' lang='lat' dir='ltr'>et</span> 
     </span>
     <span class='ocr_line' id='line_1_7' title="bbox 894 1840 2316 1953; baseline 0.004 -33"><span class='ocrx_word' id='word_1_55' title='bbox 894 1847 1104 1953; x_wconf 88' lang='lat' dir='ltr'>inquestam</span> <span class='ocrx_word' id='word_1_56' title='bbox 1118 1872 1230 1951; x_wconf 89' lang='lat' dir='ltr'>super</span> <span class='ocrx_word' id='word_1_57' title='bbox 1249 1844 1323 1921; x_wconf 89' lang='lat' dir='ltr'>hoc</span> <span class='ocrx_word' id='word_1_58' title='bbox 1336 1842 1471 1921; x_wconf 89' lang='lat' dir='ltr'>factam</span> <span class='ocrx_word' id='word_1_59' title='bbox 1491 1840 1540 1917; x_wconf 92' lang='lat' dir='ltr'>ad</span> <span class='ocrx_word' id='word_1_60' title='bbox 1559 1857 1725 1919; x_wconf 86' lang='lat' dir='ltr'>nostram</span> <span class='ocrx_word' id='word_1_61' title='bbox 1742 1842 1883 1919; x_wconf 89' lang='lat' dir='ltr'>curiam</span> <span class='ocrx_word' id='word_1_62' title='bbox 1907 1844 2116 1949; x_wconf 88' lang='lat' dir='ltr'>reportari:</span> <span class='ocrx_word' id='word_1_63' title='bbox 2142 1846 2227 1939; x_wconf 90' lang='lat' dir='ltr'>Qua</span> <span class='ocrx_word' id='word_1_64' title='bbox 2241 1847 2316 1925; x_wconf 83' lang='lat' dir='ltr'>visa</span> 
     </span>
     <span class='ocr_line' id='line_1_8' title="bbox 895 1972 2316 2083; baseline 0.002 -31"><span class='ocrx_word' id='word_1_65' title='bbox 895 1993 932 2052; x_wconf 90' lang='lat' dir='ltr'>et</span> <span class='ocrx_word' id='word_1_66' title='bbox 958 1974 1157 2081; x_wconf 90' lang='lat' dir='ltr'>diligenter</span> <span class='ocrx_word' id='word_1_67' title='bbox 1181 1973 1402 2063; x_wconf 80' lang='lat' dir='ltr'>examinata,</span> <span class='ocrx_word' id='word_1_68' title='bbox 1430 1972 1519 2080; x_wconf 88' lang='lat' dir='ltr'>quia</span> <span class='ocrx_word' id='word_1_69' title='bbox 1546 1988 1739 2079; x_wconf 90' lang='lat' dir='ltr'>repertum</span> <span class='ocrx_word' id='word_1_70' title='bbox 1763 1973 1943 2078; x_wconf 90' lang='lat' dir='ltr'>estquod</span> <span class='ocrx_word' id='word_1_71' title='bbox 1968 1972 2092 2051; x_wconf 89' lang='lat' dir='ltr'>dictus</span> <span class='ocrx_word' id='word_1_72' title='bbox 2118 1976 2316 2083; x_wconf 83' lang='lat' dir='ltr'>episcopus</span> 
     </span>
     <span class='ocr_line' id='line_1_9' title="bbox 893 2102 2309 2211; baseline 0 -28"><span class='ocrx_word' id='word_1_73' title='bbox 893 2105 1027 2183; x_wconf 90' lang='lat' dir='ltr'>melius</span> <span class='ocrx_word' id='word_1_74' title='bbox 1042 2122 1081 2182; x_wconf 88' lang='lat' dir='ltr'>et</span> <span class='ocrx_word' id='word_1_75' title='bbox 1094 2132 1163 2211; x_wconf 91' lang='lat' dir='ltr'>per</span> <span class='ocrx_word' id='word_1_76' title='bbox 1177 2104 1319 2211; x_wconf 85' lang='lat' dir='ltr'>expleta</span> <span class='ocrx_word' id='word_1_77' title='bbox 1336 2102 1533 2181; x_wconf 80' lang='lat' dir='ltr'>novissima</span> <span class='ocrx_word' id='word_1_78' title='bbox 1547 2102 1756 2208; x_wconf 84' lang='lat' dir='ltr'>predictam</span> <span class='ocrx_word' id='word_1_79' title='bbox 1770 2130 1877 2181; x_wconf 87' lang='lat' dir='ltr'>suarn</span> <span class='ocrx_word' id='word_1_80' title='bbox 1889 2103 2063 2181; x_wconf 78' lang='lat' dir='ltr'>saisinam</span> <span class='ocrx_word' id='word_1_81' title='bbox 2075 2106 2309 2210; x_wconf 75' lang='lat' dir='ltr'>probaverat,</span> 
     </span>
     <span class='ocr_line' id='line_1_10' title="bbox 895 2232 2313 2339; baseline 0.001 -27"><span class='ocrx_word' id='word_1_82' title='bbox 895 2235 1147 2313; x_wconf 88' lang='lat' dir='ltr'>continuando</span> <span class='ocrx_word' id='word_1_83' title='bbox 1162 2262 1245 2311; x_wconf 89' lang='lat' dir='ltr'>eam</span> <span class='ocrx_word' id='word_1_84' title='bbox 1260 2258 1381 2339; x_wconf 88' lang='lat' dir='ltr'>usque</span> <span class='ocrx_word' id='word_1_85' title='bbox 1395 2234 1442 2309; x_wconf 89' lang='lat' dir='ltr'>ad</span> <span class='ocrx_word' id='word_1_86' title='bbox 1453 2250 1604 2336; x_wconf 87' lang='lat' dir='ltr'>tempus</span> <span class='ocrx_word' id='word_1_87' title='bbox 1616 2232 1655 2309; x_wconf 90' lang='lat' dir='ltr'>in</span> <span class='ocrx_word' id='word_1_88' title='bbox 1666 2232 1764 2309; x_wconf 89' lang='lat' dir='ltr'>dicta</span> <span class='ocrx_word' id='word_1_89' title='bbox 1775 2233 1890 2311; x_wconf 92' lang='lat' dir='ltr'>domo</span> <span class='ocrx_word' id='word_1_90' title='bbox 1900 2234 2067 2339; x_wconf 90' lang='lat' dir='ltr'>apposite</span> <span class='ocrx_word' id='word_1_91' title='bbox 2080 2262 2213 2312; x_wconf 88' lang='lat' dir='ltr'>manus</span> <span class='ocrx_word' id='word_1_92' title='bbox 2226 2262 2313 2314; x_wconf 90' lang='lat' dir='ltr'>nos-</span> 
     </span>
     <span class='ocr_line' id='line_1_11' title="bbox 894 2361 2308 2471; baseline 0.001 -30"><span class='ocrx_word' id='word_1_93' title='bbox 894 2383 965 2455; x_wconf 88' lang='lat' dir='ltr'>tre,</span> <span class='ocrx_word' id='word_1_94' title='bbox 988 2392 1057 2471; x_wconf 93' lang='lat' dir='ltr'>per</span> <span class='ocrx_word' id='word_1_95' title='bbox 1074 2382 1199 2441; x_wconf 91' lang='lat' dir='ltr'>nostre</span> <span class='ocrx_word' id='word_1_96' title='bbox 1220 2362 1321 2441; x_wconf 87' lang='lat' dir='ltr'>curia</span> <span class='ocrx_word' id='word_1_97' title='bbox 1338 2361 1546 2470; x_wconf 88' lang='lat' dir='ltr'>judicium,</span> <span class='ocrx_word' id='word_1_98' title='bbox 1569 2361 1714 2439; x_wconf 88' lang='lat' dir='ltr'>dictum</span> <span class='ocrx_word' id='word_1_99' title='bbox 1735 2361 1808 2440; x_wconf 87' lang='lat' dir='ltr'>fuit</span> <span class='ocrx_word' id='word_1_100' title='bbox 1826 2361 1948 2469; x_wconf 90' lang='lat' dir='ltr'>quod,</span> <span class='ocrx_word' id='word_1_101' title='bbox 1971 2363 2018 2441; x_wconf 89' lang='lat' dir='ltr'>de</span> <span class='ocrx_word' id='word_1_102' title='bbox 2037 2363 2137 2442; x_wconf 88' lang='lat' dir='ltr'>dicto</span> <span class='ocrx_word' id='word_1_103' title='bbox 2156 2364 2308 2454; x_wconf 87' lang='lat' dir='ltr'>debato,</span> 
     </span>
     <span class='ocr_line' id='line_1_12' title="bbox 895 2490 2313 2602; baseline 0.001 -31"><span class='ocrx_word' id='word_1_104' title='bbox 895 2495 1127 2573; x_wconf 76' lang='lat' dir='ltr'>amovebitur</span> <span class='ocrx_word' id='word_1_105' title='bbox 1146 2520 1280 2602; x_wconf 86' lang='lat' dir='ltr'>manus</span> <span class='ocrx_word' id='word_1_106' title='bbox 1299 2509 1437 2581; x_wconf 88' lang='lat' dir='ltr'>nostra,</span> <span class='ocrx_word' id='word_1_107' title='bbox 1460 2508 1500 2569; x_wconf 87' lang='lat' dir='ltr'>et</span> <span class='ocrx_word' id='word_1_108' title='bbox 1511 2490 1618 2597; x_wconf 89' lang='lat' dir='ltr'>quod</span> <span class='ocrx_word' id='word_1_109' title='bbox 1634 2492 1758 2571; x_wconf 87' lang='lat' dir='ltr'>dictus</span> <span class='ocrx_word' id='word_1_110' title='bbox 1773 2491 1970 2599; x_wconf 88' lang='lat' dir='ltr'>episcopus</span> <span class='ocrx_word' id='word_1_111' title='bbox 1987 2492 2027 2569; x_wconf 89' lang='lat' dir='ltr'>in</span> <span class='ocrx_word' id='word_1_112' title='bbox 2040 2493 2174 2571; x_wconf 88' lang='lat' dir='ltr'>saisina</span> <span class='ocrx_word' id='word_1_113' title='bbox 2186 2496 2313 2600; x_wconf 85' lang='lat' dir='ltr'>provi-</span> 
     </span>
     <span class='ocr_line' id='line_1_13' title="bbox 895 2621 2314 2730; baseline 0.001 -29"><span class='ocrx_word' id='word_1_114' title='bbox 895 2626 1010 2702; x_wconf 90' lang='lat' dir='ltr'>sionis</span> <span class='ocrx_word' id='word_1_115' title='bbox 1024 2642 1062 2703; x_wconf 89' lang='lat' dir='ltr'>et</span> <span class='ocrx_word' id='word_1_116' title='bbox 1076 2621 1414 2701; x_wconf 81' lang='lat' dir='ltr'>administracionis</span> <span class='ocrx_word' id='word_1_117' title='bbox 1426 2621 1616 2702; x_wconf 86' lang='lat' dir='ltr'>bonorum</span> <span class='ocrx_word' id='word_1_118' title='bbox 1631 2622 1901 2730; x_wconf 81' lang='lat' dir='ltr'>temporalium</span> <span class='ocrx_word' id='word_1_119' title='bbox 1913 2623 2013 2701; x_wconf 89' lang='lat' dir='ltr'>dicte</span> <span class='ocrx_word' id='word_1_120' title='bbox 2026 2623 2163 2702; x_wconf 89' lang='lat' dir='ltr'>domus</span> <span class='ocrx_word' id='word_1_121' title='bbox 2177 2624 2314 2703; x_wconf 90' lang='lat' dir='ltr'>Sancti·</span> 
     </span>
     <span class='ocr_line' id='line_1_14' title="bbox 894 2740 2317 2863; baseline 0.003 -32"><span class='ocrx_word' id='word_1_122' title='bbox 894 2756 1017 2831; x_wconf 84' lang='lat' dir='ltr'>Lazari</span> <span class='ocrx_word' id='word_1_123' title='bbox 1033 2740 1259 2844; x_wconf 80' lang='lat' dir='ltr'>remanebit,</span> <span class='ocrx_word' id='word_1_124' title='bbox 1276 2752 1373 2831; x_wconf 89' lang='lat' dir='ltr'>salva</span> <span class='ocrx_word' id='word_1_125' title='bbox 1389 2778 1504 2860; x_wconf 88' lang='lat' dir='ltr'>super</span> <span class='ocrx_word' id='word_1_126' title='bbox 1518 2752 1592 2829; x_wconf 91' lang='lat' dir='ltr'>hoc</span> <span class='ocrx_word' id='word_1_127' title='bbox 1605 2751 1708 2833; x_wconf 92' lang='lat' dir='ltr'>dicto</span> <span class='ocrx_word' id='word_1_128' title='bbox 1724 2753 1881 2835; x_wconf 91' lang='lat' dir='ltr'>domino</span> <span class='ocrx_word' id='word_1_129' title='bbox 1897 2754 2098 2862; x_wconf 90' lang='lat' dir='ltr'>questione</span> <span class='ocrx_word' id='word_1_130' title='bbox 2111 2755 2317 2863; x_wconf 84' lang='lat' dir='ltr'>proprieta-</span> 
     </span>
     <span class='ocr_line' id='line_1_15' title="bbox 893 2882 1625 2991; baseline -0.001 -30"><span class='ocrx_word' id='word_1_131' title='bbox 893 2884 960 2973; x_wconf 87' lang='lat' dir='ltr'>tis,</span> <span class='ocrx_word' id='word_1_132' title='bbox 977 2902 1015 2962; x_wconf 91' lang='lat' dir='ltr'>et</span> <span class='ocrx_word' id='word_1_133' title='bbox 1037 2886 1076 2961; x_wconf 89' lang='lat' dir='ltr'>in</span> <span class='ocrx_word' id='word_1_134' title='bbox 1096 2884 1176 2962; x_wconf 87' lang='lat' dir='ltr'>aliis</span> <span class='ocrx_word' id='word_1_135' title='bbox 1193 2882 1426 2991; x_wconf 84' lang='lat' dir='ltr'>quibuslibet</span> <span class='ocrx_word' id='word_1_136' title='bbox 1435 2884 1523 2991; x_wconf 87' lang='lat' dir='ltr'>jure</span> <span class='ocrx_word' id='word_1_137' title='bbox 1543 2910 1625 2961; x_wconf 90' lang='lat' dir='ltr'>suo.</span> 
     </span>
    </p>

    <p class='ocr_par' dir='ltr' id='par_1_4' title="bbox 948 3012 1404 3119">
     <span class='ocr_line' id='line_1_16' title="bbox 948 3012 1404 3119; baseline -0.004 -29"><span class='ocrx_word' id='word_1_138' title='bbox 948 3014 1047 3092; x_wconf 87' lang='lat' dir='ltr'>lovis</span> <span class='ocrx_word' id='word_1_139' title='bbox 1066 3031 1151 3119; x_wconf 88' lang='lat' dir='ltr'>post</span> <span class='ocrx_word' id='word_1_140' title='bbox 1166 3012 1276 3092; x_wconf 90' lang='lat' dir='ltr'>Oculi</span> <span class='ocrx_word' id='word_1_141' title='bbox 1292 3013 1379 3090; x_wconf 89' lang='lat' dir='ltr'>mei.</span> <span class='ocrx_word' id='word_1_142' title='bbox 1396 3016 1404 3033; x_wconf 88' lang='lat'>&#39;</span> 
     </span>
    </p>

    <p class='ocr_par' dir='ltr' id='par_1_5' title="bbox 950 3142 1579 3249">
     <span class='ocr_line' id='line_1_17' title="bbox 950 3142 1579 3249; baseline -0.003 -29"><span class='ocrx_word' id='word_1_143' title='bbox 950 3142 1350 3221; x_wconf 87' lang='lat' dir='ltr'>Sanctus-Benedictus</span> <span class='ocrx_word' id='word_1_144' title='bbox 1367 3142 1579 3249; x_wconf 86' lang='lat' dir='ltr'>reportavit.</span> 
     </span>
    </p>
   </div>
   <div class='ocr_carea' id='block_1_3' title="bbox 892 3407 2316 3646">
    <p class='ocr_par' dir='ltr' id='par_1_6' title="bbox 892 3407 2316 3646">
     <span class='ocr_line' id='line_1_18' title="bbox 950 3407 2316 3515; baseline 0.002 -31"><span class='ocrx_word' id='word_1_145' title='bbox 950 3408 1059 3483; x_wconf 89' lang='lat' dir='ltr'>XXX.</span> <span class='ocrx_word' id='word_1_146' title='bbox 1095 3408 1213 3497; x_wconf 92' lang='lat' dir='ltr'>Cum,</span> <span class='ocrx_word' id='word_1_147' title='bbox 1247 3436 1291 3485; x_wconf 84' lang='lat' dir='ltr'>er</span> <span class='ocrx_word' id='word_1_148' title='bbox 1320 3424 1425 3515; x_wconf 88' lang='lat' dir='ltr'>parte</span> <span class='ocrx_word' id='word_1_149' title='bbox 1450 3407 1594 3485; x_wconf 87' lang='lat' dir='ltr'>abbatis</span> <span class='ocrx_word' id='word_1_150' title='bbox 1623 3425 1662 3485; x_wconf 87' lang='lat' dir='ltr'>et</span> <span class='ocrx_word' id='word_1_151' title='bbox 1689 3421 1892 3490; x_wconf 85' lang='lat' dir='ltr'>conventus</span> <span class='ocrx_word' id='word_1_152' title='bbox 1921 3410 2134 3487; x_wconf 87' lang='lat' dir='ltr'>monasterii</span> <span class='ocrx_word' id='word_1_153' title='bbox 2169 3408 2316 3487; x_wconf 81' lang='lat' dir='ltr'>Sancti-</span> 
     </span>
     <span class='ocr_line' id='line_1_19' title="bbox 892 3535 2314 3646; baseline 0.004 -33"><span class='ocrx_word' id='word_1_154' title='bbox 892 3535 1271 3629; x_wconf 77' lang='lat' dir='ltr'>Quintiniin-Insula,</span> <span class='ocrx_word' id='word_1_155' title='bbox 1292 3537 1331 3614; x_wconf 90' lang='lat' dir='ltr'>in</span> <span class='ocrx_word' id='word_1_156' title='bbox 1350 3537 1464 3645; x_wconf 83' lang='lat' dir='ltr'>garda</span> <span class='ocrx_word' id='word_1_157' title='bbox 1482 3557 1608 3615; x_wconf 88' lang='lat' dir='ltr'>nostra</span> <span class='ocrx_word' id='word_1_158' title='bbox 1629 3536 1779 3643; x_wconf 88' lang='lat' dir='ltr'>speciali</span> <span class='ocrx_word' id='word_1_159' title='bbox 1797 3536 2054 3628; x_wconf 80' lang='lat' dir='ltr'>existencium,</span> <span class='ocrx_word' id='word_1_160' title='bbox 2080 3537 2210 3618; x_wconf 83' lang='lat' dir='ltr'>luisset</span> <span class='ocrx_word' id='word_1_161' title='bbox 2229 3568 2314 3646; x_wconf 89' lang='lat' dir='ltr'>pro·</span> 
     </span>
    </p>
   </div>
   <div class='ocr_carea' id='block_1_4' title="bbox 890 3667 2318 5476">
    <p class='ocr_par' dir='ltr' id='par_1_7' title="bbox 890 3667 2318 5476">
     <span class='ocr_line' id='line_1_20' title="bbox 891 3667 2313 3775; baseline 0.003 -30"><span class='ocrx_word' id='word_1_162' title='bbox 891 3667 1072 3773; x_wconf 90' lang='lat' dir='ltr'>positum,</span> <span class='ocrx_word' id='word_1_163' title='bbox 1091 3684 1219 3745; x_wconf 88' lang='lat' dir='ltr'>contra</span> <span class='ocrx_word' id='word_1_164' title='bbox 1234 3667 1415 3774; x_wconf 86' lang='lat' dir='ltr'>majorem</span> <span class='ocrx_word' id='word_1_165' title='bbox 1436 3684 1474 3745; x_wconf 90' lang='lat' dir='ltr'>et</span> <span class='ocrx_word' id='word_1_166' title='bbox 1484 3669 1630 3775; x_wconf 88' lang='lat' dir='ltr'>juratos</span> <span class='ocrx_word' id='word_1_167' title='bbox 1644 3667 1978 3763; x_wconf 70' lang='lat' dir='ltr'>Sancti-Quinum,</span> <span class='ocrx_word' id='word_1_168' title='bbox 1994 3669 2101 3775; x_wconf 88' lang='lat' dir='ltr'>quod</span> <span class='ocrx_word' id='word_1_169' title='bbox 2116 3669 2203 3775; x_wconf 89' lang='lat' dir='ltr'>ipsi,</span> <span class='ocrx_word' id='word_1_170' title='bbox 2224 3698 2313 3749; x_wconf 88' lang='lat' dir='ltr'>cum</span> 
     </span>
     <span class='ocr_line' id='line_1_21' title="bbox 890 3794 2318 3905; baseline 0.003 -32"><span class='ocrx_word' id='word_1_171' title='bbox 890 3824 1022 3904; x_wconf 89' lang='lat' dir='ltr'>magna</span> <span class='ocrx_word' id='word_1_172' title='bbox 1033 3794 1279 3875; x_wconf 90' lang='lat' dir='ltr'>multitudine</span> <span class='ocrx_word' id='word_1_173' title='bbox 1293 3815 1522 3875; x_wconf 89' lang='lat' dir='ltr'>armatorum</span> <span class='ocrx_word' id='word_1_174' title='bbox 1535 3798 1582 3876; x_wconf 91' lang='lat' dir='ltr'>ad</span> <span class='ocrx_word' id='word_1_175' title='bbox 1598 3799 1768 3905; x_wconf 87' lang='lat' dir='ltr'>ipsorum</span> <span class='ocrx_word' id='word_1_176' title='bbox 1783 3797 2044 3905; x_wconf 88' lang='lat' dir='ltr'>religiosorum</span> <span class='ocrx_word' id='word_1_177' title='bbox 2058 3797 2243 3877; x_wconf 83' lang='lat' dir='ltr'>abbatiam</span> <span class='ocrx_word' id='word_1_178' title='bbox 2259 3830 2318 3877; x_wconf 90' lang='lat' dir='ltr'>ac-</span> 
     </span>
     <span class='ocr_line' id='line_1_22' title="bbox 891 3928 2318 4039; baseline 0.004 -34"><span class='ocrx_word' id='word_1_179' title='bbox 891 3928 1086 4017; x_wconf 85' lang='lat' dir='ltr'>cedentes,</span> <span class='ocrx_word' id='word_1_180' title='bbox 1106 3944 1234 4005; x_wconf 89' lang='lat' dir='ltr'>contra</span> <span class='ocrx_word' id='word_1_181' title='bbox 1249 3928 1549 4033; x_wconf 88' lang='lat' dir='ltr'>prohibicionem</span> <span class='ocrx_word' id='word_1_182' title='bbox 1564 3930 1655 4036; x_wconf 92' lang='lat' dir='ltr'>ipsis</span> <span class='ocrx_word' id='word_1_183' title='bbox 1672 3928 1823 4020; x_wconf 82' lang='lat' dir='ltr'>lectam,</span> <span class='ocrx_word' id='word_1_184' title='bbox 1841 3957 1886 4007; x_wconf 81' lang='lat' dir='ltr'>ex</span> <span class='ocrx_word' id='word_1_185' title='bbox 1897 3947 2004 4034; x_wconf 81' lang='lat' dir='ltr'>parte</span> <span class='ocrx_word' id='word_1_186' title='bbox 2018 3946 2162 4022; x_wconf 89' lang='lat' dir='ltr'>nostra,</span> <span class='ocrx_word' id='word_1_187' title='bbox 2181 3958 2204 4007; x_wconf 86' lang='lat' dir='ltr'>a</span> <span class='ocrx_word' id='word_1_188' title='bbox 2222 3959 2318 4039; x_wconf 90' lang='lat' dir='ltr'>quo-</span> 
     </span>
     <span class='ocr_line' id='line_1_23' title="bbox 892 4057 2313 4167; baseline 0.004 -33"><span class='ocrx_word' id='word_1_189' title='bbox 892 4058 978 4134; x_wconf 89' lang='lat' dir='ltr'>dam</span> <span class='ocrx_word' id='word_1_190' title='bbox 988 4059 1169 4135; x_wconf 87' lang='lat' dir='ltr'>serviente</span> <span class='ocrx_word' id='word_1_191' title='bbox 1180 4076 1309 4137; x_wconf 90' lang='lat' dir='ltr'>nostro</span> <span class='ocrx_word' id='word_1_192' title='bbox 1318 4057 1514 4166; x_wconf 90' lang='lat' dir='ltr'>deputato,</span> <span class='ocrx_word' id='word_1_193' title='bbox 1527 4060 1576 4137; x_wconf 91' lang='lat' dir='ltr'>ad</span> <span class='ocrx_word' id='word_1_194' title='bbox 1589 4057 1886 4139; x_wconf 82' lang='lat' dir='ltr'>deffendendum</span> <span class='ocrx_word' id='word_1_195' title='bbox 1897 4059 2052 4138; x_wconf 88' lang='lat' dir='ltr'>eosdem</span> <span class='ocrx_word' id='word_1_196' title='bbox 2064 4060 2313 4167; x_wconf 82' lang='lat' dir='ltr'>religiososab</span> 
     </span>
     <span class='ocr_line' id='line_1_24' title="bbox 892 4186 2315 4298; baseline 0.004 -35"><span class='ocrx_word' id='word_1_197' title='bbox 892 4187 1039 4294; x_wconf 90' lang='lat' dir='ltr'>injuriis</span> <span class='ocrx_word' id='word_1_198' title='bbox 1050 4186 1302 4278; x_wconf 84' lang='lat' dir='ltr'>etviolenciis,</span> <span class='ocrx_word' id='word_1_199' title='bbox 1314 4188 1441 4296; x_wconf 89' lang='lat' dir='ltr'>plures</span> <span class='ocrx_word' id='word_1_200' title='bbox 1453 4190 1608 4298; x_wconf 87' lang='lat' dir='ltr'>injurias</span> <span class='ocrx_word' id='word_1_201' title='bbox 1618 4190 1863 4268; x_wconf 82' lang='lat' dir='ltr'>etviolencias</span> <span class='ocrx_word' id='word_1_202' title='bbox 1874 4189 2018 4267; x_wconf 89' lang='lat' dir='ltr'>eisdem</span> <span class='ocrx_word' id='word_1_203' title='bbox 2028 4190 2315 4296; x_wconf 89' lang='lat' dir='ltr'>religiosisintu·</span> 
     </span>
     <span class='ocr_line' id='line_1_25' title="bbox 892 4316 2315 4430; baseline 0.005 -38"><span class='ocrx_word' id='word_1_204' title='bbox 892 4316 1032 4407; x_wconf 90' lang='lat' dir='ltr'>lerunt,</span> <span class='ocrx_word' id='word_1_205' title='bbox 1047 4346 1140 4423; x_wconf 92' lang='lat' dir='ltr'>quas</span> <span class='ocrx_word' id='word_1_206' title='bbox 1155 4318 1265 4397; x_wconf 90' lang='lat' dir='ltr'>nobis</span> <span class='ocrx_word' id='word_1_207' title='bbox 1281 4336 1319 4397; x_wconf 90' lang='lat' dir='ltr'>et</span> <span class='ocrx_word' id='word_1_208' title='bbox 1335 4319 1406 4398; x_wconf 91' lang='lat' dir='ltr'>sibi</span> <span class='ocrx_word' id='word_1_209' title='bbox 1421 4321 1601 4428; x_wconf 87' lang='lat' dir='ltr'>petebant</span> <span class='ocrx_word' id='word_1_210' title='bbox 1615 4320 1829 4412; x_wconf 70' lang='lat' dir='ltr'>emendari,</span> <span class='ocrx_word' id='word_1_211' title='bbox 1849 4319 1960 4398; x_wconf 91' lang='lat' dir='ltr'>dictis</span> <span class='ocrx_word' id='word_1_212' title='bbox 1972 4321 2114 4428; x_wconf 75' lang='lat' dir='ltr'>majore</span> <span class='ocrx_word' id='word_1_213' title='bbox 2132 4338 2172 4399; x_wconf 91' lang='lat' dir='ltr'>et</span> <span class='ocrx_word' id='word_1_214' title='bbox 2180 4322 2315 4430; x_wconf 85' lang='lat' dir='ltr'>juratis</span> 
     </span>
     <span class='ocr_line' id='line_1_26' title="bbox 893 4448 2311 4559; baseline 0.003 -35"><span class='ocrx_word' id='word_1_215' title='bbox 893 4448 1120 4525; x_wconf 87' lang='lat' dir='ltr'>contrarium</span> <span class='ocrx_word' id='word_1_216' title='bbox 1136 4448 1344 4531; x_wconf 89' lang='lat' dir='ltr'>dicentibus</span> <span class='ocrx_word' id='word_1_217' title='bbox 1364 4468 1402 4529; x_wconf 86' lang='lat' dir='ltr'>et</span> <span class='ocrx_word' id='word_1_218' title='bbox 1416 4452 1540 4558; x_wconf 90' lang='lat' dir='ltr'>plura,</span> <span class='ocrx_word' id='word_1_219' title='bbox 1558 4452 1607 4529; x_wconf 93' lang='lat' dir='ltr'>ad</span> <span class='ocrx_word' id='word_1_220' title='bbox 1623 4452 1682 4531; x_wconf 92' lang='lat' dir='ltr'>sui</span> <span class='ocrx_word' id='word_1_221' title='bbox 1698 4452 1973 4541; x_wconf 76' lang='lat' dir='ltr'>defensionem,</span> <span class='ocrx_word' id='word_1_222' title='bbox 1990 4452 2311 4559; x_wconf 87' lang='lat' dir='ltr'>proponentibus:</span> 
     </span>
     <span class='ocr_line' id='line_1_27' title="bbox 892 4577 2311 4690; baseline 0.003 -37"><span class='ocrx_word' id='word_1_223' title='bbox 892 4577 1064 4683; x_wconf 90' lang='lat' dir='ltr'>lnquesta</span> <span class='ocrx_word' id='word_1_224' title='bbox 1080 4607 1194 4687; x_wconf 89' lang='lat' dir='ltr'>super</span> <span class='ocrx_word' id='word_1_225' title='bbox 1208 4580 1296 4672; x_wconf 91' lang='lat' dir='ltr'>boc,</span> <span class='ocrx_word' id='word_1_226' title='bbox 1315 4582 1361 4661; x_wconf 90' lang='lat' dir='ltr'>de</span> <span class='ocrx_word' id='word_1_227' title='bbox 1377 4582 1553 4661; x_wconf 88' lang='lat' dir='ltr'>mandato</span> <span class='ocrx_word' id='word_1_228' title='bbox 1569 4584 1673 4662; x_wconf 92' lang='lat' dir='ltr'>curie</span> <span class='ocrx_word' id='word_1_229' title='bbox 1688 4598 1832 4673; x_wconf 87' lang='lat' dir='ltr'>nostre,</span> <span class='ocrx_word' id='word_1_230' title='bbox 1850 4580 1944 4660; x_wconf 85' lang='lat' dir='ltr'>lacta</span> <span class='ocrx_word' id='word_1_231' title='bbox 1959 4600 1997 4661; x_wconf 89' lang='lat' dir='ltr'>et</span> <span class='ocrx_word' id='word_1_232' title='bbox 2010 4581 2311 4690; x_wconf 85' lang='lat' dir='ltr'>adjudicandum</span> 
     </span>
     <span class='ocr_line' id='line_1_28' title="bbox 892 4711 2311 4821; baseline 0.001 -38"><span class='ocrx_word' id='word_1_233' title='bbox 892 4724 1094 4813; x_wconf 88' lang='lat' dir='ltr'>reportata,</span> <span class='ocrx_word' id='word_1_234' title='bbox 1117 4711 1191 4789; x_wconf 83' lang='lat' dir='ltr'>visa</span> <span class='ocrx_word' id='word_1_235' title='bbox 1211 4728 1249 4790; x_wconf 90' lang='lat' dir='ltr'>et</span> <span class='ocrx_word' id='word_1_236' title='bbox 1269 4712 1469 4821; x_wconf 84' lang='lat' dir='ltr'>diligenter</span> <span class='ocrx_word' id='word_1_237' title='bbox 1487 4714 1707 4804; x_wconf 82' lang='lat' dir='ltr'>examinata,</span> <span class='ocrx_word' id='word_1_238' title='bbox 1728 4713 1818 4821; x_wconf 84' lang='lat' dir='ltr'>quia</span> <span class='ocrx_word' id='word_1_239' title='bbox 1841 4714 2034 4791; x_wconf 81' lang='lat' dir='ltr'>inventum</span> <span class='ocrx_word' id='word_1_240' title='bbox 2054 4728 2126 4801; x_wconf 87' lang='lat' dir='ltr'>est,</span> <span class='ocrx_word' id='word_1_241' title='bbox 2150 4728 2224 4787; x_wconf 90' lang='lat' dir='ltr'>tam</span> <span class='ocrx_word' id='word_1_242' title='bbox 2242 4738 2311 4817; x_wconf 89' lang='lat' dir='ltr'>per</span> 
     </span>
     <span class='ocr_line' id='line_1_29' title="bbox 893 4840 2311 4953; baseline 0 -36"><span class='ocrx_word' id='word_1_243' title='bbox 893 4840 1139 4918; x_wconf 85' lang='lat' dir='ltr'>assercionem</span> <span class='ocrx_word' id='word_1_244' title='bbox 1164 4859 1202 4921; x_wconf 90' lang='lat' dir='ltr'>et</span> <span class='ocrx_word' id='word_1_245' title='bbox 1220 4841 1492 4923; x_wconf 80' lang='lat' dir='ltr'>confessionem</span> <span class='ocrx_word' id='word_1_246' title='bbox 1519 4874 1563 4923; x_wconf 83' lang='lat' dir='ltr'>ex</span> <span class='ocrx_word' id='word_1_247' title='bbox 1581 4860 1687 4953; x_wconf 86' lang='lat' dir='ltr'>parte</span> <span class='ocrx_word' id='word_1_248' title='bbox 1705 4845 1859 4953; x_wconf 87' lang='lat' dir='ltr'>majoris</span> <span class='ocrx_word' id='word_1_249' title='bbox 1878 4861 1918 4922; x_wconf 89' lang='lat' dir='ltr'>et</span> <span class='ocrx_word' id='word_1_250' title='bbox 1935 4844 2146 4952; x_wconf 81' lang='lat' dir='ltr'>juratorum</span> <span class='ocrx_word' id='word_1_251' title='bbox 2164 4840 2311 4919; x_wconf 85' lang='lat' dir='ltr'>Sancti-</span> 
     </span>
     <span class='ocr_line' id='line_1_30' title="bbox 892 4967 2315 5082; baseline 0.001 -37"><span class='ocrx_word' id='word_1_252' title='bbox 892 4967 1066 5060; x_wconf 89' lang='lat' dir='ltr'>Quintini</span> <span class='ocrx_word' id='word_1_253' title='bbox 1084 4967 1234 5062; x_wconf 82' lang='lat' dir='ltr'>factam,</span> <span class='ocrx_word' id='word_1_254' title='bbox 1251 5000 1366 5078; x_wconf 89' lang='lat' dir='ltr'>quem</span> <span class='ocrx_word' id='word_1_255' title='bbox 1385 5004 1453 5082; x_wconf 92' lang='lat' dir='ltr'>per</span> <span class='ocrx_word' id='word_1_256' title='bbox 1471 4973 1717 5082; x_wconf 89' lang='lat' dir='ltr'>probaciones</span> <span class='ocrx_word' id='word_1_257' title='bbox 1737 4974 1925 5052; x_wconf 89' lang='lat' dir='ltr'>dictorum</span> <span class='ocrx_word' id='word_1_258' title='bbox 1938 4970 2215 5080; x_wconf 77' lang='lat' dir='ltr'>religiosorum,</span> <span class='ocrx_word' id='word_1_259' title='bbox 2232 4971 2315 5049; x_wconf 86' lang='lat' dir='ltr'>dic-</span> 
     </span>
     <span class='ocr_line' id='line_1_31' title="bbox 890 5100 2315 5215; baseline 0.004 -40"><span class='ocrx_word' id='word_1_260' title='bbox 890 5114 949 5177; x_wconf 91' lang='lat' dir='ltr'>tos</span> <span class='ocrx_word' id='word_1_261' title='bbox 969 5100 1149 5208; x_wconf 89' lang='lat' dir='ltr'>majorem</span> <span class='ocrx_word' id='word_1_262' title='bbox 1179 5120 1216 5181; x_wconf 89' lang='lat' dir='ltr'>et</span> <span class='ocrx_word' id='word_1_263' title='bbox 1230 5103 1376 5210; x_wconf 87' lang='lat' dir='ltr'>juratos</span> <span class='ocrx_word' id='word_1_264' title='bbox 1394 5123 1520 5212; x_wconf 88' lang='lat' dir='ltr'>portas</span> <span class='ocrx_word' id='word_1_265' title='bbox 1550 5105 1649 5187; x_wconf 90' lang='lat' dir='ltr'>dicte</span> <span class='ocrx_word' id='word_1_266' title='bbox 1668 5104 1820 5185; x_wconf 89' lang='lat' dir='ltr'>abbacie</span> <span class='ocrx_word' id='word_1_267' title='bbox 1838 5104 2002 5215; x_wconf 82' lang='lat' dir='ltr'>fregisse,</span> <span class='ocrx_word' id='word_1_268' title='bbox 2023 5123 2063 5184; x_wconf 90' lang='lat' dir='ltr'>et</span> <span class='ocrx_word' id='word_1_269' title='bbox 2086 5119 2215 5183; x_wconf 86' lang='lat' dir='ltr'>contra</span> <span class='ocrx_word' id='word_1_270' title='bbox 2227 5130 2315 5210; x_wconf 89' lang='lat' dir='ltr'>pro-</span> 
     </span>
     <span class='ocr_line' id='line_1_32' title="bbox 891 5225 2310 5345; baseline 0.006 -42"><span class='ocrx_word' id='word_1_271' title='bbox 891 5227 1121 5310; x_wconf 91' lang='lat' dir='ltr'>hibicionem</span> <span class='ocrx_word' id='word_1_272' title='bbox 1146 5225 1336 5313; x_wconf 79' lang='lat' dir='ltr'>servientis</span> <span class='ocrx_word' id='word_1_273' title='bbox 1355 5237 1475 5314; x_wconf 88' lang='lat' dir='ltr'>nostri</span> <span class='ocrx_word' id='word_1_274' title='bbox 1495 5235 1678 5344; x_wconf 86' lang='lat' dir='ltr'>predicti,</span> <span class='ocrx_word' id='word_1_275' title='bbox 1698 5236 2116 5345; x_wconf 83' lang='lat' dir='ltr'>¹dictumque-abbatiam</span> <span class='ocrx_word' id='word_1_276' title='bbox 2143 5237 2310 5325; x_wconf 88' lang='lat' dir='ltr'>intrasse,</span> 
     </span>
     <span class='ocr_line' id='line_1_33' title="bbox 892 5356 2315 5476; baseline 0.006 -43"><span class='ocrx_word' id='word_1_277' title='bbox 892 5356 1106 5466; x_wconf 89' lang='lat' dir='ltr'>ostiumque</span> <span class='ocrx_word' id='word_1_278' title='bbox 1126 5364 1287 5472; x_wconf 90' lang='lat' dir='ltr'>coquine</span> <span class='ocrx_word' id='word_1_279' title='bbox 1310 5382 1348 5444; x_wconf 88' lang='lat' dir='ltr'>et</span> <span class='ocrx_word' id='word_1_280' title='bbox 1366 5366 1507 5476; x_wconf 87' lang='lat' dir='ltr'>jardini</span> <span class='ocrx_word' id='word_1_281' title='bbox 1527 5369 1699 5476; x_wconf 87' lang='lat' dir='ltr'>ejusdem</span> <span class='ocrx_word' id='word_1_282' title='bbox 1723 5367 1907 5447; x_wconf 85' lang='lat' dir='ltr'>violenter</span> <span class='ocrx_word' id='word_1_283' title='bbox 1924 5366 2083 5473; x_wconf 85' lang='lat' dir='ltr'>rupisse,</span> <span class='ocrx_word' id='word_1_284' title='bbox 2110 5393 2152 5444; x_wconf 88' lang='lat' dir='ltr'>ac</span> <span class='ocrx_word' id='word_1_285' title='bbox 2176 5393 2315 5473; x_wconf 90' lang='lat' dir='ltr'>coqum</span> 
     </span>
    </p>
   </div>
   <div class='ocr_carea' id='block_1_5' title="bbox 0 0 2914 7288">
    <p class='ocr_par' dir='ltr' id='par_1_8' title="bbox 0 0 2914 7288">
     <span class='ocr_line' id='line_1_34' title="bbox 0 0 2914 7288; baseline 0 0"><span class='ocrx_word' id='word_1_286' title='bbox 0 0 2914 7288; x_wconf 95' lang='lat' dir='ltr'> </span> 
     </span>
    </p>
   </div>
  </div>
 </body>
</html>
