5817 7292
921 1022 995 1099 6118
1499 1024 1591 1099 tus
1620 1023 1760 1096 OLlM.

694 1191 825 1247 Parnm
836 1192 879 1255 tv,
975 1168 1048 1244 Iste
1068 1193 1262 1272 processus
1281 1164 1354 1242 luit
1372 1164 1507 1277 iterato
1521 1165 1621 1241 visus
1639 1181 1676 1241 et
1689 1162 1879 1271 judicatus
1893 1164 2181 1271 inparlamento
2198 1184 2346 1249 trecen·

755 1282 818 1326 ¹³¹¹·
919 1298 1055 1375 tesimo
1076 1297 1223 1373 decimo
1244 1312 1362 1383 sexto,
1385 1312 1422 1371 et
1440 1312 1496 1372 est
1510 1322 1707 1400 processus
1724 1295 1763 1372 in
1781 1323 1886 1372 sacco
1905 1296 1994 1373 dicti
2013 1297 2247 1402 parlamenti.

975 1428 1157 1534 Sequitur
1173 1445 1282 1504 tenor
1299 1425 1572 1503 commissionis
1591 1452 1704 1531 super
1723 1425 1796 1503 hoc
1815 1423 1923 1503 lacte.

975 1558 1188 1665 Philippus,
1209 1571 1277 1635 etc.
1304 1556 1509 1634 senescallo
1536 1555 1704 1633 Tholose
1724 1555 1908 1634 salutem:
1935 1556 2051 1648 Cum,
2072 1588 2141 1666 per
2159 1578 2342 1639 arrestum

919 1706 1045 1768 nostre
1059 1688 1161 1764 curie
1174 1687 1215 1763 in
1228 1686 1391 1791 presenti
1410 1686 1641 1792 parlamento
1654 1674 1809 1775 lactum,
1826 1688 1958 1765 Petrus
1972 1688 2111 1767 Natalis
2129 1690 2176 1767 de
2190 1691 2342 1771 Bitonis

795 1848 808 1869 ·
919 1820 1214 1925 condempnatus
1233 1816 1348 1893 merit
1363 1817 1410 1896 ad
1425 1816 1666 1894 reddendum
1678 1818 1869 1895 Bernardo
1888 1816 1935 1897 de
1947 1820 2122 1927 Deveaia,
2134 1820 2203 1899 civi
2218 1801 2342 1929 Agen-

918 1944 1040 2040 nansi,
1068 1967 1146 2026 tam
1175 1976 1235 2026 res
1254 1948 1371 2053 ipsius
1399 1948 1582 2026 Bernardi
1606 1977 1698 2056 quas
1726 1948 1829 2025 idem
1854 1951 1987 2028 Petrus
2010 1950 2145 2058 injuste
2172 1952 2270 2057 cepit
2303 1971 2351 2055 et⁴

919 2109 1046 2159 secum
1063 2079 1237 2186 portavit,
1256 2078 1444 2169 videlicet,
1466 2096 1543 2155 tam
1565 2079 1787 2158 conlassatas
1805 2108 1920 2186 quam
1939 2108 2017 2159 non
2035 2080 2267 2171 confessatas,
2288 2084 2338 2161 de

918 2210 1056 2318 quibus
1087 2226 1255 2290 constare
1284 2210 1439 2315 poterit,
1470 2209 1685 2287 volcarum
1713 2210 1893 2298 valorem,
1926 2214 1964 2287 et
1989 2211 2036 2287 ad
2061 2211 2337 2311 resarciendum

920 2342 1042 2419 eidem
1073 2342 1231 2446 dampna
1259 2356 1382 2417 cetera
1409 2339 1481 2418 sibi
1505 2368 1573 2446 per
1601 2341 1674 2420 hoc
1699 2342 1824 2417 minus
1849 2341 2121 2419 racionabiliter
2149 2341 2267 2434 illata,
2290 2343 2338 2421 de

919 2470 1056 2577 quibus
1075 2470 1267 2559 constabit,
1282 2496 1351 2575 per
1361 2470 1572 2575 inquestam
1587 2471 1634 2548 de
1648 2471 1761 2578 plano
1775 2498 1888 2577 super
1899 2472 1988 2561 hoc,
2007 2473 2142 2550 vocatis
2155 2471 2335 2578 partibus,

917 2599 1145 2689 faciendam,
1166 2617 1205 2676 et
1219 2600 1386 2708 precepit
1401 2600 1556 2706 insuper
1575 2601 1675 2679 curia
1695 2619 1821 2681 nostra
1841 2601 1944 2709 quod
1964 2603 2011 2681 de
2030 2603 2198 2681 ducentis
2214 2601 2335 2693 libris,

917 2758 985 2837 per
1003 2730 1144 2809 dictum
1163 2733 1317 2807 Petrum
1342 2729 1388 2808 ab
1409 2730 1571 2810 inimicis
1591 2733 1679 2810 dicti
1697 2734 1876 2811 Bernardi
1897 2734 2055 2840 receptis
2073 2751 2111 2810 et
2128 2732 2279 2820 habitis,
2297 2753 2340 2811 ut

917 2861 1071 2950 dicitur,
1099 2861 1236 2939 vocatis
1256 2888 1419 2967 quorum
1439 2863 1609 2951 interest,
1629 2864 1763 2941 veritas
1781 2864 2004 2970 inquiratur,
2028 2864 2078 2941 ad
2096 2864 2206 2942 illum
2226 2862 2339 2942 linem

919 2992 1023 3099 quod
1042 2992 1139 3070 dicta
1158 2992 1315 3105 pecunia
1334 2992 1461 3081 nobis,
1483 2993 1513 3071 si
1532 3011 1570 3071 et
1584 3010 1698 3101 prout
1717 2993 1943 3073 racionabile
1963 2994 2094 3083 luerit,
2115 2994 2337 3101 applicetur,

916 3139 1030 3227 prout
1061 3122 1132 3199 heo
1161 3123 1286 3201 omnia
1312 3124 1508 3230 premissa,
1534 3124 1573 3200 in
1599 3142 1740 3202 arresto
1766 3125 1953 3229 predicto,
1991 3124 2165 3203 ridebitis
2189 3124 2339 3230 plenius

918 3252 1118 3343 contineri,
1150 3253 1369 3331 mandamus
1393 3271 1430 3331 et
1454 3255 1724 3333 committimus
1751 3254 1871 3360 vobis,
1904 3256 2093 3362 quatinus,
2122 3255 2201 3331 viso
2237 3253 2338 3332 dicto

918 3402 1074 3473 arresto,
1097 3400 1134 3461 et
1153 3366 1246 3491 ejus'
1259 3401 1390 3463 tenore
1420 3401 1581 3474 serrato,
1603 3414 1671 3491 per
1690 3413 1770 3475 vos,
1790 3384 1846 3461 vel
1864 3413 1931 3491 per
1944 3384 2057 3480 alium
2075 3384 2267 3489 ydoneum
2286 3384 2339 3459 ad

918 3512 991 3592 hoc
1006 3512 1143 3593 avobis
1159 3511 1432 3619 deputandum,
1453 3514 1592 3591 vocatis
1608 3514 1716 3591 dictis
1732 3513 1900 3620 partibus
1914 3529 1953 3589 et
1965 3512 2045 3589 aliis
2057 3512 2267 3601 evocandis,
2283 3511 2335 3588 de

917 3644 1079 3751 predct'is
1110 3641 1285 3723 omnibus
1315 3642 1511 3749 inquiratis
1542 3672 1629 3723 cum
1668 3642 1866 3751 diligencia
1891 3642 2093 3734 veritatem,
2120 3641 2337 3749 inquestam

918 3792 1029 3883 quam
1047 3774 1134 3853 inde
1154 3772 1335 3863 feceritis,
1360 3772 1431 3851 sub
1453 3773 1576 3880 sigillo
1600 3791 1722 3852 vestro
1740 3774 1922 3863 clausam,
1943 3789 2068 3851 nostre
2088 3772 2190 3851 curie
2207 3772 2340 3850 remis·

918 3907 1011 3996 suri,
1031 3904 1078 3981 ad
1099 3903 1202 3979 diem
1222 3902 1435 3980 senescallie
1452 3922 1570 3981 vestre
1585 3902 1701 3981 futuri
1716 3906 1885 4010 proximo
1899 3903 2138 4010 parlamenti,
2155 3920 2278 4009 partes
2289 3902 2339 3979 ad

916 4033 1035 4139 ipsam
1060 4031 1162 4107 diem
1188 4030 1283 4110 inibi
1304 4031 1551 4139 adjornando,
1574 4032 1734 4110 eandem
1746 4034 1907 4137 judicari
1927 4034 2067 4121 visure,
2090 4033 2230 4116 curiam
2251 4060 2339 4108 nos-

830 4196 833 4205 ·
915 4180 1011 4239 tram
1023 4160 1273 4252 certificando,
1288 4190 1356 4268 per
1368 4180 1505 4242 vestras
1515 4164 1673 4254 litteras,
1691 4164 1739 4241 de
1754 4165 2033 4272 adjornamento
2045 4163 2230 4270 predicto;
2243 4178 2280 4238 et
2295 4163 2338 4237 in

916 4293 1094 4398 predictis
1121 4292 1167 4370 ab
1193 4292 1368 4381 omnibus
1395 4292 1499 4373 vobis
1530 4296 1651 4401 pareri
1680 4294 1853 4375 volumus
1878 4312 1915 4373 et
1943 4294 2172 4372 mandamus.
2200 4293 2337 4375 Datum
2380 4338 2384 4342 -

915 4424 1092 4515 Parisios,
1115 4424 1185 4502 sub
1205 4424 1328 4532 sigillo
1349 4424 1557 4519 Castelleti,
1583 4426 1623 4502 in
1641 4425 1812 4523 absencia
1831 4427 1956 4533 magni
1981 4424 2094 4532 sigilli
2117 4424 2258 4513 nostri,
2273 4421 2336 4498 die

918 4573 1017 4633 sexta
1033 4556 1176 4662 aprilis,
1199 4584 1298 4633 anno
1318 4555 1470 4635 Domini
1491 4555 1692 4637 millesimo
1706 4557 1969 4643 trecentesimo
1983 4553 2221 4646 duodecimo.

916 4900 922 4911 ,
971 4818 1047 4896 XV„
1080 4816 1176 4903 Cum
1198 4816 1300 4896 inter
1319 4820 1531 4897 lohannem
1550 4818 1599 4896 de
1619 4819 1760 4913 Falerii,
1777 4819 2040 4911 domicellum,
2063 4846 2107 4897 ex
2121 4843 2193 4893 una
2208 4830 2334 4920 palte.

916 4966 953 5025 et
971 4947 1214 5055 Radulphum
1230 4948 1277 5025 de
1291 4948 1451 5057 Nigella,
1474 4966 1647 5055 patruum
1665 4978 1797 5042 suum,
1817 4979 1860 5028 ex
1874 4950 2010 5039 altera,
2024 4965 2126 5027 mota
2138 4945 2338 5054 questione

915 5106 1028 5186 super
1052 5078 1183 5155 saisina
1207 5077 1396 5156 bonorum
1418 5106 1493 5183 que
1512 5079 1705 5185 quondam
1726 5078 1881 5157 luerunt
1905 5076 2169 5159 defunctorum
2189 5072 2340 5153 comitis

915 5209 1057 5288 Pontivi
1078 5225 1115 5285 et
1132 5208 1328 5296 Johannis,
1351 5208 1433 5315 ejus
1449 5208 1710 5316 primogeniti,
1729 5210 1845 5317 patris
1860 5209 1951 5290 dicti
1966 5206 2180 5295 domicelli,
2195 5203 2341 5281 [ratris-

916 5368 989 5447 que
1006 5339 1094 5424 dicti
1107 5336 1311 5445 Radulphi,
1329 5364 1396 5443 per
1408 5338 1511 5416 curie
1529 5356 1656 5417 nostre
1666 5339 1875 5446 judicium,
1890 5339 1929 5425 in
1942 5337 2141 5425 nouissime
2154 5333 2341 5442 preterito
