5817 7292
1028 1096 1298 1208 evonenus
1323 1118 1387 1189 er
1414 1099 1623 1191 vnocts.
1967 1116 2042 1193 uos

613 1260 916 1371 comparentibus
936 1277 974 1339 ct
988 1258 1106 1338 nichil
1119 1259 1205 1339 novi
1223 1257 1540 1367 proponentibus,
1560 1256 1720 1363 visisque
1737 1257 1848 1335 dictis
1860 1261 2043 1365 processi·
2082 1273 2268 1338 transmit.

612 1394 702 1485 bus,
725 1420 794 1501 per
817 1390 921 1469 curie
943 1408 1071 1469 nostre
1091 1389 1296 1499 judicium,
1319 1389 1464 1472 dictum
1482 1389 1557 1468 luit
1573 1388 1789 1496 predictum
1809 1390 2041 1495 prepositum
2144 1367 2207 1411 '³⁰⁰‘

613 1524 711 1605 bene
722 1523 928 1631 judicasse,
947 1538 986 1601 et
1003 1520 1124 1603 dictos
1144 1520 1325 1630 conjuges
1341 1520 1440 1611 male
1457 1518 1679 1628 appellasse,
1699 1536 1739 1596 et
1755 1518 1862 1627 quod
1879 1520 1949 1625 ipsi
1970 1520 2043 1599 hoc

613 1655 884 1736 emendabunt.

670 1787 800 1867 Mortis
818 1785 1068 1894 postoctebos
1087 1784 1312 1893 Epiphanio.
1381 1822 1384 1832 ·

669 1918 776 1999 Greci
797 1916 1009 2025 reportavit.

669 2181 794 2263 XVIII.
812 2182 1005 2260 Litemots
1014 2180 1866 2289 eoremprepositol'arisiensiiuterSymonem
1877 2182 2039 2275 Wisrdi,

610 2312 910 2419 apothecarium,
925 2313 1044 2393 civem
1056 2311 1322 2402 Parisiensem,
1334 2340 1378 2391 er
1390 2329 1496 2419 parte
1505 2340 1597 2403 una,
1609 2328 1649 2391 et
1660 2312 1870 2396 Rcbertum
1879 2314 1928 2393 de
1939 2314 2043 2395 Cam

611 2442 685 2551 pis,
709 2442 1001 2533 ocurreterium,
1024 2470 1069 2521 ex
1091 2442 1224 2533 sltem,
1245 2470 1424 2549 supereo
1444 2442 1551 2549 quod
1575 2442 1697 2521 dimus
1719 2444 1880 2552 Symon,
1903 2473 2043 2553 propo-

612 2602 706 2655 nens
719 2602 759 2653 se
774 2576 910 2658 emisse
924 2603 945 2653 a
959 2574 1060 2653 dicto
1076 2575 1260 2663 Robertc,
1278 2601 1379 2654 anno
1391 2573 1546 2653 Domini
1560 2573 1764 2654 millesimo
1777 2578 2041 2657 trecentesimo

614 2707 762 2813 quinto,
777 2707 966 2813 sexaginte
984 2704 1125 2783 solidos
1142 2703 1364 2782 incrementi
1381 2731 1531 2793 census,
1548 2730 1617 2781 seu
1631 2705 1744 2783 annui
1759 2705 1948 2795 redditus,
1965 2709 2041 2787 sol-

613 2836 754 2916 vendos
769 2835 942 2942 quolibet
956 2862 1054 2916 anno
1072 2835 1117 2911 ad
1131 2851 1294 2943 qantuor
1307 2834 1508 2923 terminos,
1521 2833 1700 2924 Parisios,
1714 2853 1929 2925 consuetos,
1942 2855 2042 2943 pete

613 2965 679 3046 bat
688 2966 779 3048 dicti
792 2966 964 3048 redditus
977 2965 1160 3073 arreragia
1172 2964 1244 3045 sibi
1255 2962 1347 3043 solvi
1362 2965 1403 3043 in
1418 2964 1507 3045 forti
1519 2983 1671 3045 moneta
1682 2994 1784 3044 nunc
1796 2969 1962 3047 currenti
1970 2998 2041 3076 pro

613 3096 735 3175 tribus
748 3097 920 3177 terminis
934 3095 1127 3203 predictis,
1146 3097 1186 3174 in
1203 3094 1342 3205 quibus
1357 3096 1479 3175 dictus
1493 3095 1680 3177 Robertus
1692 3116 1910 3189 cessaverat,
1930 3117 1974 3177 ut
1991 3099 2043 3178 di

613 3227 736 3319 cebet,
753 3230 793 3306 in
807 3228 1000 3327 solucione
1015 3228 1189 3306 redditus
1204 3226 1380 3334 predicti,
1394 3226 1572 3305 videlicet
1584 3255 1654 3334 pro
1667 3229 1831 3308 termino
1845 3229 1929 3309 sesti
1941 3232 2043 3310 beati

613 3360 791 3469 Remigii,
809 3356 914 3469 quod
931 3358 1118 3439 fuitmnno
1137 3358 1291 3437 Domini
1308 3357 1513 3439 millesimo
1526 3360 1790 3445 trecentesimo
1807 3363 1986 3467 septimo,
2006 3380 2045 3441 et

612 3519 682 3598 pro
696 3490 867 3569 terminis
882 3490 1086 3570 Nativitetis
1100 3506 1139 3567 et
1152 3488 1431 3569 Resurectionis
1444 3489 1599 3568 Domini
1619 3490 1837 3578 immediate
1855 3494 2045 3599 sequenti·

611 3622 700 3715 bus3
715 3623 817 3703 dicto
826 3621 992 3702 Roberto
1005 3620 1225 3701 econtrario
1237 3620 1388 3700 dicente
1403 3649 1443 3699 se
1458 3621 1582 3700 teneri
1596 3621 1837 3701 solummodo
1847 3624 2044 3703 adsolven

614 3753 708 3832 dum
724 3754 823 3833 dicta
835 3752 1018 3861 arreragir
1034 3753 1073 3831 in
1091 3751 1210 3831 debili
1225 3768 1392 3841 moneta,
1412 3780 1488 3860 que
1504 3752 1679 3831 currebat
1689 3772 1861 3861 tempore
1875 3775 2043 3834 contrac-

614 3900 676 3962 tus
691 3884 921 3963 vendicionis
933 3884 1125 3992 predicte,
1146 3882 1342 3991 predictus
1363 3883 1577 3989 prepositus
1589 3882 1802 3989 judicatum
1821 3911 1934 3960 suum
1955 3887 2044 3963 tulit

614 4042 684 4122 pro
695 4014 797 4093 dicto
807 4016 984 4123 Symone.
998 4014 1212 4122 predictum
1222 4012 1431 4093 Robertum
1442 4013 1545 4092 dicto
1556 4014 1713 4121 Symoni
1725 4014 2041 4122 condempnando

614 4146 654 4223 in
672 4144 852 4253 predictis
868 4172 1038 4252 pereum
1059 4143 1208 4251 petitis,
1225 4171 1337 4251 aquo
1349 4144 1537 4253 judicato,
1551 4159 1729 4251 tauquam
1743 4143 1835 4224 idso
1851 4162 1892 4225 et
1909 4174 2039 4255 pravo,

616 4276 740 4358 dictus
758 4276 945 4357 Robertus
968 4275 1017 4355 ad
1036 4292 1203 4357 nostram
1224 4276 1367 4355 curiam
1386 4274 1611 4383 appellavit:
1627 4274 1777 4355 Auditis
1799 4276 1915 4386 igitur
1934 4277 2043 4357 dictis

615 4408 785 4516 partibus
796 4407 837 4486 in
853 4406 1241 4515 causaappellacionis
1255 4406 1425 4513 predicte
1441 4423 1481 4485 et
1491 4406 1570 4484 viso
1581 4431 1760 4513 processu
1771 4408 1961 4515 predicto,
1976 4439 2045 4516 per

616 4540 718 4619 curie
738 4556 865 4619 nostre
879 4538 1068 4647 judicium
1090 4538 1234 4617 dictum
1251 4537 1324 4619 luit
1337 4538 1550 4647 predictum
1570 4538 1803 4646 prepositum
1823 4539 1923 4619 bene
1939 4542 2044 4651 judi-

616 4700 736 4763 casse,
758 4688 797 4751 et
816 4672 961 4751 dictum
977 4670 1184 4751 Robertum
1203 4669 1302 4749 male
1322 4669 1531 4779 appellasse
1549 4686 1588 4749 et
1602 4669 1706 4776 quod
1721 4670 1800 4777 ipse
1820 4672 1894 4751 hoc
1913 4699 2043 4753 emen·

618 4803 733 4884 dabit.

670 4935 770 5016 lovis
783 4935 823 5013 in
836 4934 933 5017 testo
947 4934 1048 5015 beati
1068 4934 1276 5017 Vincencii.

671 5068 723 5146 M.
744 5069 784 5147 P.
805 5068 968 5177 Mongon
987 5068 1202 5191 reportavit.

673 5330 766 5407 xtx.
798 5330 882 5409 Lite
896 5347 998 5411 mota
1013 5358 1138 5411 coram
1152 5330 1346 5439 preposito
1357 5330 1554 5411 Parisieosi
1570 5330 1670 5412 inter
1682 5332 1894 5446 {ohannem
1909 5333 1959 5411 de
1973 5335 2045 5411 Ro·

618 5458 813 5567 thomago,
837 5462 1172 5553 cordubenarium,
1199 5490 1243 5545 ex
1272 5490 1348 5543 una
1366 5480 1487 5570 porte,
1513 5478 1553 5541 et
1574 5462 1784 5543 Jchannem
1808 5462 1858 5541 de
1881 5462 2045 5539 Breban·
