5817 7292
847 1135 895 1206 dd
1407 1132 1511 1204 tus
1539 1131 1683 1205 OLIM.

619 1282 804 1346 Pauurslv.
843 1292 973 1352 tomm
998 1300 1093 1380 aque
1115 1273 1348 1365 Parisiensis,
1366 1301 1420 1350 ex
1442 1272 1579 1361 altera,
1595 1299 1710 1379 snper
1728 1299 1775 1349 eo
1792 1271 1965 1349 videlicet
1984 1271 2032 1349 ad
2051 1297 2167 1377 quem
2185 1303 2269 1380 per-

680 1375 743 1418 1³⁰1.

844 1407 964 1484 tinent
988 1403 1210 1482 servientem
1239 1404 1524 1483 adicustodiam
1551 1431 1646 1511 aque
1665 1403 1937 1490 verdecensis,
1964 1403 2004 1479 in
2022 1401 2212 1482 descensu
2232 1423 2279 1482 et-

846 1563 1007 1614 ascensu
1023 1534 1175 1611 navium
1199 1562 1341 1640 ponere
1361 1551 1400 1611 et
1417 1553 1548 1612 tenere
1568 1550 1608 1611 et
1624 1534 1791 1640 positum
1811 1560 2023 1620 removere,
2044 1561 2114 1638 per
2128 1533 2270 1610 curiam

846 1668 936 1756 visa,
954 1683 992 1743 et
1007 1664 1312 1743 attestacionibus
1329 1666 1369 1742 in
1387 1696 1429 1742 ea
1450 1666 1639 1744 contentis
1655 1665 1857 1774 diligenter
1876 1665 2071 1770 inspectis,
2087 1665 2176 1771 quia
2193 1693 2271 1742 non

844 1797 918 1875 tuit
934 1797 1128 1873 inventum
1146 1795 1212 1902 jus
1237 1796 1384 1902 regium
1409 1795 1524 1874 fuisse
1543 1794 1771 1873 sufficienter
1789 1796 1829 1871 in
1848 1795 2069 1900 hujusmodi
2089 1825 2272 1902 prosequ-

843 1945 945 2018 tum,
964 1954 1033 2002 nec
1054 1926 1231 2039 articulos
1244 1955 1314 2033 pro
1323 1927 1410 2035 jure
1429 1926 1540 2035 Regis
1554 1926 1670 2005 fuisse
1686 1925 1860 2017 traditos,
1882 1942 2083 2002 nectentes
2101 1953 2170 2032 per
2185 1955 2272 2032 pro·

845 2075 1056 2135 curatorem
1074 2057 1254 2164 regium,
1268 2087 1311 2135 ex
1337 2076 1440 2165 parte
1454 2059 1613 2137 -domini
1637 2057 1750 2164 Regis
1766 2056 2129 2162 fuisseproductos,
2150 2058 2270 2134 immo

844 2217 915 2266 nec
939 2189 1030 2266 illos,
1048 2189 1112 2295 qui
1131 2189 1305 2296 producti
1326 2209 1416 2267 sunt
1434 2189 1475 2265 in
1497 2190 1669 2297 inquesta
1687 2188 1855 2293 predicta
1873 2187 2048 2293 apparuit
2066 2187 2270 2296 interroga-

845 2337 904 2397 tos
924 2319 1041 2398 fuisse
1062 2321 1109 2397 de
1127 2321 1261 2398 saisina
1280 2320 1339 2398 vel
1353 2322 1440 2428 jure
1460 2319 1607 2398 domini
1626 2320 1756 2426 Regis,
1774 2317 2047 2426 perjudicium
2069 2317 2171 2394 curie
2185 2318 2270 2394 die-

845 2468 929 2528 tum
952 2451 1025 2528 fuit
1044 2452 1396 2557 etpronunciatum
1421 2452 1634 2558 inquestam
1657 2450 1883 2556 predictam,
1905 2465 2048 2526 attento
2070 2448 2269 2552 presertim

845 2598 976 2660 tenore
1003 2582 1101 2659 dicte
1125 2582 1410 2672 commissionis,
1436 2586 1564 2659 minus
1588 2580 1820 2659 sufficienter
1843 2579 1956 2656 fuisse
1978 2577 2111 2655 factam
2132 2595 2170 2656 et
2189 2605 2269 2655 esse

847 2711 1064 2796 invalidam:
1092 2730 1129 2789 et
1148 2713 1288 2790 iterum
1309 2741 1422 2818 super
1442 2713 1630 2790 contentis
1649 2711 1689 2786 in
1710 2711 1810 2788 dicta
1829 2709 2093 2787 commissione
2112 2707 2271 2813 diligen·

845 2859 905 2919 ter
922 2842 1193 2949 inquirendum
1214 2870 1312 2933 esse,
1329 2843 1466 2920 vocatis
1485 2858 1726 2947 procuratore
1748 2840 1894 2918 domini
1910 2839 2023 2945 Regis
2033 2855 2077 2914 et
2089 2837 2172 2913 aliis
2190 2863 2274 2913 evo·

848 2972 986 3052 candis.

903 3105 1039 3180 Actum
1054 3104 1151 3212 jovis
1169 3120 1255 3209 post
1272 3102 1411 3180 festum
1430 3103 1532 3180 beati
1550 3102 1719 3180 Barnabe
1739 3098 1913 3207 apostoli.

904 3235 960 3310 Mc
978 3235 1019 3310 R.
1041 3232 1266 3310 Rousselleti
1287 3232 1522 3338 reportavit¹.

902 3493 978 3572 Vll.
1009 3493 1108 3572 Cum
1133 3510 1215 3570 orta
1240 3510 1337 3570 esset
1364 3492 1551 3571 discordia
1576 3495 1675 3571 inter
1698 3493 1895 3604 religiosos
1918 3496 2017 3572 viros
2041 3497 2214 3573 abbatem
2235 3513 2272 3571 et

846 3642 1071 3702 conventum
1101 3625 1428 3704 Sancti-Florencii
1462 3626 1509 3702 de
1537 3627 1712 3717 Saumur,
1745 3628 1895 3704 racione
1922 3628 2108 3733 prioratus
2137 3653 2271 3703 eorum

848 3755 1235 3862 Sancti-Gondulphi‚
1262 3786 1306 3835 ea
1332 3786 1407 3834 una
1429 3774 1552 3864 parte,
1577 3775 1616 3834 et
1638 3757 1808 3835 nobilem
1829 3757 2047 3845 mulierem,
2079 3757 2272 3835 dominam

847 3889 999 3978 Soliaci,
1021 3917 1150 3994 prose
1172 3907 1209 3967 et
1233 3889 1362 3974 liberis
1386 3890 1480 3980 suis,
1502 3890 1668 3968 dominis
1691 3907 1730 3966 et
1748 3890 1954 3967 heredibus
1981 3888 2135 3977 Soliaci,
2158 3915 2203 3965 ex
2221 3889 2275 3967 el·

845 4036 942 4109 tera3
964 4047 1078 4127 super
1100 4048 1146 4097 eo
1166 4020 1271 4126 quod
1291 4021 1388 4098 dicta
1407 4021 1562 4098 domina
1580 3995 1729 4098 dicebat
1747 4038 1786 4097 ot
1803 4019 1991 4098 asserebat
2012 4020 2154 4098 dictum
2174 4020 2275 4126 prio·

847 4169 971 4230 ratum
997 4152 1363 4258 Sancti-Gondulphi
1389 4153 1504 4230 situm
1532 4180 1613 4231 esse
1631 4151 1673 4228 in
1697 4169 1817 4229 castro
1841 4169 1881 4228 et
1897 4152 2111 4230 castellania
2131 4151 2275 4230 Sancti·

847 4281 1088 4390 Gendulpbi,
1107 4284 1146 4359 in
1159 4284 1311 4390 justicia
1326 4302 1364 4361 et
1379 4285 1548 4363 dominio
1565 4282 1810 4360 dominorum
1828 4283 1982 4371 Soliaci,
2004 4300 2041 4360 et
2056 4283 2162 4391 quod
2178 4283 2271 4388 ipsa,
2371 4303 2374 4309 '

846 4443 915 4520 pro
937 4445 975 4493 se
1000 4434 1039 4493 et
1062 4417 1192 4494 liberis
1211 4419 1289 4494 suis
1311 4418 1489 4522 predictis
1511 4445 1555 4492 ac
1578 4443 1711 4492 eorum
1731 4432 2003 4504 antecessores,
2030 4414 2176 4493 domini
2204 4414 2272 4490 So-

847 4544 948 4634 liaci‚
964 4563 1054 4622 sunt
1066 4563 1104 4622 et
1118 4544 1287 4634 fuerunt,
1303 4576 1371 4652 per
1385 4548 1480 4622 tanti
1495 4547 1676 4652 temporis
1691 4548 1859 4653 spacium
1874 4548 1980 4654 quod
1987 4547 2051 4653 jus
2068 4546 2201 4624 saisine
2217 4559 2273 4618 est

847 4675 901 4751 eis
924 4675 1166 4781 acquisitum,
1188 4675 1228 4751 in
1246 4675 1345 4752 bona
1365 4675 1499 4754 saisina
1514 4676 1735 4783 justiciandi
1760 4679 1800 4754 in
1826 4677 1917 4756 locis
1938 4692 1977 4752 et
1998 4669 2271 4752 hereditatibus
2348 4733 2351 4737 ,

847 4805 937 4884 dicti
964 4806 1166 4912 prioratus,
1193 4807 1232 4882 in
1263 4806 1410 4886 casibus
1442 4807 1586 4885 ibidem
1618 4809 1918 4916 emergentibus,
1947 4806 2097 4882 racione
2116 4801 2271 4879 ressorti

845 4938 960 5045 garde
975 4965 1042 5014 seu
1062 4937 1296 5030 castellanie3
1316 4941 1406 5017 dicti
1423 4969 1512 5017 vero
1532 4939 1646 5018 abbas
1666 4958 1704 5018 et
1724 4955 1930 5017 conventus
1945 4931 2271 5013 Sancti-Florencii

848 5068 895 5144 de
913 5068 1088 5156 Saumur,
1110 5070 1258 5149 racione
1278 5069 1367 5148 dicti
1386 5071 1574 5178 prioratus
1587 5071 1645 5148 sui
1662 5065 2040 5172 SanctiGondulphi,
2057 5064 2271 5142 exadverso

848 5197 1022 5277 dicebant
1045 5217 1082 5276 et
1100 5203 1316 5280 asserebant
1334 5202 1439 5308 quod
1460 5203 1565 5309 prior
1588 5201 1677 5278 dicti
1700 5198 1887 5306 prioratus
1909 5193 2271 5301 Sanctifiondulphi

890 5381 896 5412 ¹
921 5383 968 5445 On
990 5383 1024 5445 lit
1042 5405 1079 5447 en
1102 5405 1218 5467 merge:
1235 5383 1453 5446 ussommissum
1477 5396 1521 5446 est
1595 5382 1811 5444 destiteram
1828 5379 1982 5464 inquirant
2001 5378 2123 5447 vocatis.
2147 5387 2219 5446 etc.;
2243 5387 2275 5438 et

846 5487 884 5548 M.
896 5486 1031 5573 Philippo
1043 5488 1181 5550 Conversi
1192 5499 1222 5549 et
1231 5487 1352 5550 domino
1361 5487 1387 5548 J.
1395 5487 1521 5550 Venato-
1596 5484 2042 5568 misieisistsmiaqamque
2048 5481 2272 5544 fuitmudsta·
