5817 7292
989 1088 1259 1199 nnootrns
1285 1108 1351 1179 nr
1376 1091 1585 1181 mouns.
1923 1102 1998 1179 sao

577 1248 729 1332 testium
745 1251 833 1328 hinc
847 1250 935 1328 inde
949 1250 1161 1359 propositis,
1177 1252 1216 1327 in
1230 1248 1392 1357 quadam
1408 1224 1479 1326 alia
1492 1278 1601 1327 causa
1615 1276 1690 1354 que
1707 1245 1848 1352 pendet
1863 1246 1903 1323 in
1914 1275 2000 1326 nos-
2034 1254 2167 1311 terrim
2180 1256 2222 1317 W.

576 1400 631 1463 tra
647 1383 749 1461 curia
767 1382 865 1459 iuter
883 1408 1060 1489 personas
1079 1382 1321 1489 superdictas.
2098 1348 2161 1391 '³¹⁰'

633 1515 763 1593 Martis
777 1532 862 1619 post
881 1512 1224 1593 Annunciecionem
1245 1513 1485 1591 dominicam.

632 1648 743 1725 Facta
762 1663 819 1723 est
837 1646 1068 1736 commissio,
1088 1663 1126 1725 et
1144 1674 1341 1754 processus
1361 1646 1551 1723 remissus.

632 1907 754 1987 XllV.
776 1905 888 1995 Cum,
903 1921 1060 2011 exparte
1072 1905 1217 1984 abbatis
1233 1923 1271 1983 et
1284 1922 1490 1984 conventus
1502 1902 1718 1983 monasterii
1729 1903 2006 1981 Sancti-luliani

576 2038 823 2126 Turonensis,
844 2022 882 2113 in
904 2055 1028 2114 nostra
1045 2036 1196 2144 speciali
1218 2036 1345 2146 gardia
1364 2038 1624 2124 existencium,
1643 2035 1753 2114 nobis
1774 2053 1885 2124 esset,
1907 2037 2006 2143 gravi

575 2169 865 2275 conquestione,
888 2186 1136 2246 monstratum
1165 2168 1268 2275 quod
1289 2168 1416 2247 Guido
1436 2168 1705 2256 Garennarius,
1728 2184 1767 2245 et
1788 2166 1858 2244 alie
1878 2185 2007 2274 gentes

576 2298 718 2378 domini
744 2300 791 2376 de
812 2298 998 2389 Malliaeo,
1016 2299 1168 2377 fratrem
1183 2299 1364 2377 Jacobum
1382 2300 1536 2388 Arrant,
1562 2300 1790 2376 monachum
1816 2298 1905 2375 dicti
1926 2326 2008 2375 mo-

576 2431 744 2520 nasterii,
767 2450 964 2537 ceperunt,
987 2449 1138 2539 captum
1153 2460 1280 2509 secum
1297 2431 1485 2508 duxerunt
1504 2430 1551 2506 ad
1571 2432 1728 2507 domum
1752 2430 1840 2507 dicti
1863 2429 2006 2506 domini

576 2580 739 2640 vocatam
760 2562 963 2668 vulgariter
981 2562 1307 2667 Champchevrier,
1331 2579 1368 2639 et
1389 2562 1598 2639 Guillelmo
1620 2561 1667 2639 de
1687 2561 1842 2649 Rochis,
1859 2562 2006 2638 custodi

574 2694 697 2769 tocius
716 2708 816 2769 terre
833 2693 951 2797 ipsius
967 2692 1110 2769 domini
1128 2691 1217 2767 dicti
1240 2691 1325 2780 loci,
1342 2690 1582 2769 tradiderunt
1597 2690 1779 2779 eundem;
1797 2691 1862 2796 qui
1883 2708 2007 2768 custos

575 2821 720 2899 ibidem
742 2824 865 2929 ipsum
891 2821 1028 2899 carceri
1048 2822 1289 2926 mancipavit,
1309 2840 1346 2900 et
1365 2839 1494 2927 postea
1516 2822 1563 2899 do
1586 2822 1720 2901 eodem
1739 2822 1862 2928 ipsum
1887 2839 2006 2898 extra·

576 2953 687 3041 bens,
706 2970 743 3031 et
759 2953 931 3031 habitum
946 2951 1205 3031 monachalem
1222 2953 1294 3030 sibi
1308 2952 1499 3041 auferens,
1515 2952 1680 3031 eundem
1695 2955 1775 3030 sine
1790 2953 1923 3031 babitu
1935 2981 2004 3031 suo

576 3085 767 3163 transtulit
783 3086 830 3163 ad
849 3085 1037 3193 quandem
1060 3084 1169 3161 aliam
1187 3084 1277 3161 dicti
1295 3084 1438 3162 domini
1457 3084 1678 3189 prisionem,
1696 3085 1796 3190 apud
1816 3086 2006 3164 Veterem

577 3216 850 3309 Molihemam,
876 3233 914 3293 et
933 3215 1065 3293 exinde
1086 3232 1215 3323 gentes
1233 3214 1365 3322 prelati
1393 3215 1535 3295 domini
1562 3217 1684 3321 ipsum
1705 3215 1936 3293 monachum
1956 3214 2004 3293 de

574 3346 658 3427 loco
675 3348 722 3425 ad
734 3346 860 3425 locum
876 3346 1163 3435 transtulerunt,
1181 3361 1218 3423 et
1234 3365 1381 3451 captum
1398 3346 1465 3423 diu
1479 3360 1686 3424 tenuerunt
1701 3346 1741 3423 in
1755 3346 1841 3423 loco
1852 3347 2005 3451 penitus

436 3552 440 3559 .
573 3477 702 3584 ignoto
719 3478 904 3587 religiosis
922 3479 1118 3585 predictis,
1136 3476 1244 3583 plura
1266 3478 1383 3555 eciam
1404 3477 1581 3584 dampna,
1603 3477 1812 3585 gravamina
1829 3495 1868 3554 et
1884 3506 2005 3555 exces-

574 3638 636 3687 sus
651 3610 744 3689 alios
764 3610 872 3688 dictis
891 3608 1078 3717 religiosis
1097 3626 1285 3687 eteorum
1302 3609 1529 3687 monasterio
1550 3608 1759 3685 intulerunt
1778 3607 1947 3685 indebite
1968 3628 2006 3687 et

574 3740 723 3846 injuste,
739 3741 908 3845 predicto
926 3740 1083 3817 domino
1098 3740 1296 3845 premissa,
1313 3756 1356 3815 ut
1376 3739 1525 3828 dicitur,
1538 3738 1620 3814 fieri
1641 3736 1813 3825 faciente,
1831 3766 1918 3828 seu,
1938 3767 2005 3817 no-

575 3869 675 3945 mine
689 3896 759 3946 suo
772 3868 877 3956 lacta,
891 3885 969 3946 rata
982 3868 1142 3947 habente
1157 3886 1194 3947 et
1208 3882 1320 3975 grata,
1334 3897 1409 3974 que
1423 3867 1603 3972 petebant
1617 3866 1687 3944 sibi
1703 3883 1742 3943 et
1755 3865 1865 3945 nobis
1874 3896 2005 3943 emen-

576 3998 673 4089 dari;
684 4026 795 4105 super
805 3999 945 4106 quibus
958 3999 1134 4077 omnibus
1146 4016 1183 4076 et
1197 3997 1353 4105 singulis
1364 3999 1623 4075 mandavimus
1638 3997 1777 4104 inquiri
1793 3996 2003 4075 veritatem:

574 4112 750 4236 lnquesta
765 4129 879 4239 igitur
890 4158 1002 4235 super
1018 4130 1091 4209 hiis
1105 4128 1199 4206 lacta
1211 4146 1248 4206 et
1264 4129 1463 4205 adcuriam
1477 4146 1660 4216 nostram,
1679 4129 1724 4205 ad
1738 4128 2002 4236 judicandum,

574 4276 779 4368 reportata,
797 4262 884 4366 quia
905 4260 1096 4339 inventum
1119 4279 1174 4338 est
1195 4261 1299 4367 quod
1317 4260 1438 4338 dictus
1457 4260 1582 4351 miles,
1599 4260 1648 4337 ad
1668 4260 1741 4338 hoc
1757 4286 1926 4366 presens,
1942 4290 2006 4339 vo-

575 4407 677 4469 catus
698 4418 767 4496 per
793 4391 1082 4480 commissarios,
1104 4408 1142 4468 et
1155 4392 1324 4469 monitus
1340 4420 1408 4498 per
1430 4391 1582 4469 eosdem
1598 4407 1856 4497 competenter
1874 4409 1917 4469 ut
1930 4419 2007 4471 res-

574 4523 759 4629 ponderet
777 4523 971 4601 veritatem
991 4550 1104 4629 super
1122 4524 1313 4629 premissis
1334 4524 1403 4603 sibi
1423 4524 1622 4631 impositis,
1645 4523 1872 4630 respondere
1892 4552 2005 4632 super

574 4655 853 4747 biisrecusavit,
872 4674 909 4733 et
922 4656 1192 4734 contumaciter
1201 4657 1249 4734 ab
1263 4684 1395 4735 eorum
1410 4656 1601 4763 presencie
1614 4657 1864 4745 recessit,nec
1875 4675 2003 4764 postea

575 4816 698 4866 coram
715 4789 824 4893 ipsis,
849 4786 939 4871 licet,
958 4805 1110 4865 vocatus
1129 4787 1288 4893 pluries,
1311 4817 1528 4895 comparere
1548 4788 1685 4877 voluit;
1706 4786 1795 4895 quia
1814 4790 1931 4866 eciam
1948 4790 2005 4866 iu-

573 4937 727 4998 ventum
740 4938 798 4998 est
816 4919 958 4997 dictum
979 4922 1208 4999 monachum
1224 4920 1407 4999 violenter
1425 4937 1573 5027 captum
1588 4920 1703 4999 luisse
1717 4948 1787 5027 per
1799 4938 1930 5029 gentes
1948 4922 2005 5027 ip

573 5050 652 5129 sius
660 5050 806 5129 domini
818 5051 910 5128 etde
925 5052 1010 5129 loco
1024 5051 1070 5128 ad
1081 5049 1207 5130 locum
1226 5052 1382 5130 ductum
1397 5051 1512 5130 luisse
1523 5067 1561 5129 et
1573 5051 1877 5159 imprisionatum
1889 5051 2003 5132 firisse

573 5180 706 5272 viliter,
731 5198 847 5287 prout
871 5182 909 5259 in
935 5210 1067 5259 eorum
1088 5183 1322 5289 querimonia
1342 5184 1566 5273 continetur,
1590 5213 1658 5290 per
1677 5183 1798 5262 dictos
1816 5183 2001 5264 Guiotum

575 5328 612 5389 et
631 5312 874 5392 castellanum
903 5315 950 5392 de
972 5314 1300 5422 Cbempchevrier,
1328 5334 1365 5393 et
1385 5318 1492 5423 quod
1516 5316 1663 5393 cuculla
1687 5314 1756 5393 sibi
1783 5332 1906 5392 amota
1931 5313 2004 5390 fuit

574 5440 729 5532 ibidem,
742 5462 779 5523 et
797 5444 844 5523 de
860 5446 961 5524 dicto
978 5446 1062 5525 loco
1075 5448 1298 5527 translatum
1315 5448 1442 5537 luisse,
1460 5478 1528 5555 per
1543 5465 1676 5558 gentes
1691 5447 1781 5525 dicti
1796 5445 1999 5535 castellani,
