5817 7292
843 1117 918 1187 aco
1039 1091 1043 1096 ’
1419 1111 1509 1184 css
1541 1109 1683 1184 oum.

619 1268 750 1321 Panum
762 1264 805 1328 tv,
842 1273 887 1331 ut
898 1253 1086 1343 consulas,
1104 1253 1226 1330 donec
1240 1251 1365 1329 eidem
1381 1252 1513 1358 majori
1527 1268 1656 1328 nostro
1668 1249 1789 1358 judici
1805 1247 1923 1326 fidem
1937 1248 2114 1328 fecissent
2130 1250 2177 1330 de
2192 1255 2268 1360 pri-

680 1360 743 1404 Μ’
816 1387 986 1495 ·vilegiis
1010 1413 1087 1492 que
1113 1413 1154 1462 se
1182 1384 1322 1462 habere
1346 1384 1542 1472 dicebant,
1575 1383 1856 1488 inhibitumque
1888 1380 2019 1460 suisset
2048 1383 2267 1465 hominibus

844 1518 942 1595 dicte
954 1517 1042 1593 ville
1055 1515 1250 1594 abeodem
1261 1514 1391 1622 judice
1403 1530 1548 1605 nostro,
1563 1513 1633 1590 sub
1649 1511 1833 1592 consimili
1846 1539 1945 1618 pena
1959 1513 2063 1591 mille
2082 1513 2265 1597 librarum

842 1646 1138 1734 Turonensium,
1154 1633 1264 1722 nobis
1281 1643 1516 1750 applicanda,
1540 1671 1587 1720 ne
1608 1643 1679 1750 ipsi
1698 1643 1876 1749 predictis
1888 1660 2052 1750 quatuor
2067 1646 2268 1727 obedirent

841 1784 887 1855 nt
904 1776 1124 1856 consulibus
1142 1775 1202 1852 vel
1222 1773 1443 1881 collegiatis,
1466 1801 1536 1850 nec
1555 1773 1604 1850 ad
1624 1801 1689 1852 eos
1708 1801 1821 1879 super
1837 1773 1965 1880 aliquo
1986 1803 2183 1853 recursum
2202 1778 2267 1859 ha-

840 1910 992 1997 berent,
1009 1926 1201 2013 tamquam
1216 1903 1265 1982 ad
1279 1905 1453 1983 consules
1463 1903 1524 1982 vel
1535 1904 1771 2012 collegiatos,
1787 1904 1993 1984 inhibitum
2006 1905 2124 1984 eciam
2136 1905 2268 1986 suisset

842 2041 952 2118 dictis
971 2038 1191 2116 bominibus
1211 2036 1258 2115 de
1277 2037 1441 2126 Nantbo,
1463 2036 1637 2134 similiter
1656 2036 1727 2115 sub
1747 2065 1843 2141 pena
1864 2036 1968 2114 mille
1989 2035 2172 2126 librarum
2188 2040 2266 2116 Tu-

842 2170 1078 2266 ronensium,
1100 2167 1212 2245 nobis
1230 2165 1466 2273 applicanda,
1489 2195 1537 2242 ne
1562 2147 1837 2244 conventiculae
1863 2195 1930 2244 seu
1958 2169 2263 2274 congregationes

842 2301 943 2378 inter
960 2304 999 2376 se
1020 2299 1202 2387 lacerent,
1223 2327 1294 2376 nec
1312 2325 1352 2399 se
1372 2297 1472 2375 ultra
1489 2314 1565 2376 tres
1584 2297 1641 2374 val
1661 2316 1826 2404 quatuor
1841 2315 2124 2407 congregarent;
2142 2293 2262 2406 aquiss

840 2434 914 2511 bus
925 2430 1237 2522 inhibicionibus,
1252 2447 1443 2536 tamquam
1455 2430 1503 2506 ab
1518 2429 1684 2535 injustis,
1698 2429 1787 2506 dicti
1802 2431 1975 2508 homines
1988 2431 2035 2507 ad
2049 2457 2119 2508 nos
2133 2447 2262 2508 contra
2300 2523 2305 2532 ι

842 2564 986 2642 dictum
1002 2562 1173 2668 judicem
1192 2560 1490 2667 appellaverunt,
1513 2577 1557 2638 ut
1575 2560 1725 2650 dicitur,
1753 2578 1791 2638 et
1810 2560 1978 2668 judicem
2003 2560 2043 2636 in
2067 2589 2176 2638 causa
2199 2589 2262 2667 ap-

839 2693 1059 2799 pellacionis
1071 2721 1139 2770 sue
1159 2695 1423 2797 impetrarunt,
1442 2691 1588 2768 utendo
1605 2708 1643 2768 et
1662 2693 1906 2798 explectando
1927 2692 2027 2770 dicto
2045 2691 2260 2781 consulatu,

841 2824 1226 2932 congregacionesque
1236 2821 1429 2910 faciendo,
1442 2839 1482 2898 et
1492 2839 1621 2900 contra
1633 2822 1885 2901 inhibiciones
1894 2823 2080 2928 predictas
2089 2822 2129 2898 in
2140 2823 2264 2930 hujus

841 2955 945 3032 modi
963 2953 1223 3060 multipliciter
1240 2952 1475 3042 excedend03
1493 2981 1608 3058 super
1627 2953 1766 3061 quibus
1781 2955 1991 3032 excessibus
2006 2953 2264 3032 mandavimus

839 3085 1032 3162 veritatem
1053 3084 1215 3190 inquirit
1236 3082 1324 3162 Visa
1341 3083 1457 3189 igitur
1470 3083 1644 3188 inquesta
1660 3111 1774 3190 super
1790 3085 1863 3163 boc
1879 3084 2119 3162 demandato
2135 3102 2263 3162 nostro

840 3214 949 3303 lacta,
972 3243 1059 3292 cum
1084 3214 1133 3290 sit
1151 3215 1348 3290 inventum
1372 3211 1475 3318 quod
1501 3214 1771 3320 prenominati,
1794 3243 1850 3304 se,
1872 3243 1942 3320 pro
1963 3213 2181 3294 consulibus
2199 3241 2262 3322 ge·

841 3361 966 3420 rentes
980 3360 1018 3418 et
1030 3342 1207 3420 homines
1216 3343 1315 3420 dicte
1329 3343 1436 3433 ville,
1453 3344 1587 3451 spretis
1600 3345 1738 3452 injuste
1752 3345 2048 3428 inhibicionibus
2062 3343 2258 3450 predictis,

840 3489 968 3550 contra
988 3501 1050 3550 eas
1070 3470 1241 3552 lecerunt
1258 3503 1329 3552 nec
1345 3473 1622 3580 appellaciones
1636 3504 1722 3554 suas
1736 3475 1966 3555 sufficienter
1979 3475 2166 3580 prosecuti
2182 3473 2261 3554 lue-

839 3620 943 3695 runt,
960 3631 1029 3708 per
1047 3602 1150 3680 curie
1170 3621 1298 3682 nostre
1313 3605 1519 3712 judicium,
1542 3605 1613 3712 ipsi
1633 3606 1744 3684 nobis
1762 3635 1829 3712 pro
1849 3605 2027 3714 predictis
2048 3605 2259 3686 excessibus

839 3732 994 3812 fuerunt
1011 3735 1053 3812 in
1071 3732 1178 3813 mille
1197 3734 1304 3816 libris
1322 3763 1520 3843 parvorum
1542 3736 1730 3814 bonorum
1753 3735 2035 3814 Turonensium
2054 3736 2260 3814 sentencia-

840 3863 926 3940 liter
944 3864 1221 3971 condempnati.

895 3995 1001 4071 Lune
1021 3995 1202 4101 predicta.

892 4255 1032 4335 XLVII.
1062 4259 1251 4350 Preterea,
1274 4289 1362 4340 cum
1386 4263 1497 4340 nobis
1522 4261 1773 4370 significatum
1797 4261 1929 4342 suisset
1954 4264 2058 4371 quod
2085 4265 2259 4343 homines
2340 4267 2343 4274 ’

838 4385 936 4463 dicte
960 4387 1066 4479 ville,
1093 4392 1268 4498 gentibus
1290 4394 1429 4472 nostris
1455 4393 1645 4500 deputatis
1669 4395 1717 4471 ad
1742 4393 1942 4473 levandum
1965 4395 2257 4474 subvencionem

837 4516 948 4595 nobis
965 4519 1151 4611 debitam,
1168 4523 1352 4628 vituperia
1365 4524 1485 4610 multa
1502 4542 1540 4602 et
1558 4553 1743 4604 rescussas
1757 4524 1927 4604 fecerunt
1941 4527 1982 4602 in
1997 4543 2257 4631 contemptum

837 4665 1011 4726 nostrum
1023 4667 1062 4727 et
1074 4652 1291 4730 scandalum
1306 4656 1442 4760 patrie,
1459 4683 1572 4762 super
1585 4654 1796 4734 excessibus
1808 4655 1985 4762 predictis
1999 4655 2256 4733 mandavimus

836 4779 1028 4857 veritatem
1043 4779 1203 4887 inquiri:
1220 4783 1307 4862 Visa
1318 4784 1434 4890 igitur
1450 4785 1624 4892 inquesta
1644 4815 1757 4892 super
1775 4785 1850 4876 biis
1868 4786 1916 4864 de
1935 4785 2111 4864 mandato
2126 4799 2254 4862 nostro

834 4908 944 5000 facta,
966 4912 1055 5021 quia
1074 4941 1143 5019 per
1161 4943 1244 4991 eam
1261 4933 1454 5023 repertum
1472 4917 1544 4994 fuit
1561 4918 1717 4996 Petrum
1735 4917 1886 5010 Brison,
1908 4934 2095 5007 sutorem,
2115 4915 2256 4994 loban-

835 5068 941 5126 nem,
954 5043 1035 5149 ejus
1044 5042 1213 5135 fratrem,
1225 5048 1378 5125 Petrum
1389 5048 1536 5140 Brison,
1549 5049 1673 5127 lilium
1683 5049 1783 5126 Petri
1798 5047 2030 5138 Martellarii,
2043 5047 2253 5126 lobannem

834 5168 883 5244 de
907 5169 1067 5266 Vebrot,
1091 5174 1303 5254 lohannem
1322 5176 1369 5254 de
1393 5181 1499 5268 Bret,
1527 5180 1792 5286 Raymundum
1811 5179 1960 5270 Garini,
1985 5180 2254 5290 Raymuudum
2284 5282 2291 5294 ,

833 5301 1052 5397 Aramanni,
1069 5306 1292 5396 Rolandam,
1310 5337 1468 5387 uxorem
1482 5311 1661 5389 Bernardi
1681 5310 1842 5403 Triaire,
1861 5313 2015 5389 Petrum
2033 5310 2255 5390 Chabanna-

831 5431 893 5525 rii,
908 5435 1060 5512 Petrum
1077 5437 1272 5533 Columbi,
1285 5439 1495 5546 juniorem,
1509 5457 1546 5520 et
1558 5441 1688 5550 plures
1706 5441 1816 5534 elios,
1828 5442 1988 5551 graviter
1999 5440 2198 5520 excessisse
2217 5457 2256 5518 et
