5817 7292
1043 1135 1312 1243 nuousrns
1337 1153 1402 1226 nr
1428 1135 1635 1226 rnocts.
1742 1189 1748 1198 ·
1972 1157 2046 1232 aas

629 1294 861 1374 bernardum
877 1296 925 1374 de
939 1297 1108 1402 Campis,
1124 1293 1266 1373 incolas
1284 1293 1333 1370 de
1352 1292 1505 1384 Villata,
1520 1310 1675 1400 propter
1693 1295 1895 1400 quamdam
1914 1301 2046 1406 conju·
2083 1309 2212 1364 rmum
2232 1313 2275 1373 lt'.

627 1427 818 1504 racionem
832 1455 945 1534 quam
963 1427 1034 1534 ipsi
1049 1425 1179 1504 fecisse
1190 1424 1423 1513 dicebantur,
1437 1427 1632 1530 perquam
1647 1452 1686 1504 se
1702 1425 1861 1504 invicem
1872 1428 2045 1507 astrinxe-
2145 1403 2207 1448 '³⁰⁸'

625 1575 711 1634 rant
720 1558 937 1665 juramento
945 1557 1052 1664 quod
1064 1573 1192 1633 contra
1204 1583 1340 1635 omnes
1352 1556 1528 1634 homines
1541 1554 1589 1632 de
1604 1556 1748 1634 mundo
1764 1558 1934 1664 expensis
1947 1586 2045 1637 com·

626 1686 807 1766 munibus
828 1715 869 1766 se
887 1688 1085 1795 juvarent,
1109 1704 1165 1775 et,
1186 1713 1384 1794 proposse
1403 1714 1491 1774 suo,
1516 1685 1642 1764 villam
1659 1687 1708 1766 de
1729 1687 1879 1779 Villata,
1905 1717 1979 1795 que
2003 1691 2043 1766 in

623 1815 755 1922 vicaria
775 1816 942 1895 'l'bolose
961 1817 1083 1923 posita
1103 1817 1304 1895 inmediate
1325 1835 1364 1894 et
1384 1815 1607 1894 insolidum
1624 1817 1735 1895 nobis
1754 1818 1882 1897 subest
1897 1817 2042 1898 bastide

622 1945 955 2055 Sancti-Sulpicii,
979 1949 1087 2054 cujus
1108 1975 1195 2054 pars
1217 1947 1345 2024 media
1368 1947 1418 2023 ad
1436 1975 1507 2026 nos
1531 1964 1569 2025 et
1592 1975 1676 2053 pars
1700 1947 1773 2026 alia
1796 1950 1844 2026 ad
1859 1949 2043 2055 hospitale

621 2076 939 2154 Sanctidobannis
950 2075 1253 2184 ierosolymitani
1266 2077 1435 2156 noscitur
1447 2078 1650 2183 pertinere,
1667 2079 1707 2154 in
1718 2079 1942 2185 nostrijuris
1956 2107 2042 2186 pre-

614 2203 801 2310 judicium
827 2207 1043 2284 subicerent
1067 2206 1107 2282 in
1131 2206 1355 2316 octingentis
1383 2205 1490 2284 libris
1516 2207 1748 2286 Turonensis
1772 2225 1924 2286 monete
1949 2225 2040 2287 tunc

619 2337 821 2426 currentis,
843 2337 956 2415 nobis
973 2335 1220 2444 applicandis,
1238 2363 1306 2442 per
1324 2364 1430 2415 suam
1451 2334 1687 2414 diffinitivam
1707 2337 1936 2416 sentenciam
1956 2365 2040 2415 con·

618 2463 873 2575 dempnasset,
896 2466 1021 2546 dicttu
1033 2463 1223 2544 Arnaldus
1241 2465 1393 2555 Briseti,
1406 2493 1477 2544 suo
1491 2483 1529 2542 et
1548 2466 1737 2546 dictorum
1757 2469 2038 2575 conjuratorum

616 2614 909 2703 consortumque
935 2623 1091 2675 suorum
1110 2596 1368 2702 procuratorio
1388 2596 1563 2684 nomine,
1585 2597 1633 2674 ad
1653 2597 1796 2676 curiam
1814 2597 2039 2704 appellacio-
2154 2619 2166 2624 ·

616 2751 710 2803 num
727 2725 981 2804 Tholosanam
1004 2724 1142 2803 edicta
1159 2725 1350 2802 sentencia
1368 2724 1586 2832 appellavit;
1604 2725 1723 2832 judex
1742 2755 1830 2807 vero
1855 2728 1954 2806 dicte
1978 2757 2040 2808 cu·
2071 2773 2075 2784 ·

614 2853 670 2932 rie
685 2855 1004 2962 appellacionum,
1017 2855 1058 2931 in
1070 2855 1170 2932 dicta
1184 2881 1295 2932 causa
1308 2853 1574 2962 appellacionis
1588 2855 1811 2960 procedens,
1826 2857 1977 2966 cognito
1988 2857 2036 2934 de

614 3010 656 3060 ea
675 3002 714 3062 et
732 2986 772 3062 in
792 3012 836 3062 ea
852 2984 1047 3076 concluso,
1069 3014 1112 3062 ac
1130 2983 1302 3091 predicto
1321 2983 1489 3062 Arnaldo
1508 2985 1736 3064 sentenciam
1750 2983 1839 3064 ferri
1860 3015 1946 3062 cum
1961 2989 2037 3064 ins-

611 3115 732 3192 tancia
753 3115 986 3221 postulante,
1004 3114 1212 3220 predictam
1232 3114 1323 3194 dicti
1346 3115 1471 3191 vicarii
1492 3115 1720 3193 sentenciam
1740 3115 1992 3205 confirmavit,
2015 3147 2035 3194 a

612 3271 685 3351 qua
711 3244 903 3324 sentencia
926 3241 1205 3322 confirmatoria
1228 3243 1353 3320 dictm
1370 3241 1560 3321 Amaldus
1578 3244 1730 3334 Briseti,
1751 3273 1821 3324 sno
1842 3265 1879 3324 ct
1898 3277 2034 3354 procu-

609 3376 750 3453 ratorio
765 3375 922 3452 nomine
935 3401 1014 3479 quo
1027 3401 1155 3481 supra,
1170 3373 1304 3449 iterato
1321 3370 1371 3448 ad
1386 3389 1554 3450 nostram
1573 3375 1715 3450 curiam
1732 3363 1954 3481 appellavit:
1971 3379 2037 3456 Vi-

608 3506 657 3583 sis
671 3506 788 3616 igitur
805 3533 875 3612 per
890 3505 1032 3583 curiam
1047 3520 1213 3582 noscam
1230 3502 1428 3608 utriusque
1443 3529 1552 3580 cause
1568 3503 1823 3609 processibus,
1842 3531 1911 3612 per
1928 3509 2032 3586 curie

607 3653 734 3715 nostre
749 3635 957 3744 judicium,
976 3634 1121 3712 dictum
1135 3632 1209 3710 luit
1222 3630 1412 3739 predictos
1425 3631 1605 3710 vicarium
1621 3649 1659 3712 et
1673 3634 1844 3741 judicem
1858 3634 1956 3714 bene
1966 3637 2032 3745 ju-

609 3767 750 3846 dicasse
774 3785 812 3844 et
834 3768 976 3845 dictum
1004 3764 1258 3872 appellantem
1281 3763 1381 3842 male
1400 3763 1623 3869 appellasse,
1646 3781 1684 3840 et
1701 3765 1807 3871 qnod
1828 3766 1927 3842 dicta
1947 3796 2032 3844 con-

608 3896 832 4002 dempnacio
851 3895 1094 3973 mandabitur
1113 3893 1342 3972 execucioni.

661 4027 720 4104 De
738 4027 845 4134 cujus
863 4025 1056 4105 solucione
1075 4025 1236 4103 lecimus
1254 4023 1416 4131 graciam
1437 4021 1543 4129 quod
1564 4049 1632 4130 per
1649 4022 1834 4102 terminos
1852 4023 2025 4112 solvatur,

605 4156 781 4234 videlicet
798 4184 866 4263 per
884 4173 1055 4262 quatuor
1066 4181 1203 4246 annos,
1224 4151 1399 4259 quolibet
1419 4177 1518 4228 anno
1539 4150 1701 4229 ducente
1721 4149 1817 4230 libre
1830 4155 2029 4232 Turonen-

604 4289 655 4367 sis
669 4305 821 4364 monete
835 4303 928 4364 tunc
937 4286 1139 4372 currentis,
1150 4284 1271 4390 prima
1282 4311 1374 4392 paga
1389 4282 1431 4358 in
1444 4280 1597 4360 instanti
1614 4279 1710 4360 sesto
1723 4281 2029 4364 Omniumsmc

603 4436 730 4496 torum
746 4416 961 4523 incipiente.

658 4547 856 4628 Dorninica
874 4563 961 4653 post
977 4545 1127 4624 octabas
1139 4544 1293 4622 Pascbe·

657 4677 703 4757 G.
725 4678 775 4755 de
795 4679 892 4756 Usco
907 4677 1121 4785 reportavit.

655 4942 779 5021 xcvl.
810 4942 928 5030 Cum,
945 4939 1255 5018 informacionem
1275 4939 1496 5047 quamdam,
1516 4939 1567 5016 ad
1582 4939 1802 5018 instanciam
1823 4939 2021 5018 consulum

598 5071 882 5150 Caturcensium
902 5070 1054 5160 luctam,
1077 5096 1256 5177 supereo
1276 5069 1471 5177 quodipsi
1497 5069 1672 5150 dicebant
1696 5068 1867 5177 bajulum
1888 5069 2024 5150 Catur-

598 5228 746 5281 censem
761 5203 801 5280 in
820 5202 984 5280 novitate
1006 5229 1073 5278 sua
1091 5199 1233 5280 debere
1252 5200 1343 5308 ipsis
1357 5199 1583 5306 presentari,
1603 5216 1804 5278 etcertum
1824 5201 1878 5278 eis
1900 5198 2021 5276 lacere

594 5333 864 5436 juramentum,
876 5334 947 5440 ipsi
959 5331 1134 5412 consules
1143 5331 1263 5410 videri
1278 5347 1453 5438 peterent
1467 5349 1506 5410 et
1512 5331 1691 5438 judicari,
1708 5348 1747 5408 ct
1760 5357 1782 5408 e
1794 5347 1925 5408 contra
1937 5355 2020 5434 pro

598 5481 747 5543 curator
765 5465 928 5572 episcopi
948 5463 1200 5556 Caturcensis,
1220 5460 1399 5578 adfinem
1415 5461 1610 5542 anullandi
1626 5460 1763 5539 dictam
1780 5456 2017 5535 informacio-
