5817 7292
896 1085 968 1162 [156
1417 1145 1419 1153 ·
1470 1152 1476 1166 .
1501 1095 1611 1168 .LE8
1629 1093 1780 1168 ottnt
1885 1152 1888 1163 .

673 1241 802 1298 Partim
817 1243 859 1305 Ν,
893 1232 1083 1310 versaliter
1104 1234 1292 1322 instituto,
1315 1249 1353 1310 et
1371 1235 1476 1340 quod
1493 1236 1545 1314 de
1562 1236 1662 1331 dicta
1680 1237 1841 1341 pectrmc
1858 1263 2009 1313 summ
2025 1262 2222 1345 nimquam
2240 1243 2312 1323 luit

731 1336 791 1381 lm
892 1365 994 1442 dicto
1014 1365 1190 1443 creditori
1211 1392 1281 1442 nec
1295 1365 1373 1442 suis
1391 1367 1668 1444 successoribus
1684 1365 1929 1456 satisfactum
1943 1396 2061 1473 quare
2075 1371 2226 1475 petebat
2239 1375 2312 1452 die

889 1514 953 1572 tus
978 1513 1090 1586 actor,
1110 1496 1265 1572 nomine
1291 1525 1368 1603 quo
1390 1471 1519 1602 supra,
1537 1496 1604 1603 jud
1627 1498 1810 1602 ypctlrece
1836 1497 1876 1572 in
1897 1498 2014 1583 ibonis
2036 1501 2216 1604 predictis
2241 1505 2312 1582 sibi

891 1645 1106 1734 compatere
1119 1627 1315 1714 declarari,
1329 1644 1367 1704 et
1382 1627 1604 1731 dictosre'os
1615 1628 1665 1704 ad
1678 1627 1956 1715 restituendum
1971 1630 2254 1734 predicta-bona
2269 1662 2314 1712 ex

892 1745 1012 1836 causis
1024 1758 1202 1864 predictis
1216 1757 1338 1834 eidem
1356 1758 1490 1846 aeteri,
1507 1761 1584 1864 quo
1598 1785 1711 1863 supra
1727 1758 1901 1845 nomine,
1916 1758 2199 1867 condempnari.
2215 1765 2312 1842 Dicti

891 1919 979 1966 vero
990 1890 1138 1998 judices
1148 1888 1244 1966 cille
1257 1887 1459 1967 Condomii
1469 1887 1535 1993 jus
1545 1887 1735 1995 ¹ypotheca
1749 1888 1790 1965 in
1805 1889 2039 1970 dictis'benis
2053 1891 2157 1970 dicto
2177 1897 2308 1985 actori,

796 2114 797 2117 Ἴ
891 2021 1143 2126 nomineque
1158 2025 1292 2126 supra,
1315 2034 1536 2124 competere¹
1547 2046 1616 2123 per
1626 2046 1736 2095 suam
1749 2020 1980 2097 sentenciam
1995 2020 2254 2111 declararunt,
2273 2043 2311 2104 et
2333 2007 2335 2011 ⁵

891 2152 939 2228 ad
952 2151 1229 2254 restituendum
1238 2177 1301 2236 ea,
1315 2169 1517 2254 quo'supra
1531 2148 1703 2236 nomine,
1722 2151 2051 2257 condempnerunt
2062 2151 2308 2232 defendentes

890 2282 1094 2386 predictos,
1118 2279 1278 2386 exceptis
1296 2277 1523 2384 quibusdam
1543 2276 1718 2356 censibus
1736 2280 1778 2356 in
1797 2280 1986 2358 senoents'a
2002 2280 2189 2359 <lidorum
2203 2284 2307 2390 judi·

892 2441 977 2489 cum
992 2411 1200 2517 specialiter
1214 2409 1424 2496 declaratis;
1441 2437 1462 2483 a
1479 2437 1552 2515 qua
1565 2410 1771 2499 sentencia,
1786 2429 1979 2518 tamquam
1994 2412 2041 2488 ab
2057 2411 2200 2518 iniqua,
2215 2414 2306 2490 dicti

891 2544 945 2620 rei
960 2543 1007 2618 ad
1022 2559 1186 2618 nostram
1203 2540 1343 2616 curiam
1355 2539 1601 2644 appellarunt.
1615 2540 1738 2619 ludex
1749 2545 1837 2618 vero
1847 2542 2109 2648 appellationis
2120 2544 2302 2649 predicte,

891 2675 1089 2779 deputatus
1104 2700 1124 2747 a
1145 2670 1269 2758 nobis,
1289 2669 1517 2746 sentenciam
1536 2670 1738 2748 infirmavit
1754 2672 1979 2778 predictam,
1995 2701 2018 2749 a
2032 2699 2107 2778 qua
2119 2677 2306 2752 sentencia

890 2802 1147 2889 infirmatoria,
1164 2819 1355 2907 tamquam
1375 2800 1421 2876 ab
1445 2801 1591 2908 iniqua,
1608 2802 1803 2908 predictus
1817 2820 1921 2879 actor
1934 2803 1982 2879 ad
1998 2831 2086 2892 nos,
2103 2833 2181 2910 quo
2197 2833 2306 2912 supra

889 2936 1056 3025 nomine,
1069 2931 1266 3038 appellavit
1281 2931 1400 3010 :Visis
1415 2931 1725 3038 igiturtamdiete
1744 2961 1855 3010 cause
1874 2934 2089 3041 principalis
2099 2961 2214 3040 quam
2232 2937 2309 3014 dic-

887 3083 1009 3142 tarum
1026 3062 1325 3170 appellationum
1341 3063 1596 3169 processibus,
1611 3069 1680 3170 per'
1691 3065 1796 3142 curie
1807 3081 1935 3146 nostre
1946 3065 2133 3173 judicium
2149 3066 2222 3143 fnit
2236 3067 2309 3144 dic·

887 3214 969 3273 tum
986 3196 1083 3272 dicte
1100 3193 1314 3300 principalis
1330 3222 1438 3272 cause
1442 3193 1583 3300 judicis
1593 3194 1693 3272 bene
1699 3196 1905 3300 judicasse,
1919 3195 2141 3274 declarando
2147 3198 2210 3303 jus
2221 3223 2308 3302 ypo

886 3329 997 3404 thece
1012 3328 1052 3402 in
1069 3326 1181 3402 bonis
1196 3324 1374 3404 omnibus
1387 3325 1546 3430 predicti
1558 3327 1742 3404 lobannis
1754 3328 1803 3405 de
1814 3329 1969 3414 Boceto,
1988 3326 2183 3413 debitoris,
2200 3327 2305 3404 dicto

888 3458 1022 3544 actori,
1045 3454 1198 3532 nomine
1217 3480 1293 3562 quo
1313 3483 1439 3562 supra,
1459 3474 1690 3564 competere,
1709 3475 1748 3535 et
1763 3457 1887 3538 eidem
1907 3456 2021 3534 actori
2034 3455 2145 3533 reddi
2166 3456 2304 3536 dehere

887 3588 987 3666 bona
1006 3587 1164 3664 inferius
1186 3587 1392 3696 designata3
1415 3587 1526 3678 item,
1548 3590 1677 3666 omnia
1695 3588 1794 3666 bona
1813 3588 1884 3664 alia
1904 3589 1953 3664 de
1976 3567 2117 3694 quibus
2137 3586 2303 3697 legitime

888 3736 1055 3796 constare
1068 3718 1207 3824 poterit
1221 3717 1326 3825 quod
1345 3719 1385 3794 in
1404 3717 1515 3796 bonis
1531 3719 1621 3797 dicti
1640 3719 1820 3798 lobannis
1837 3737 1961 3797 essent
1974 3732 2145 3825 tempore
2164 3717 2304 3825 obliga-

887 3851 1004 3928 cionis
1019 3851 1207 3957 predicte,
1226 3849 1285 3926 vel
1304 3849 1504 3928 abeodem
1521 3852 1711 3939 lohanne,
1734 3851 2003 3958 undecumque
2020 3865 2060 3925 et
2073 3849 2303 3956 ubicumque

880 3981 1129 4088 *postmodum
1145 3979 1342 4087 acquisita,
1358 3996 1396 4057 et
1408 3980 1680 4088 quinquaginta
1692 3980 1808 4058 libras
1823 3981 2012 4058 bonorum
2031 3978 2302 4072 Morlanornm,

885 4113 1035 4190 racione
1056 4141 1299 4219 expensarum
1316 4141 1383 4219 per
1405 4114 1570 4191 eundem
1590 4111 1954 4190 actoremlactarum
1978 4111 2017 4187 in
2038 4111 2103 4188 lite
2121 4111 2300 4217 predicta,

886 4259 1133 4350 nostrumque
1154 4243 1470 4335 commissarium,
1496 4245 1536 4320 in
1557 4272 1666 4321 causa
1685 4243 1953 4350 appellacionis
1976 4243 2097 4348 prime
2117 4241 2301 4347 predicte,

887 4375 984 4450 male
996 4376 1278 4479 pronunciasse,
1293 4393 1329 4453 et
1342 4374 1597 4481 supradictum
1612 4391 1809 4453 actorema
1822 4375 1913 4452 dicti
1929 4373 2172 4452 commissarii
2186 4375 2303 4452 nostri

886 4505 1073 4584 sentencia
1092 4505 1189 4584 bene
1216 4499 1432 4613 appellasse.
1453 4508 1526 4584 Res
1543 4533 1632 4584 vero
1654 4506 1860 4613 dequibus
1879 4505 2000 4610 liquet
2016 4504 2123 4610 quod
2141 4521 2247 4581 erant
2264 4505 2304 4580 in

886 4637 997 4715 bonis
1015 4639 1194 4716 Johannis
1219 4639 1267 4715 de
1292 4641 1445 4727 Boceto,
1468 4638 1650 4716 debitoris
1669 4637 1845 4745 predicti,
1865 4654 2040 4742 tempore
2063 4635 2303 4742 obligacionis

884 4767 1068 4874 predicte,
1086 4784 1125 4843 et
1136 4795 1263 4844 aarum
1280 4769 1562 4876 designaciones
1575 4785 1667 4847 sunt
1679 4769 1765 4859 iste,
1781 4767 1970 4858 videlicet,
1987 4766 2148 4892 quplam
2163 4765 2302 4841 domus

885 4900 954 4974 sita
971 4897 1008 4974 in
1022 4897 1108 4974 villa
1121 4898 1340 4990 Condomii,
1357 4900 1457 4976 inter
1471 4899 1631 4978 domum
1652 4899 1839 4978 heredum
1856 4899 2032 5007 Symonis
2046 4897 2093 4976 de
2112 4894 2299 5005 Ligardis,

885 5057 929 5104 ex
942 5056 1016 5104 una
1033 5045 1150 5133 parte,
1168 5047 1205 5106 et
1219 5030 1394 5108 carrarias
1408 5028 1591 5137 publicas,
1605 5060 1650 5108 ex
1662 5030 1784 5109 trihus
1794 5029 1977 5136 partibus,
1991 5029 2178 5118 exaltem,
2191 5026 2299 5115 item,

884 5159 1020 5264 platea,
1043 5159 1111 5237 sita
1125 5161 1229 5268 juxta
1249 5161 1386 5237 dictam
1408 5160 1582 5250 domum,
1600 5161 1700 5238 inter
1720 5162 1875 5238 domum
1891 5159 2022 5240 Vitalis
2037 5160 2085 5236 de
2100 5158 2236 5247 Podio,
2258 5185 2302 5234 ex

884 5307 988 5395 parte
1004 5319 1093 5378 una,
1116 5308 1155 5368 et
1168 5290 1325 5368 domum
1342 5289 1539 5368 Guillelmi
1552 5290 1679 5381 Fabri,
1698 5320 1742 5370 ex
1756 5291 1849 5382 alia,¹
1865 5290 1976 5380 item,
1995 5289 2113 5368 borda
2131 5286 2297 5374 Boeanc,

883 5449 957 5526 que
978 5437 1034 5496 est
1054 5420 1092 5497 in
1114 5419 1272 5535 carreria
1292 5421 1369 5498 deu
1392 5422 1551 5511 Pecum;
1573 5422 1683 5510 item,
1704 5423 1810 5500 vinea
1831 5423 1879 5499 de
1899 5423 2090 5509 Sarranta,
2116 5416 2184 5496 sita
2202 5415 2302 5494 inter
