5817 7292
885 1132 957 1206 tao
1462 1130 1551 1203 tus
1584 1128 1725 1203 0t1ta.

659 1276 788 1329 annm
803 1274 845 1339 tv,
884 1271 991 1351 dium
1024 1270 1307 1377 condempnati3
1338 1284 1454 1379 quare
1484 1272 1662 1378 petebant
1691 1268 1913 1350 eorumdem
1941 1270 2303 1380 condempnatorum

721 1367 783 1409 nas.
883 1406 984 1484 bona
1003 1402 1074 1481 sibi
1095 1402 1317 1510 adjudicari,
1336 1418 1374 1481 et
1393 1402 1710 1509 impedimentum
1728 1420 1842 1510 super
1863 1400 1937 1480 hoc
1956 1403 2012 1481 eis
2029 1405 2242 1511 appositum
2262 1415 2307 1484 ex

884 1553 987 1643 parte
1007 1535 1196 1616 dictorum
1216 1535 1481 1643 religiosorum
1501 1553 1540 1613 et
1558 1535 1731 1623 dominc,
1753 1552 1791 1614 et
1808 1534 1927 1613 eciam
1949 1564 2105 1615 manum
2125 1548 2304 1627 nostram,

883 1686 1076 1775 tamquam
1095 1666 1314 1773 superioris,
1333 1666 1497 1743 indictis
1516 1664 1643 1759 bonis,
1659 1684 1814 1774 propter
1831 1666 2015 1747 debatum'
2030 1668 2216 1747 dictarum
2229 1699 2308 1777 par—

885 1801 1004 1892 cium,
1028 1798 1168 1880 ibidem
1190 1797 1414 1905 appositam,
1437 1797 1618 1887 amoveri,
1640 1814 1681 1875 et
1697 1798 1814 1877 eciam
1835 1799 1935 1877 dicta
1951 1798 2051 1878 hona
2072 1800 2307 1879 contenciosa

885 1932 957 2011 sibi
973 1929 1192 2023 deliberari;
1210 1929 1321 2015 dictis
1336 1928 1519 2038 religiosis
1535 1946 1574 2008 et
1587 1928 1759 2020 domina,
1775 1931 1933 2010 nomine
1946 1939 2150 2041 quo'supm
2167 1933 2206 2010 in
2222 1960 2307 2011 con-

884 2063 1039 2156 trarium
1060 2060 1273 2143 dicentibus
1297 2090 1336 2139 se
1358 2062 1462 2141 solos
1481 2088 1561 2139 csse
1586 2076 1625 2138 et
1645 2059 1760 2141 luisse
1784 2062 1824 2139 in
1848 2062 1983 2141 saisina
2002 2062 2075 2141 alte
2093 2064 2243 2172 justicie
2268 2064 2306 2139 in

886 2194 971 2272 villa
989 2193 1204 2273 dessabeuf
1224 2195 1322 2273 etin
1347 2193 1537 2275 territorio
1560 2193 1749 2303 ejusdem,
1771 2195 1853 2273 sine
1876 2184 2052 2273 societate
2077 2194 2244 2282 alterius,
2267 2211 2305 2270 et

801 2364 851 2423 ο,
886 2327 1003 2405 eciam
1021 2325 1185 2405 habendi
1203 2324 1443 2405 lorefacturas
1457 2354 1500 2403 ac
1514 2325 1737 2404 estraherias
1756 2344 1795 2406 et
1813 2354 1976 2435 mperes,
1994 2326 2144 2434 quando
2160 2325 2305 2403 contin·

887 2458 941 2567 git
957 2487 1018 2537 eas
1033 2459 1181 2537 evenire
1197 2458 1236 2535 in
1253 2457 1362 2537 dictis
1377 2456 1486 2548 locis;
1504 2456 1678 2537 dicebant
1693 2458 1811 2537 eciam
1826 2458 1931 2567 quod
1945 2444 2042 2535 dicta
2055 2455 2138 2535 loca
2150 2470 2305 2536 conten-

888 2591 984 2672 ciosa
1004 2606 1094 2667 sunt
1112 2590 1181 2665 sita
1201 2587 1294 2665 inlra
1316 2588 1500 2667 terminos
1514 2588 1666 2696 justicie
1691 2589 1790 2669 dicte
1809 2590 1912 2682 ville;
1934 2619 2049 2698 quare
2068 2580 2245 2696 petebant
2264 2613 2305 2665 se

877 2708 1027 2801 'absolvi
1039 2719 1086 2797 ab
1102 2719 1338 2827 impetitione
1352 2720 1519 2827 predicta
1534 2720 1667 2799 decani
1683 2738 1721 2801 et
1734 2722 1887 2830 capituli
1901 2722 2175 2831 predictorum,
2188 2736 2226 2798 et
2235 2719 2306 2796 im-

887 2850 1147 2960 pedin'tentum
1166 2879 1280 2957 super.
1298 2851 1373 2929 hoc
1393 2852 1446 2930 eis
1463 2852 1677 2959 appositum
1697 2882 1741 2932 ex
1759 2870 1867 2961 parta
1884 2852 2109 2933 eorumdem
2126 2850 2255 2929 decani
2270 2868 2307 2929 et

887 2981 1036 3091 capituli
1053 2982 1233 3075 amoveri,
1250 3000 1288 3060 et
1306 2983 1407 3063 bona
1422 2983 1652 3091 supradicta,
1669 2985 1789 3091 positia
1806 2984 1853 3063 ad
1868 2988 2033 3064 mdn'um'
2044 2999 2210 3063 nostram
2230 2984 2308 3060 tan-⁴

887 3144 999 3223 quam
1020 3112 1239 3218 superioris,
1259 3113 1298 3189 in
1315 3142 1430 3191 manu
1451 3114 1926 3226 dictomni'religiosorum
1943 3135 1982 3195 et
2001 3115 2155 3193 domine
2169 3112 2307 3193 debere

886 3247 975 3353 poni
996 3278 1004 3323 ε
1025 3243 1212 3331 Tandem,
1235 3243 1406 3351 inquesta
1425 3272 1539 3349 super
1558 3244 1633 3322 hiis
1652 3244 1764 3337 facta,
1784 3248 1859 3325 visa
1884 3264 1924 3324 et
1949 3246 2150 3354 diligenter
2172 3243 2307 3321 exami-

887 3394 989 3467 nata,
1003 3373 1090 3481 quia
1106 3373 1297 3452 inventum
1312 3392 1369 3453 est
1381 3373 1614 3453 sufficienter
1625 3376 1824 3483 probatum
1839 3376 1961 3455 dictos
1973 3376 2170 3483 religiosos
2183 3393 2222 3453 et
2234 3372 2306 3450 dic-

886 3526 964 3585 tam
983 3503 1191 3597 dominam,
1208 3504 1361 3583 nomine
1382 3535 1460 3617 quo
1480 3534 1610 3614 supra,
1628 3536 1708 3587 esse
1723 3525 1762 3586 et
1776 3507 1890 3586 luisse
1908 3507 1949 3583 in
1963 3506 2100 3586 saisina
2120 3506 2216 3583 dicte
2228 3504 2305 3582 ‘alte

813 3644 820 3655 '
881 3637 1032 3746 justicie
1048 3636 1087 3712 in
1104 3635 1201 3713 dicta
1220 3635 1307 3713 villa
1328 3653 1365 3713 et
1386 3638 1467 3747 ejus
1485 3638 1696 3728 territorio,
1713 3657 1751 3717 et
1770 3638 1887 3715 eciam
1906 3636 2075 3715 habendi
2093 3636 2235 3715 ibidem
2256 3664 2308 3714 ea

886 3768 1088 3847 traheriam
1104 3796 1146 3845 ac
1160 3765 1439 3860 forefactum,
1453 3768 1597 3848 decano
1614 3785 1653 3846 et
1667 3768 1832 3878 capitulo
1848 3769 2027 3877 predictis
2037 3768 2154 3847 nichil
2169 3769 2210 3845 in
2224 3796 2309 3846 con·

887 3901 1043 3978 trarium
1059 3899 1322 4006 probantibus,
1335 3918 1520 4007 qnantum
1536 3902 1583 3980 ad
1602 3901 1777 3979 saisinam
1792 3901 1865 3980 alte
1876 3900 2027 4011 justicie
2047 3930 2091 3979 ac
2105 3900 2308 3979 estrahcrie

886 4032 1139 4138 predictarum
1161 4032 1201 4109 in
1223 4031 1320 4110 dicta
1340 4031 1426 4109 villa
1451 4061 1519 4110 seu
1545 4032 1736 4112 territorio
1757 4031 1946 4143 ejusdem,
1967 4060 2036 4141 per
2057 4032 2159 4111 curie
2183 4047 2308 4110 nostre

883 4161 1087 4270 judicium,
1108 4162 1197 4241 dicti
1217 4162 1383 4272 religiosi
1405 4181 1442 4241 et
1461 4163 1629 4272 predicta
1649 4163 1819 4255 domina,
1842 4165 1998 4267 nomine
2017 4193 2095 4272 quo
2115 4175 2242 4271 supra,
2263 4163 2307 4241 ab

888 4294 1128 4401 impeticione
1141 4295 1306 4403 predicta
1323 4295 1453 4375 decani
1469 4313 1509 4375 et
1522 4294 1676 4406 capituli
1688 4297 1948 4404 predictorum
1962 4294 2124 4376 absoluti
2137 4294 2306 4386 suerunt;

888 4440 941 4515 et,
955 4425 1137 4530 peridem
1147 4426 1351 4535 judicium,
1370 4427 1514 4507 dictum
1527 4426 1598 4507 luit
1608 4429 1714 4537 quod
1729 4457 1863 4507 manns
1878 4446 2005 4508 nostra
2020 4428 2061 4505 in
2075 4426 2185 4507 dictis
2198 4426 2308 4506 honis

888 4557 1152 4648 contenciosis,
1162 4576 1316 4665 propter
1336 4558 1515 4640 debatum
1536 4558 1722 4638 dictarum
1737 4560 2119 4668 parcium,apposita,
2132 4576 2171 4637 et
2190 4559 2306 4636 eciam

887 4688 1204 4794 impedimentum
1227 4719 1338 4796 supcr
1356 4690 1430 4769 hoc
1454 4690 1565 4770 dictis
1589 4689 1774 4801 religiosis
1794 4708 1833 4769 et
1852 4691 2009 4769 domine
2029 4690 2239 4797 appositum
2261 4716 2306 4765 cx

886 4835 990 4925 parte
1005 4818 1194 4897 dictorum
1211 4820 1340 4899 decani
1355 4839 1393 4900 ct
1406 4821 1577 4929 capituli,
1590 4822 1878 4914 amovebuntur,
1891 4821 2036 4902 etbona
2050 4819 2307 4929 predictacon·

887 4966 1068 5042 tencrosa,
1080 4979 1154 5057 que
1167 4950 1321 5031 luerunt
1332 4952 1521 5032 dictorum
1534 4952 1675 5033 Mathei
1686 4952 1927 5063 etSymonis,
1940 4954 1977 5031 in
1989 4981 2104 5031 manu
2118 4950 2307 5030 dictorum

886 5078 1148 5189 religiosorum
1173 5101 1212 5161 et
1234 5082 1331 5161 dicte
1352 5084 1526 5175 domine,
1555 5085 1705 5164 racione
1731 5084 1866 5164 saisine
1899 5084 2086 5193 predicte,
2107 5099 2306 5191 ponentur,

886 5209 982 5287 salva
999 5210 1107 5290 dictis
1123 5213 1264 5292 decano
1282 5231 1322 5293 et
1336 5214 1499 5321 capitulo
1519 5244 1632 5324 super
1650 5217 1829 5324 predictis
1845 5217 2042 5323 questione
2058 5211 2304 5323 proprietatis.

942 5344 1048 5421 Luna
1067 5360 1154 5451 post
1171 5345 1320 5424 octabas
1339 5345 1578 5427 Candelose.‘
2048 5348 2051 5355 ’

941 5474 1114 5553 Bocellus
1133 5478 1347 5581 reportavit.
