5817 7292
923 1088 997 1161 662
1507 1080 1598 1153 LES
1623 1077 1763 1154 OLIM.

699 1240 828 1293 rernm
841 1238 883 1301 tv,
922 1223 1150 1307 Guillelmus
1167 1239 1204 1299 et
1221 1220 1284 1301 dii
1306 1222 1396 1299 socii
1412 1223 1471 1299 sui
1487 1219 1677 1299 debebant
1692 1218 1830 1296 ducere
1847 1214 1967 1291 dictos
1982 1215 2217 1304 trouesellos,
2236 1218 2342 1295 vide-

761 1330 823 1373 Μ’
923 1358 1011 1435 licet
1031 1384 1106 1463 per·
1117 1354 1360 1432 Matisconem
1381 1371 1419 1431 et
1436 1381 1506 1458 per
1522 1348 1747 1430 Sabnudiam
1768 1364 1807 1426 et
1825 1344 1959 1425 exinde
1974 1374 2043 1451 per
2062 1345 2245 1425 directum
2263 1378 2341 1426 mn-

923 1516 1039 1596 gnum
1055 1502 1094 1561 et·
1108 1482 1232 1592 regale
1246 1484 1318 1562 iter
1332 1483 1512 1561 usitatum
1524 1479 1562 1558 et
1572 1494 1798 1557 eonsuetum
1813 1504 1934 1582 usque
1947 1477 1997 1553 nd
2008 1476 2192 1555 civitatem
2206 1480 2340 1568 Saone,
2361 1582 2373 1593 .

924 1635 1036 1723 prout
1062 1616 1101 1693 in
1121 1614 1256 1693 litteris
1274 1612 1462 1695 Castelleti
1480 1610 1712 1699 Parisiensie,
1741 1636 1855 1715 super
1875 1607 1948 1685 hoc
1972 1607 2167 1699 consectis,
2197 1610 2346 1689 dicebat

922 1749 1073 1854 plenius
1088 1744 1289 1835 contineri,
1313 1761 1352 1821 et
1365 1772 1439 1821 unu
1455 1772 1542 1821 curn
1556 1742 1629 1819 hoc
1644 1741 1862 1818 ordinatum
1881 1754 1917 1815 et
1938 1740 2208 1819 concordatum
2225 1742 2345 1821 firemt

924 1882 1023 1958 inter
1042 1906 1108 1955 eos
1124 1876 1231 1983 quod
1251 1875 1373 1953 dictus
1388 1876 1505 1953 Caute
1518 1873 1686 1951 truderet
1699 1872 1754 1949 eis
1765 1900 1884 1948 uuum
1898 1868 2077 1947 tulletum
2091 1874 2160 1978 qui
2176 1874 2248 1953 iret
2257 1904 2342 1953 curn

925 2012 978 2088 eis
991 2026 1029 2087 et
1037 2007 1265 2087 conduceret
1277 2034 1342 2085 eos
1355 2024 1394 2083 et
1406 2005 1624 2084 ostenderet
1638 2003 1693 2081 eis
1712 2004 1785 2080 iter
1798 2031 1866 2082 seu
1883 2000 1983 2079 vitm
1996 2030 2064 2106 per
2077 2032 2173 2109 quos
2188 2004 2259 2112 ipsi
2275 2008 2344 2084 du-

925 2158 1052 2218 rerent
1065 2140 1185 2217 dictos
1202 2137 1437 2229 troussellos,
1452 2154 1492 2216 et
1505 2135 1608 2245 quod
1620 2134 1743 2214 diuus
1755 2132 1874 2211 Caute
1888 2131 1995 2209 dedit
2007 2133 2064 2209 eis
2074 2138 2275 2239 quemdem
2286 2138 2343 2214 se-

925 2271 1074 2348 muium
1092 2269 1245 2347 nomine
1261 2268 1455 2360 Martiam,
1472 2286 1510 2346 et
1527 2265 1634 2344 dedit
1647 2263 1773 2341 eidem
1785 2265 1931 2369 copiam
1945 2262 2022 2343 sire
2036 2265 2196 2343 vidimus
2215 2268 2340 2347 littere

925 2401 1115 2481 Castelleti
1146 2430 1258 2505 super
1279 2400 1352 2478 hoc
1376 2398 1488 2490 fecte,
1509 2415 1552 2475 ut
1575 2395 1716 2473 melius
1735 2412 1864 2501 posset
1880 2396 2025 2477 eisdem
2049 2398 2244 2478 ostendere
2268 2401 2343 2477 iter

928 2531 1164 2637 designatum
1178 2529 1218 2605 in
1233 2528 1342 2606 dictis
1355 2528 1507 2616 litteris,
1528 2544 1567 2604 et
1584 2524 1754 2633 precepit
1772 2524 1914 2603 eisdem
1934 2531 2040 2636 quod
2055 2529 2126 2636 ipsi
2152 2529 2251 2605 dicto
2271 2532 2343 2608 vei·

926 2662 1015 2751 leto,
1033 2662 1072 2737 in
1087 2658 1224 2737 itinere
1236 2658 1421 2751 faciendo,
1439 2660 1480 2735 in
1497 2658 1676 2736 omnibus
1689 2654 1908 2747 obedirem
1924 2660 2073 2739 dicebat
2091 2660 2210 2738 eciam
2222 2662 2343 2767 quod,

928 2791 1137 2870 secundum
1158 2790 1262 2897 quod
1281 2790 1508 2898 premissum
1523 2806 1594 2880 est,
1617 2785 1707 2864 dieti
1725 2790 1921 2865 vecturarii
1942 2808 2180 2871 recesserunt
2192 2792 2241 2870 de
2254 2794 2347 2870 Pari·

926 2924 1004 3001 sius
1026 2940 1064 2999 et
1087 2922 1330 3028 arripuerunt
1348 2922 1420 2999 iter
1438 2929 1552 2999 su'um
1572 2948 1659 2997 cunr
1679 2916 1781 2994 dicto
1804 2916 1940 2998 vellete
1963 2940 2002 2999 et
2021 2923 2062 2998 in
2082 2924 2272 3000 conductu
2296 2925 2347 3028 ip

927 3056 1005 3131 sius
1032 3052 1222 3130 duxerunt
1241 3052 1361 3131 dictos
1384 3052 1604 3131 troussellos
1624 3078 1692 3157 per
1717 3048 1959 3129 Matisconem
1984 3072 2025 3131 et
2044 3054 2288 3142 Sobaudiarn,
2309 3072 2375 3157 et„

929 3184 1062 3261 exinde
1083 3201 1184 3262 recto
1206 3212 1341 3291 magno
1367 3185 1482 3291 reguli
1506 3184 1643 3261 itinere
1666 3208 1794 3263 versus
1814 3185 1995 3277 Sionem,
2017 3184 2225 3261 secundum
2241 3184 2347 3289 quod

929 3314 1192 3421 prominerent,
1226 3330 1265 3390 et
1292 3314 1504 3392 secundum
1535 3313 1639 3419 quod
1676 3314 1799 3393 dictus
1835 3314 2007 3403 velletne,
2042 3314 2196 3389 nomine
2226 3312 2345 3417 ipsius

928 3446 1045 3521 Canto
1061 3460 1099 3521 et
1113 3443 1301 3521 sociorum
1318 3470 1492 3531 suorum,
1507 3444 1672 3521 ducebat
1684 3446 1859 3535 eosdem,
1874 3463 1912 3522 et
1924 3444 2025 3550 quod
2038 3443 2077 3518 in
2093 3442 2193 3519 dicto
2208 3442 2343 3519 itinere

927 3600 995 3680 per
1005 3572 1099 3651 dues
1111 3571 1234 3649 leucas
1246 3598 1364 3679 prope
1379 3572 1745 3665 Mortem-Aoum,
1763 3576 2003 3653 obviaverunt
2015 3575 2070 3651 eis
2080 3573 2209 3680 piures
2224 3572 2346 3649 homi·

928 3704 1054 3781 nesio
1073 3702 1185 3781 armis
1201 3703 1265 3810 qni
1287 3701 1463 3781 dicebant
1474 3703 1578 3810 quod
1598 3705 1723 3783 dictus
1741 3706 1860 3784 Cante
1882 3723 1922 3783 et
1936 3705 2027 3783 socii
2047 3704 2104 3782 sui
2122 3702 2348 3780 tenebantur

929 3834 1038 3911 eisin
1054 3832 1198 3940 magnis
1213 3834 1459 3941 pecuniarum
1474 3836 1648 3926 summis3
1662 3837 1727 3942 qui
1747 3837 1943 3925 homines,
1966 3864 2083 3913 manu
2102 3851 2259 3921 mate,
2280 3861 2350 3939 per

929 3964 1172 4053 violenciam,
1195 3982 1324 4042 contra
1337 3962 1569 4044 voluntatem
1591 3965 1778 4045 dictorum
1792 3968 2088 4045 reetmariorum
2112 3964 2254 4043 etdieti
2273 3964 2349 4040 val-

931 4096 1014 4185 teti,
1038 4110 1220 4199 ceperunt
1242 4094 1362 4173 dictos
1387 4095 1609 4184 trousseiios
1627 4112 1666 4173 et
1691 4097 1731 4173 in
1751 4097 1852 4176 dicto
1872 4115 1993 4176 cestro
2014 4099 2061 4174 de
2081 4096 2347 4174 Monte-Acuto

931 4225 1139 4313 duxerunn
1160 4225 1263 4305 unde
1288 4252 1375 4302 cum
1402 4225 1526 4304 dictus
1545 4226 1773 4306 Guilleirnus
1791 4227 1987 4316 Gesoonis,
2013 4244 2057 4305 ut
2070 4226 2151 4332 ipse
2179 4224 2345 4310 dioebnt,

931 4374 969 4434 et
987 4355 1076 4434 dieti
1098 4358 1188 4435 socii
1208 4358 1266 4435 sui
1280 4356 1380 4435 bene
1399 4373 1438 4435 et
1456 4356 1687 4435 sufficienter
1699 4358 1876 4438 fecissent
1889 4360 1938 4436 de
1954 4356 2147 4467 premissis
2160 4354 2349 4462 quod‘sua

931 4488 1122 4577 intererat,
1139 4488 1345 4567 secundum
1361 4490 1466 4596 quod
1486 4489 1751 4595 promiserant,
1772 4508 1810 4569 et
1826 4519 1896 4599 per
1911 4489 2050 4567 factum
2067 4486 2158 4564 dicti
2177 4486 2296 4565 Caute
2311 4502 2349 4561 et
2406 4492 2412 4499 “

931 4617 1119 4697 sociorum
1134 4643 1287 4697 suorum
1305 4618 1394 4697 dicti
1408 4618 1571 4697 trosselli
1585 4620 1682 4727 cepti
1691 4619 1850 4698 fuissent
1862 4620 1901 4697 in
1914 4635 2018 4697 recto
2032 4618 2168 4695 itinere
2183 4632 2221 4693 et
2231 4640 2346 4721 prope

933 4749 1092 4827 saonam
1105 4778 1173 4856 per
1185 4766 1264 4828 tres·
1281 4750 1415 4842 dietas,
1436 4752 1517 4829 sine
1537 4749 1634 4829 sacto
1654 4767 1693 4828 et
1714 4750 1822 4858 culpa
1842 4752 2010 4857 ipsorum
2035 4746 2343 4832 vecturariorum,

932 4880 1080 4959 dicebat
1103 4879 1225 4959 dietus
1242 4882 1475 4961 Guillelmus
1491 4911 1531 4961 se
1550 4882 1598 4960 ab
1618 4881 1860 4990 impeticione
1880 4880 1998 4989 ipsius
2019 4880 2154 4967 Came,
2177 4903 2243 4983 per
2261 4902 2348 4953 sen·

930 5012 1093 5087 tensium
1109 5010 1197 5088 dicti
1213 5014 1410 5120 prepositi,
1428 5013 1568 5092 debere
1587 5012 1743 5103 absolvi,
1761 5029 1800 5091 et
1814 5008 2056 5121 pronunciari
2075 5008 2217 5085 dimum
2230 5006 2349 5085 cante

933 5141 1069 5249 injuste
1088 5157 1126 5217 et
1144 5141 1224 5219 sine
1241 5172 1350 5221 causa
1366 5144 1489 5250 ipsum
1509 5160 1548 5221 et
1562 5143 1664 5222 bono
1679 5172 1746 5221 sua
1765 5143 1895 5222 fecisse
1913 5140 1993 5247 oapi
2014 5155 2053 5216 et
2068 5137 2241 5216 menni
2258 5152 2296 5213 et
2309 5136 2351 5215 in

931 5270 1095 5378 prisione
1114 5274 1259 5351 firmate
1285 5273 1463 5365 detineri,
1490 5290 1530 5351 et
1556 5272 1681 5381 ipsum
1703 5293 1740 5351 et
1757 5274 1858 5353 bons
1882 5292 1949 5350 sue
1969 5270 2110 5347 debere
2131 5267 2349 5357 deliberari,

934 5421 972 5480 et
992 5403 1135 5483 dictum
1156 5404 1273 5483 Cente
1295 5404 1421 5483 eidem
1443 5405 1483 5481 in
1505 5404 1677 5511 dampnis
1699 5422 1738 5483 et
1761 5392 1932 5510 expensis
1946 5428 2064 5509 quos,
2086 5401 2237 5478 meione
2260 5398 2351 5475 dicti
