5817 7292
867 1063 914 1132 32
1443 1051 1534 1129 LES
1564 1056 1704 1130 0th.

643 1206 770 1268 verrinis
782 1206 828 1270 lv.
865 1231 945 1282 non
965 1203 1101 1290 existit,
1124 1203 1163 1280 in
1186 1198 1338 1308 pacifica
1356 1198 1606 1306 possessione,
1626 1196 1685 1275 vel
1704 1198 1809 1305 quasi
1830 1197 2063 1305 percipiendi
2084 1197 2204 1280 dictos
2224 1199 2283 1276 di-

702 1305 765 1348 ¹²⁹⁹'
867 1334 992 1412 nerios
1016 1361 1081 1410 seu
1101 1334 1387 1440 procuraciones
1405 1362 1427 1409 a
1447 1332 1623 1442 gentibus
1643 1329 1779 1408 nostris
1804 1329 2020 1407 tenentibus
2038 1328 2161 1439 regale
2186 1331 2284 1411 dicte

866 1465 986 1556 sedis,
1009 1463 1087 1571 ipsa
1112 1481 1279 1556 vacante,
1306 1480 1343 1541 et
1369 1462 1486 1541 eciam
1508 1462 1625 1541 dictas
1643 1460 1801 1568 pecunie
1821 1460 2061 1566 quantitates,
2083 1478 2285 1568 autequam

867 1596 983 1672 eciam
1006 1594 1172 1703 sigillum
1194 1593 1361 1672 officialis
1388 1593 1574 1701 Sagiensis
1602 1592 1718 1699 aliqui
1742 1590 1897 1680 valeret,
1926 1619 1996 1698 pro
2022 1591 2101 1668 suis
2126 1593 2288 1670 servieu-

865 1725 983 1812 tibus,
1011 1725 1197 1832 usquead
1216 1724 1390 1804 ultimam
1414 1724 1650 1802 vacacionem
1684 1723 1783 1800 dicte
1809 1723 1925 1813 sedis,
1954 1722 2060 1830 cujus
2083 1724 2287 1803 vacacionis

863 1871 1053 1960 tempore,
1075 1872 1205 1962 gentes
1227 1872 1353 1932 nostre
1373 1871 1544 1932 tenentes
1562 1853 1685 1963 regale
1707 1854 1805 1931 dicte
1825 1852 1924 1930 sedis
1942 1853 2148 1960 sagiensis,
2171 1854 2279 1932 dictis

865 1985 980 2092 priori
1004 2001 1042 2063 ct
1065 1985 1227 2093 capitulo
1252 1985 1394 2064 solvere
1420 1985 1539 2063 dictos
1564 1984 1729 2062 dinerios
1750 2011 1817 2060 seu
1836 1985 2124 2089 procuraciones
2144 2004 2183 2062 et
2200 2013 2286 2092 pre·

868 2117 984 2195 dictas
1001 2118 1160 2223 pecunie
1186 2117 1412 2224 quantitates
1436 2145 1505 2225 pro
1530 2115 1606 2192 suis
1630 2115 1892 2208 servientibus,
1915 2115 2163 2222 denegarunt,
2185 2116 2286 2222 ipsos

867 2249 983 2324 sicin
1014 2277 1081 2326 sua
1106 2244 1258 2355 pacifica
1285 2248 1517 2354 possessione
1542 2245 1602 2325 vel
1627 2244 1731 2354 quasi
1758 2245 2030 2353 perturband03
2057 2274 2101 2322 cx
2129 2245 2283 2323 adverso

865 2407 953 2456 vcro
972 2397 1103 2485 gentes
1122 2397 1268 2469 nostre,
1284 2408 1353 2486 pro
1368 2376 1477 2456 nobis
1493 2397 1530 2456 et
1546 2378 1701 2456 nomine
1719 2395 1864 2468 nostra,
1882 2375 2116 2454 affirmabant
2134 2403 2203 2454 nos
2218 2405 2287 2482 per

866 2526 996 2614 gentes
1022 2527 1165 2588 nostras
1190 2537 1269 2587 esse
1295 2526 1333 2585 et
1355 2508 1471 2586 fuisse
1495 2538 1516 2584 a
1539 2526 1711 2615 tempore
1729 2536 1751 2582 a
1770 2534 1847 2614 quo
1867 2534 1945 2583 non
1966 2523 2064 2584 extat
2085 2508 2284 2596 memoria,

866 2639 905 2712 in
925 2637 1156 2744 possessione
1177 2639 1322 2717 levandi
1350 2656 1388 2716 et
1408 2639 1609 2747 colligendi
1629 2636 1752 2744 regale
1770 2638 2004 2743 episcopatus
2028 2635 2176 2743 prefati,
2206 2636 2288 2715 abs·

867 2797 941 2874 que
971 2769 1163 2848 solucione
1193 2769 1427 2847 dineriorum
1454 2799 1523 2847 seu
1548 2769 1861 2873 procuracionum
1881 2766 2050 2844 lacienda
2070 2784 2109 2844 et
2126 2768 2286 2872 pecunie

865 2900 1117 3006 predictarum
1136 2900 1384 3006 quantitatum
1406 2927 1476 3006 pro
1496 2897 1742 2976 servientibus
1756 2897 1892 3004 prioris
1908 2913 1945 2972 ct
1966 2895 2119 3002 capituli
2140 2897 2288 3006 predic-

865 3049 1020 3110 torum:
1041 3033 1229 3118 Tandem,
1252 3031 1326 3112 visa
1351 3032 1513 3138 quadam
1541 3031 1726 3136 inquesta,
1750 3029 1796 3106 de
1817 3029 1993 3106 mandato
2020 3047 2148 3107 nostro
2176 3059 2289 3136 super

866 3161 939 3239 hoc
958 3161 1068 3249 lacta,
1089 3162 1176 3237 visis
1196 3161 1312 3238 eciam
1332 3159 1637 3237 attestacionihus
1657 3188 1772 3264 super
1791 3160 1863 3236 hoc
1882 3160 2094 3266 productis,
2113 3161 2286 3267 inspectis

795 3369 797 3374 ,
867 3291 984 3366 eciam
1006 3289 1234 3395 quibusdam
1251 3290 1358 3366 cartis
1374 3317 1419 3365 ex
1437 3308 1541 3395 parte
1560 3292 1726 3395 ipsorum
1741 3289 1877 3395 prioris
1891 3306 1929 3366 et
1948 3289 2100 3397 capituli
2120 3291 2284 3396 produc·

865 3420 928 3507 tis,
952 3436 989 3496 et
1009 3419 1184 3496 omnibus
1208 3418 1408 3525 diligenter
1435 3419 1651 3496 examinatis
1670 3448 1744 3526 qne
1770 3420 1912 3497 curiam
1937 3448 2087 3498 movere
2106 3415 2287 3526 'poterant

867 3567 904 3630 et
924 3548 1114 3627 debebant
1140 3549 1178 3624 in
1210 3547 1397 3628 decisione
1427 3550 1532 3644 dicte,
1546 3579 1675 3638 cause,
1707 3577 1775 3657 per
1802 3551 1903 3627 curie
1931 3568 2057 3630 nostre
2077 3548 2284 3656 judicium,

866 3682 1157 3788 pronunciatum
1173 3680 1294 3758 extitit
1308 3681 1407 3787 ipsos
1421 3681 1587 3786 priorem
1605 3700 1643 3758 et
1658 3681 1867 3788 capitulum
1882 3682 1922 3758 in
1936 3711 2002 3759 sua
2018 3679 2186 3786 predicta
2198 3709 2287 3788 pos—

866 3811 1030 3892 sessione
1050 3811 1109 3890 vel
1129 3812 1235 3917 quasi
1253 3810 1407 3917 pacilica
1432 3813 1571 3890 debere
1596 3839 1808 3905 remanere,
1831 3827 1869 3888 et
1888 3811 2201 3918 impedimentum
2222 3842 2288 3919 ap·
2402 3891 2406 3899 ,

866 3942 1031 4048 positum
1047 3969 1160 4048 super
1177 3942 1250 4019 hoc
1265 3971 1333 4047 per
1347 3958 1478 4050 gentes
1492 3960 1639 4020 nostras
1651 3971 1732 4020 esse
1747 3943 2013 4032 amovendum,
2031 3943 2132 4020 etde
2149 3943 2287 4052 vigenti

868 4073 1022 4152 dineriis
1037 4101 1105 4150 seu
1120 4073 1470 4179 procuracionibus,
1484 4072 1549 4178 qui
1570 4072 1628 4150 vel
1647 4102 1721 4180 que
1745 4091 1950 4152 evenerunt
1963 4091 2134 4182 tempore
2151 4073 2283 4154 ultime

865 4204 1086 4296 vacacionis,
1102 4203 1172 4281 sibi
1195 4232 1263 4310 per
1281 4220 1411 4310 gentes
1427 4220 1574 4281 nostras
1588 4232 1665 4281 non
1687 4204 1832 4298 solutis,
1849 4233 1929 4284 esse
1943 4206 2145 4284 solvendis.
2163 4207 2289 4300 Quan-

865 4351 948 4409 tum
983 4361 1071 4411 vero
1100 4333 1149 4410 ad
1179 4332 1353 4410 saisinam
1385 4333 1681 4440 supradictarum
1711 4335 1869 4440 pecunie
1898 4338 2164 4442 quantitatum,
2192 4365 2287 4443 quas

867 4461 970 4538 idem
990 4463 1094 4569 prior
1113 4479 1151 4538 et
1170 4461 1375 4567 capitulum
1394 4492 1463 4568 pro
1488 4464 1565 4542 suis
1584 4465 1830 4546 servientibus
1848 4467 2041 4572 petebant,
2058 4466 2285 4573 pronuncia-

866 4607 948 4668 tum
970 4619 1039 4698 per
1061 4591 1163 4668 idem
1192 4591 1295 4668 curie
1320 4609 1445 4670 nostre
1471 4594 1660 4702 judicium
1684 4599 1804 4676 extitit
1828 4598 2037 4705 sepedictus
2059 4595 2224 4702 priorem
2250 4610 2287 4669 et

869 4720 1074 4827 capitulum
1096 4720 1214 4799 nichil
1234 4721 1465 4802 sufficienter
1483 4725 1671 4832 probasse.

922 4987 1013 5066 ΧΗ.
1044 4989 1143 5066 Cum
1164 4990 1360 5098 episcopus
1374 4991 1586 5071 Briocensis
1601 5011 1829 5101 conquestus
1843 4990 1977 5071 luisset
1992 4989 2039 5068 de
2058 4989 2286 5098 quibusdam

868 5116 1017 5225 injuriis
1037 5136 1075 5198 et
1095 5118 1268 5228 dampnis
1287 5123 1359 5202 sibi
1380 5139 1418 5202 et
1437 5125 1515 5202 suis
1533 5123 1710 5234 gentibus
1733 5125 1846 5203 illatis
1871 5153 1940 5231 per
1958 5124 2159 5202 servientes
2178 5121 2287 5200 balli-

869 5248 904 5324 vi
928 5248 1248 5346 Constanciensis,
1278 5283 1346 5360 per
1366 5257 1546 5334 cumdem
1569 5256 1751 5334 ballivum
1774 5255 1971 5361 deputatos
1990 5254 2038 5332 ad
2058 5253 2282 5361 capiendum

871 5395 907 5455 et
938 5380 1224 5486 explectandum
1258 5383 1358 5462 bone
1387 5387 1609 5492 temporalia
1636 5385 1752 5492 ipsius
1779 5386 1962 5494 episcopi,
1984 5386 2104 5494 posita
2130 5386 2180 5465 ad
2210 5414 2287 5463 ma·
