5817 7292
864 1104 913 1177 nt
1291 1159 1312 1185 „
1442 1102 1542 1179 LES'
1563 1101 1704 1177 Oblbi.

637 1258 767 1311 ruiense
780 1254 822 1316 1v,
861 1245 1030 1327 tribuere
1053 1244 1105 1331 in,
1119 1244 1325 1351 premissis,
1351 1262 1389 1323 et
1412 1245 1569 1355 pignore
1591 1246 1719 1354 ipsius·
1732 1244 1882 1325 Girardi
1908 1255 2064 1353 propter
2085 1246 2160 1325 boc
2176 1266 2286 1355 cepta

700 1348 761 1389 Μ’
861 1407 929 1485 per
952 1376 1074 1457 dictos
1098 1377 1280 1483 majorem
1306 1394 1343 1457 et
1361 1377 1506 1485 juratos
1529 1406 1599 1487 per
1623 1406 1693 1457 nos
1716 1375 1819 1460 dicto
1837 1375 1999 1456 Gimrdo
2020 1376 2070 1457 ad
2086 1378 2286 1457 recreden·

861 1510 958 1589 ciam
984 1510 1069 1587 data
1088 1525 1126 1585 et
1150 1508 1189 1585 in
1215 1535 1329 1587 menn
1353 1529 1481 1589 nostre
1501 1523 1681 1619 tnnqunm
1707 1508 1911 1615 superioris
1934 1509 2071 1616 posite,
2097 1508 2201 1616 opud
2223 1536 2287 1588 eos

860 1628 993 1749 reponi
1014 1657 1053 1718 et
1065 1668 1219 1717 manum
1235 1668 1370 1719 eorum
1391 1640 1566 1749 deligari,
1584 1656 1628 1718 ut
1641 1640 1788 1746 possint
1805 1638 1949 1720 dictum
1963 1638 2168 1718 Girardum
2184 1663 2288 1719 oom-

860 1772 1001 1881 pellere
1026 1773 1073 1849 nd
1100 1770 1425 1853 contribucionem
1451 1771 1681 1877 predicteme
1706 1770 1844 1850 eodem
1869 1770 2032 1851 Girerdo
2055 1770 2287 1851 cocenim

861 1920 1063 1992 asserente,
1088 1919 1128 1981 et
1152 1903 1301 1983 dicente
1321 1931 1361 1979 se
1381 1928 1464 1981 esse
1485 1901 1754 1990 monetarium,
1771 1931 1835 1991 nc,
1853 1902 1990 1981 virtuts
2010 1918 2048 1980 et
2065 1878 2286 1981 tinctoritate

859 2035 1141 2144 privilegiorum
1161 2064 1181 2113 a
1200 2034 1314 2113 nobis
1329 2034 1551 2115 monetariis
1571 2061 1837 2113 concessorum
1855 2050 1896 2111 et
1913 2032 1996 2111 diis
2012 2033 2231 2113 rosionibus
2246 2062 2286 2113 se

860 2166 909 2247 ad
926 2166 1107 2274 premissa
1127 2189 1206 2247 non
1224 2166 1367 2247 teneri:
1383 2166 1572 2253 Tandem,
1593 2192 1709 2272 super
1726 2163 1892 2243 articulis
1910 2164 2097 2244 diensem
2116 2165 2286 2273 porcium

860 2299 949 2377 hinc
969 2298 1058 2389 inde
1078 2298 1116 2377 in
1137 2298 1241 2383 curis
1256 2310 1386 2397 nostre
1399 2325 1517 2407 super
1533 2296 1728 2403 premissis
1740 2296 1906 2383 truditis,
1926 2296 2099 2405 inquesta
2117 2296 2166 2375 de
2186 2324 2287 2373 rnen·

862 2432 949 2509 dato
966 2446 1095 2511 nostro
1108 2429 1202 2509 seen
1218 2428 1501 2536 seponendum
1516 2444 1683 2507 nostram
1698 2428 1775 2505 vise
1789 2445 1828 2505 et
1841 2427 2043 2536 diligentes
2056 2427 2283 2516 ‘examinum

860 2561 947 2639 visis
962 2562 1082 2639 eciam
1102 2560 1304 2667 privilegiis
1325 2576 1362 2635 et
1375 2558 1512 2637 litteris
1526 2559 1723 2666 utriusque
1738 2560 1871 2665 pertis,
1887 2586 1957 2666 per
1969 2558 2075 2635 curie
2089 2550 2214 2637 nostre
2225 2559 2289 2666 ju-

861 2692 1020 2781 dicium,
1048 2691 1191 2770 dictum
1218 2706 1257 2769 et
1282 2691 1576 2797 pronunciatum
1603 2690 1725 2769 extitit
1745 2690 1893 2771 dictum
1918 2690 2122 2769 Gircrdurn
2149 2688 2289 2767 coutri-

859 2822 976 2902 buere
1002 2822 1158 2912 debere,
1183 2840 1271 2901 cum
1294 2822 1436 2901 civibus
1459 2822 1556 2902 dicte
1580 2821 1877 2909 communitatis,
1901 2821 1941 2897 in
1961 2820 2154 2899 solucione
2178 2845 2288 2898 conse

860 2954 1044 3061 predicte,
1073 2955 1306 3061 eosdemque
1330 2954 1426 3031 cives
1452 2982 1532 3031 esse
1559 2954 1599 3031 in
1624 2953 1758 3031 saisina
1787 2954 1933 3031 dictum
1957 2950 2164 3032 Girardum
2187 2975 2289 3029 oons-

860 3086 1028 3193 peilcndi
1048 3086 1287 3166 contribuere
1308 3114 1394 3163 cum
1413 3084 1526 3162 dictis
1542 3084 1688 3163 civibus
1704 3085 1746 3161 in
1761 3084 1866 3161 ‘dicte
1881 3112 1997 3161 oense
2017 3083 2289 3170 concinnens

861 3220 1017 3327 pignora
1043 3217 1131 3298 dicti
1159 3216 1308 3295 Girardi
1334 3245 1402 3323 pro
1424 3216 1616 3325 premissis
1642 3232 1748 3322 capte
1771 3216 1875 3325 apud
1901 3214 2021 3293 dictos
2042 3214 2226 3323 majorem
2252 3230 2290 3291 et

859 3351 1004 3457 juratos
1021 3349 1071 3427 ad
1090 3347 1210 3428 tinem.
1223 3349 1436 3455 predictum
1455 3347 1597 3425 debere
1615 3346 1761 3453 reponi.

920 3481 1049 3559 Martis
1061 3498 1148 3587 pest
1165 3478 1515 3561 denunciationem
1534 3477 1704 3558 Domini.

921 3612 1152 3692 Rosselletus
1169 3612 1383 3720 reportavit.

920 3876 1028 3953 XLII.
1061 3876 1157 3955 Cum
1175 3876 1289 3954 abbas
1304 3892 1343 3953 et
1357 3893 1563 3953 conventus
1578 3872 1796 3952 monasterii
1810 3870 2028 3950 Seiintenn's
2049 3868 2160 3947 nobis
2174 3867 2292 3974 signi-

863 4004 1035 4085 ficassent
1048 4008 1166 4117 quod,
1185 4037 1272 4085 cum
1289 4006 1518 4086 Guillelmus
1535 3989 1582 4081 de
1598 4001 1798 4096 Fontibus,
1813 4000 1964 4110 bajulus
1974 3999 2129 4107 peringii
2145 3999 2192 4078 de
2208 3997 2291 4076 sat-

863 4138 956 4227 leto,
984 4138 1196 4217 communis
1226 4138 1324 4214 inter
1351 4165 1421 4214 nos
1448 4153 1485 4213 et
1512 4135 1613 4242 ipsos
1638 4133 1852 4243 religiosos,
1882 4159 2072 4209 unacum
2098 4130 2290 4209 Bemardo

863 4270 1027 4360 Breban,
1044 4271 1126 4378 ejus
1140 4269 1341 4360 serviente,
1361 4268 1461 4347 irent
1479 4294 1545 4374 per
1556 4266 1684 4345 villam
1704 4267 1752 4343 de
1773 4263 1914 4343 Saliato
1925 4261 2205 4371 perquirentes,
2220 4288 2291 4368 pro

865 4401 1051 4507 capiendo
1068 4398 1328 4481 malefectores
1351 4399 1537 4507 quosdam
1561 4400 1631 4505 qui
1655 4396 1842 4477 meleficia
1867 4396 2033 4505 quedam
2058 4392 2293 4474 commisisse

866 4531 1098 4626 dicebantur,
1124 4533 1268 4611 ibidem
1293 4530 1469 4611 consules
1494 4532 1665 4639 ejusdem
1685 4529 1774 4609 vidle
1793 4558 1863 4607 sen
1880 4545 2011 4637 gentes
2030 4552 2182 4615 eorum,
2201 4550 2292 4600 eum

865 4664 1112 4771 complicibus
1130 4665 1375 4756 eorumdem,
1403 4664 1505 4770 ipsos
1522 4661 1696 4770 bajulum
1719 4680 1760 4739 et
1782 4661 2006 4739 seruientem
2023 4655 2208 4733 violenter
2230 4680 2291 4729 ce-

864 4814 1018 4902 perunt,
1040 4796 1138 4891 mele
1157 4813 1424 4885 tractaverunt,
1448 4809 1487 4873 et
1505 4822 1634 4873 secum
1650 4812 1777 4901 capnos
1791 4785 2184 4893 sacrandosque
2196 4810 2292 4860 eon·

865 4926 966 5008 sules
982 4928 1025 5007 in
1043 4928 1160 5007 domo
1182 4926 1398 5005 consulatus
1416 4952 1553 5003 comm
1576 4926 1679 5032 ipsm
1698 4924 1943 5003 detinuerunt
1962 4934 2089 5025 captos
2104 4944 2177 5023 per
2198 4914 2292 4991 duas

865 5077 994 5139 noctes
1018 5076 1056 5137 et
1075 5088 1190 5139 unam
1211 5057 1332 5147 diem,
1356 5056 1522 5164 ideoque
1543 5073 1718 5163 peterent
1737 5054 1920 5162 precb‘cte,
1942 5065 2020 5126 tom
2043 5046 2157 5126 nobis
2175 5070 2291 5152 quem

864 5191 955 5298 ipsis
973 5191 1175 5298 religiosis,
1191 5190 1407 5277 emenderi3
1429 5205 1471 5268 et·
1486 5218 1507 5265 e
1521 5206 1657 5269 *contra
1677 5187 1767 5265 dicti
1787 5181 1977 5270 consules,
1998 5178 2047 5257 ed
2068 5177 2127 5256 sui
2146 5173 2293 5255 deffen-

864 5326 1025 5411 sionem,
1044 5336 1303 5429 proponerent
1324 5320 1430 5429 quod
1441 5318 1636 5429 quidquid
1650 5319 1690 5395 in
1703 5316 1800 5397 fecto
1815 5311 2038 5421 hujumodi
2045 5334 2119 5417 ‘pec
2132 5309 2237 5416 ipsos
2245 5322 2293 5383 et

865 5473 997 5559 gentes
1013 5474 1149 5533 omnm
1170 5451 1309 5531 iactum
1326 5450 1464 5542 fueret,
1487 5452 1558 5561 ipsi
1575 5451 1740 5529 fecerant
1749 5447 1907 5555 justeet
1925 5443 2041 5534 iicite,
2056 5457 2102 5519 et
2114 5441 2202 5551 jure
2221 5466 2292 5518 suo
