5817 7292
864 1174 935 1250 ldlt
1445 1176 1537 1248 Lus
1567 1174 1704 1248 OLlM.

632 1334 762 1385 nussim
774 1328 819 1391 tv,
858 1317 932 1397 bus
960 1316 1175 1409 antedictis,
1204 1316 1365 1424 visisque
1396 1316 1634 1424 processibus
1660 1316 1759 1392 dicte
1784 1342 1911 1405 cause,
1940 1323 2090 1393 necnon
2114 1318 2285 1424 judicato

692 1422 756 1465 Μ’
859 1449 1047 1558 predicto,
1070 1476 1113 1525 ac
1135 1448 1300 1557 registris
1320 1447 1514 1527 Castelleti
1532 1446 1749 1525 Parisiensis
1767 1446 1887 1537 lactis,
1910 1476 2024 1554 super
2042 1447 2284 1528 ordinacione

858 1579 1072 1658 officiorum
1097 1580 1375 1686 predictorum,
1395 1608 1465 1687 per
1478 1580 1668 1689 judicium
1688 1595 1816 1657 nostre
1841 1579 1960 1670 curie,
1989 1578 2134 1657 dictum
2154 1578 2228 1657 fuit
2248 1600 2286 1658 et

856 1711 1149 1818 pronunciatum
1163 1710 1285 1817 quod,
1305 1710 1476 1818 predicta
1493 1708 1749 1818 appellacione
1768 1710 1817 1789 ad
1832 1709 2019 1790 nichilum
2033 1711 2170 1818 posita,
2186 1740 2282 1819 >pre-

856 1842 956 1921 dicta
978 1842 1134 1951 registra
1152 1840 1387 1919 tenebuntur
1406 1842 1666 1948 predictorum
1689 1842 2005 1934 ministeriorum,
2020 1858 2098 1919 tans
2116 1842 2285 1921 sellario-

854 2003 941 2052 rum
961 2002 1075 2081 quam
1093 1972 1377 2064 lormariorum,
1400 1972 1557 2051 cuilibet
1576 2001 1646 2051 suo
1666 1971 1789 2051 officio
1809 1998 2052 2065 remansuro,
2071 1975 2281 2052 secundnm

852 2106 1110 2213 predictorum
1138 2103 1385 2215 mgistrorum
1412 2120 1601 2195 tenorem,
1633 2130 1703 2211 per
1731 2104 1890 2181 eandem
1921 2103 2280 2212 pronunciacionem

855 2237 1087 2315 declarantes
1105 2236 1226 2343 quod,
1249 2233 1338 2312 licet
1359 2234 1449 2312 dicti
1474 2234 1630 2326 sellarii,
1652 2236 1711 2313 sui
1733 2234 1845 2312 officii
1864 2235 2032 2325 racione,
2055 2236 2276 2342 pectoralia,

855 2368 1063 2447 estrivcrias
1080 2382 1119 2444 et
1134 2364 1291 2443 culerias
1312 2364 1359 2443 de
1382 2364 1535 2443 duobus
1555 2365 1668 2443 coriis
1687 2394 1797 2443 suere
1822 2364 2079 2471 nonpossint,
2101 2393 2172 2442 nec
2194 2369 2281 2443 stri·

854 2498 949 2607 giles
969 2526 1037 2575 seu
1057 2498 1226 2588 estrivos,
1249 2494 1444 2585 bucculas,
1467 2496 1674 2586 mordacia,
1695 2524 1828 2604 cappas
1845 2515 1915 2575 seu
1934 2495 2056 2574 clavos
2074 2494 2195 2573 lacere
2214 2515 2283 2574 aut

854 2628 1053 2718 fabricare,
1071 2628 1142 2735 ipsi
1161 2644 1288 2705 tamen
1303 2628 1471 2734 predicta
1491 2629 1634 2722 omnia,
1651 2630 1682 2706 si
1698 2628 1774 2706 sint
1785 2628 1887 2707 hona
1901 2644 1941 2705 et
1959 2626 2113 2735 legalia,
2134 2655 2279 2718 emere,

854 2761 1048 2868 acquirere
1064 2788 1132 2839 seu
1151 2760 1291 2837 habere
1306 2778 1499 2867 poterunt,
1520 2761 1731 2839 secuudum
1743 2760 1851 2867 quod
1870 2759 1966 2837 dicta
1983 2759 2139 2867 registra
2160 2757 2283 2836 decla·

757 2892 759 2901 ⁴
854 2908 955 2981 rant,
978 2908 1016 2969 et
1032 2920 1075 2969 ea
1096 2892 1136 2968 in
1156 2891 1259 2970 sellis
1280 2908 1319 2970 et
1336 2892 1453 2971 hastis
1472 2892 1551 2971 suis
1563 2882 1726 3000 ponere,
1746 2892 1887 2969 clavate
1903 2907 1941 2968 et
1959 2889 2094 2979 rivere,
2117 2906 2157 2967 et
2172 2888 2283 2967 sellas

854 3040 892 3101 et
910 3022 1014 3101 basta
1029 3052 1098 3101 sna
1112 3052 1156 3101 ex
1174 3024 1228 3103 eis
1245 3024 1395 3101 munire
1413 3040 1451 3101 et
1468 3052 1667 3131 preparare
1682 3040 1880 3130 poterunt,
1898 3038 1937 3099 et
1953 3038 2059 3099 scuta
2074 3020 2281 3111 inarmare,
2412 3042 2415 3045 ’

854 3184 896 3232 ac
921 3172 1043 3234 cetera
1066 3153 1206 3245 facere,
1232 3153 1281 3231 ad
1307 3154 1476 3261 ipsorum
1502 3153 1671 3232 officium
1694 3153 1945 3260 pertinencia,
1967 3180 2042 3260 quc
2066 3152 2136 3257 ipsi
2161 3150 2283 3230 lacere

852 3302 1011 3391 possunt
1032 3285 1242 3362 secundum
1262 3284 1521 3388 predictorum
1540 3286 1786 3390 registrorum
1805 3299 1991 3360 tenorem.
2012 3282 2054 3356 ln
2069 3282 2192 3389 cujus,
2210 3300 2280 3359 etc.

910 3417 1017 3492 Lune
1034 3432 1121 3492 ante
1138 3414 1372 3492 Nativitatem
1387 3412 1487 3491 beati
1502 3414 1880 3520 JohannieBaptiste,
1897 3437 1999 3488 anno
2012 3414 2280 3489 trecentesimo

852 3562 996 3653 quarto.

909 3678 1093 3757 Henricus
1107 3677 1156 3754 de
1171 3676 1398 3786 Broyselles,
1420 3676 1639 3769 Ionnarius,
1652 3677 1802 3785 juravit.

912 3940 1020 4015 XXX.
1053 3938 1256 4017 Absolucio
1280 3938 1446 4045 magistri
1473 3938 1686 4047 Raymundi
1710 3938 1838 4029 Coste,
1859 3938 2000 4047 judicis
2019 3939 2172 4046 majoris
2194 3938 2283 4016 Car-

856 4069 1103 4157 cassonensis,
1119 4068 1158 4146 in
1172 4067 1318 4147 sacculo
1334 4085 1389 4147 est
1406 4068 1640 4175 peticionum
1659 4085 1696 4146 et
1713 4068 1935 4145 cedulamm
1954 4068 2070 4176 hujus
2085 4058 2280 4174 temporis

909 4334 1037 4411 XXXI.
1069 4334 1170 4411 Inter
1188 4333 1361 4411 dominas
1382 4331 1429 4409 de
1444 4331 1603 4410 Cantain
1623 4347 1663 4407 et
1680 4330 1728 4407 de
1745 4331 1868 4409 Cauni
1881 4332 2092 4439 judicatum
2107 4309 2164 4410 est
2174 4333 2213 4408 in
2227 4358 2283 4408 ro

852 4461 936 4539 tulo
957 4460 1071 4569 hujus
1089 4463 1283 4569 temporis.
1303 4464 1519 4570 lnquestam
1539 4491 1670 4540 earum
1685 4463 1847 4568 portarit
1860 4465 1891 4540 J.
1915 4463 1963 4541 de
1978 4463 2217 4571 Montignaco
2235 4464 2282 4538 ad

854 4591 1053 4669 dominnm
1068 4594 1221 4699 Regem.

910 4854 1050 4929 XXXII»
1081 4852 1180 4931 Cum
1200 4880 1271 4931 nos
1291 4853 1340 4930 ad
1364 4880 1520 4931 manum
1541 4873 1710 4934 nostram
1731 4856 2009 4963 posuissemus,
2035 4883 2079 4931 ex
2099 4868 2199 4930 certa
2222 4852 2279 4956 (6)

852 5008 978 5073 causa,
995 4984 1195 5061 comitatus
1207 4984 1372 5063 Marchie
1387 4986 1666 5094 etEngolisme,
1681 5014 1767 5063 cum
1779 4983 2023 5091 pertinenciis
2034 4984 2278 5073 corumdem,

853 5131 891 5190 et
906 5113 977 5191 alia
993 5115 1158 5221 quedam
1171 5115 1271 5195 hona
1286 5141 1362 5223 que
1377 5116 1488 5224 Hugo
1504 5118 1627 5196 dictus
1642 5118 1679 5196 le
1695 5120 1816 5205 Brun,
1831 5116 2026 5223 quondam
2042 5140 2168 5193 comes
2183 5117 2281 5192 Mar-

853 5245 936 5323 chie
957 5262 996 5323 et
1013 5246 1245 5355 Engolisme‚
1270 5264 1442 5354 tempore
1458 5270 1536 5357 qno
1551 5248 1631 5356 ipse
1651 5247 1826 5335 decessit,
1843 5245 2016 5335 tenebat,
2034 5264 2074 5323 et
2087 5246 2279 5326 Guiardus

855 5378 902 5455 de
922 5378 1101 5470 Marchie,
1125 5406 1325 5485 germanus
1345 5379 1436 5457 dicti
1454 5381 1649 5488 quondam
1674 5378 1838 5468 comitis,
1855 5378 1969 5456 nobis
1980 5373 2125 5485 pluries
2140 5395 2177 5455 et
2192 5404 2279 5455 cum

853 5510 1032 5589 instancia
1054 5508 1298 5617 supplicasset
1318 5512 1440 5616 quod,
1467 5511 1669 5615 cumipse,
1698 5523 1742 5585 ut
1764 5508 1928 5599 dicebat,
1952 5527 2134 5615 tanquam
2155 5510 2280 5616 proxi-
