5817 7292
1007 1111 1275 1217 saoneres
1303 1130 1366 1201 nr
1393 1112 1599 1205 raocns.
1940 1134 2010 1204 557

595 1267 715 1374 major
733 1284 771 1344 et
785 1266 916 1374 jurati,
937 1296 980 1345 ex
1003 1269 1111 1362 odio,
1129 1286 1173 1348 ut
1187 1270 1336 1360 dicitur,
1354 1272 1447 1349 moti
1466 1289 1596 1349 contra
1612 1268 1776 1347 eundem
1790 1270 2013 1362 lobannem,
2056 1284 2185 1339 aarum
2198 1283 2242 1347 lv,

596 1399 804 1475 manerium
822 1414 860 1474 et
872 1400 1062 1509 grangiam
1080 1401 1176 1507 ejus,
1194 1402 1328 1478 valoris
1342 1402 1585 1509 quadraginta
1607 1400 1789 1477 librarum
1808 1400 2017 1506 etamplius
2117 1378 2180 1420 ’Μ’

595 1526 634 1603 in
649 1528 878 1617 redditibus,
894 1556 965 1635 pro
978 1528 1086 1607 dictis
1099 1531 1274 1609 ducentis
1286 1530 1410 1620 libris,
1429 1531 1530 1610 dicto
1546 1532 1691 1607 Herveo
1705 1530 1742 1606 in
1760 1528 1928 1605 solutum
1941 1546 2016 1606 tra-

596 1657 786 1749 diderunt,
804 1658 893 1736 licet
910 1659 1009 1737 bona
1025 1661 1181 1738 mobilia
1194 1661 1350 1739 baberet
1369 1662 1471 1739 idem
1484 1663 1675 1740 lohannes
1689 1660 1737 1736 ad
1752 1660 1897 1736 dictum
1918 1658 2019 1738 debi-

594 1806 676 1866 tum
705 1788 934 1867 sufficienter
958 1791 1249 1881 exsolvendum,
1274 1821 1349 1899 que
1379 1794 1479 1871 bona
1508 1792 1682 1879 mobilia,
1708 1791 1809 1868 idem
1833 1792 2014 1882 Heraeus,

594 1937 721 1997 contra
741 1922 831 1999 dieti
851 1922 1033 2000 lobannis
1045 1924 1294 2011 voluntatem,
1318 1953 1404 2000 cum
1427 1924 1536 2001 dictis
1555 1922 1724 2000 manerio
1741 1938 1780 1998 et
1798 1922 1951 2029 grangia
1966 1924 2018 1998 di-

594 2051 691 2127 citur
711 2052 890 2141 detinere,
913 2078 1025 2157 super
1039 2052 1190 2158 quibus,
1212 2052 1350 2131 ballivo
1372 2054 1636 2131 silvanectensi
1657 2051 1835 2128 dedimus
1853 2052 1894 2127 in
1913 2081 2018 2129 man-

594 2180 688 2259 datis
702 2183 825 2287 quod,
842 2184 888 2271 si,
903 2182 1041 2259 vocatis
1055 2183 1269 2270 evocandis,
1287 2182 1358 2259 sibi
1374 2200 1560 2260 constaret
1576 2182 1623 2258 de
1639 2181 1832 2289 predictis,
1845 2181 1946 2259 dicto
1956 2185 2019 2260 lo·

592 2310 706 2386 hanni
724 2311 936 2418 predictum
951 2311 1161 2387 manerium
1178 2329 1215 2389 et
1228 2313 1433 2419 grangiam,
1452 2340 1538 2388 cum
1553 2310 1739 2389 fructibus
1752 2314 1956 2419 perceptis,
1975 2343 2017 2390 ac

593 2439 691 2517 dicta
704 2440 802 2525 bona
817 2440 971 2518 mobilia
985 2441 1130 2519 restitui
1144 2440 1296 2531 laceret,
1311 2460 1353 2519 ut
1360 2442 1507 2550 justum
1524 2458 1638 2531 esset,
1654 2458 1693 2518 et
1706 2440 1754 2517 ad
1769 2470 1808 2519 se
1822 2470 2016 2551 cognosce

592 2587 650 2648 ret
662 2573 868 2678 pertinere,
887 2572 987 2649 dicto
999 2573 1155 2658 Herveo,
1171 2571 1218 2647 ad
1233 2573 1292 2649 sui
1304 2572 1595 2659 deffensionem,
1609 2571 1737 2676 plures
1750 2572 1919 2649 raciones
1930 2602 2010 2679 pro

591 2717 755 2806 ponente
774 2717 829 2789 et,
850 2702 947 2777 inter
963 2715 1102 2788 cetera,
1122 2701 1436 2778 consuetudinem
1455 2701 1554 2777 dicte
1573 2699 1660 2775 ville
1677 2728 1758 2777 esse
1778 2701 1893 2777 talem
1911 2705 2016 2809 quod

593 2833 622 2906 si
648 2829 799 2937 aliquis,
826 2859 1000 2908 excausa
1027 2832 1248 2935 empcionis‚
1271 2858 1353 2907 rem
1381 2831 1544 2938 aliquam
1569 2831 1738 2907 tenuerit
1758 2860 1826 2936 per
1855 2858 2013 2921 annum,

593 2978 765 3067 presente
787 2989 833 3039 eo
852 2962 918 3068 qui
939 2959 1140 3039 reclamare
1161 2962 1274 3038 vellet
1295 2960 1353 3037 vel
1374 2978 1515 3068 posset,
1538 2978 1577 3038 et
1594 2988 1672 3038 non
1691 2962 1917 3039 reclamante
1933 2978 2017 3067 post

593 3118 751 3181 annum,
774 3091 937 3169 efficitur
957 3092 1136 3170 dominus
1155 3092 1424 3199 proprietarius
1445 3110 1483 3168 et
1502 3118 1693 3198 possessor
1717 3092 1834 3198 ipsius
1853 3093 1924 3183 rei,
1946 3120 2015 3169 nec

590 3239 741 3299 tenetur
755 3222 880 3300 eidem
896 3250 1009 3329 super
1024 3224 1096 3302 boc
1108 3223 1156 3299 de
1175 3240 1299 3300 cetero
1312 3221 1542 3329 respondere
1558 3251 1566 3295 ε
1584 3222 1758 3329 inquesta
1771 3222 1886 3329 igitur
1902 3252 2016 3328 super

591 3353 664 3431 boc
682 3352 776 3431 sacta
795 3353 844 3430 ad
864 3370 1029 3431 nostram
1046 3355 1189 3431 curiam
1209 3368 1411 3459 reportata,
1430 3351 1643 3457 auditisque
1661 3350 1772 3428 dictis
1789 3353 1958 3457 partibus
1977 3369 2016 3429 et

590 3485 668 3563 viso
681 3484 788 3562 totali
806 3512 982 3591 processu
994 3483 1091 3562 lacto
1104 3512 1217 3590 super
1230 3483 1419 3590 predictis,
1434 3511 1521 3561 cum
1535 3499 1729 3588 repertum
1743 3480 1857 3559 suerit
1871 3481 2014 3557 dictum

592 3616 776 3693 Herceum
803 3612 1031 3693 sufficienter
1056 3614 1233 3722 probasse
1262 3615 1398 3695 dictam
1427 3612 1763 3699 consuetudinem,
1792 3613 2011 3717 peripsum

591 3747 836 3851 propositam,
859 3763 898 3822 et
916 3746 1059 3821 dictum
1079 3746 1290 3822 lohannem
1307 3744 1561 3820 intencionem
1580 3770 1686 3818 suam
1706 3740 1863 3817 minime
1876 3742 2015 3845 proba-

592 3876 701 3963 visse,
728 3876 830 3953 idem
856 3876 1042 3961 Herveus,
1063 3874 1110 3950 ab
1129 3873 1373 3980 impeticione
1396 3872 1565 3978 predicta
1586 3870 1675 3947 dicti
1700 3870 1899 3955 lobannis,
1921 3868 2016 3961 lirit,

592 4030 660 4108 per
679 4004 777 4081 dicte
797 4005 898 4081 curie
919 4022 1045 4081 nostre
1059 4003 1266 4112 judicium,
1289 4002 1496 4081 absolutus.

648 4132 822 4212 Mercurii
844 4149 928 4210 ante
948 4133 1099 4211 Pascha.

647 4266 812 4373 Mangon
832 4265 1043 4370 reportavit.

649 4528 736 4607 [ΙΙΙ.
768 4526 850 4605 Lite
877 4544 978 4604 mota
1005 4527 1103 4603 inter
1126 4526 1319 4605 Matbeum
1347 4522 1394 4603 de
1419 4526 1579 4614 Morois,
1605 4524 1782 4612 militem,
1804 4540 1843 4600 et
1866 4524 2010 4602 dictum

591 4659 801 4751 Salebrase,
828 4656 1048 4737 castellanos
1071 4676 1218 4737 nostros
1241 4656 1500 4746 Karoli-Loci,
1523 4684 1567 4734 ex
1588 4671 1693 4762 parte
1712 4682 1803 4743 una,
1825 4672 1864 4731 et
1880 4672 2011 4762 gentes

591 4790 912 4870 SanctiGolmerii
925 4819 966 4866 ac
976 4788 1153 4868 officiales
1163 4807 1202 4867 et
1213 4805 1342 4899 gentes
1355 4788 1503 4866 comitis
1512 4785 1655 4865 Foresii
1669 4785 1767 4863 dicte
1777 4783 1862 4860 ville
1874 4785 2012 4863 Sancti-

590 4921 774 5000 Golmerii
795 4940 832 4999 et
852 4922 900 4999 de
918 4920 1112 5015 Chatcluz,
1130 4949 1174 4998 ex
1185 4921 1317 5008 altera,
1332 4946 1446 5026 super
1461 4915 1750 5005 inobedienciis,
1769 4914 1932 5023 injuriis,
1951 4943 2012 4993 ex-

591 5050 755 5131 cessibus
768 5069 806 5130 et
815 5052 1008 5131 violenciis
1021 5081 1061 5131 ac
1074 5052 1250 5131 rescussis
1261 5049 1604 5159 quibusdamfactis
1613 5045 1822 5125 castellanis
1833 5046 2011 5152 predictis

590 5182 800 5291 agentibus
815 5200 854 5261 et
868 5182 1092 5262 officialibus
1106 5182 1298 5290 predictus
1307 5188 1331 5275 ¹,
1347 5210 1460 5259 suum
1475 5179 1642 5258 officium
1660 5175 1889 5285 sergenterie
1905 5204 2010 5253 exer-

590 5313 711 5391 cendo
731 5313 770 5389 iu
791 5330 1051 5421 contemptum
1061 5314 1226 5424 jurium,
1244 5330 1288 5390 ut
1308 5310 1458 5399 dicitur,
1473 5326 1512 5389 et
1526 5310 1732 5415 dampnum
1748 5308 1918 5413 ipsorum
1933 5332 2010 5380 cas-

634 5481 642 5511 ¹
664 5484 743 5545 Lissa
758 5486 895 5569 predictis.
