5817 7292
856 1094 900 1164 10
1430 1086 1523 1158 LES
1552 1082 1691 1159 OLlM.

628 1249 757 1304 Parnm
769 1248 813 1310 lv,
851 1229 1016 1318 fecisset,
1029 1229 1206 1320 Parisius,
1219 1253 1344 1304 coram
1360 1226 1489 1317 nobis,
1500 1243 1741 1333 recepturum
1755 1226 1956 1333 pecuniam
1969 1225 2060 1304 dicti
2074 1241 2271 1316 retractus,

689 1341 751 1383 12⁹⁹.

853 1387 920 1468 per
935 1360 1112 1438 eumdem
1131 1357 1293 1436 militem
1313 1357 1416 1436 curie
1436 1375 1564 1436 nostre
1584 1357 1775 1448 traditam,
1798 1356 2009 1463 depositam
2023 1373 2063 1434 et
2082 1358 2276 1464 coangua-

852 1508 946 1580 tam,
967 1519 1023 1579 ac,
1043 1491 1090 1568 de
1110 1489 1236 1597 precio
1254 1488 1352 1566 dicte
1366 1488 1618 1578 vendicionis,
1638 1504 1753 1595 prout
1766 1488 1943 1566 suaderet
1952 1488 2116 1596 justicia,
2133 1487 2278 1564 deduc·

851 1640 981 1700 turum
1002 1622 1121 1700 exitus
1142 1638 1181 1698 et
1198 1636 1399 1725 proventus
1420 1648 1466 1696 ex
1485 1618 1596 1696 dictis
1613 1619 1724 1697 bonis
1743 1635 1958 1726 perceptos3
1978 1620 2150 1709 tandem,
2168 1619 2278 1696 dictis

850 1753 1019 1859 partibus
1038 1752 1077 1828 in
1101 1769 1227 1830 nostra
1246 1752 1348 1828 curia
1373 1749 1601 1838 constitutis,
1624 1749 1749 1828 dictus
1772 1751 1903 1837 miles,
1926 1750 2095 1857 predicte
2115 1750 2276 1857 pecunie

852 1883 1020 1989 deposite
1045 1883 1279 1961 solucionem
1302 1881 1427 1958 eidem
1452 1881 1614 1956 Jobanni
1637 1881 1808 1960 Saunerii
1830 1881 2007 1972 offerens,
2034 1880 2149 1988 peciit
2169 1882 2276 1988 judi-

851 2030 974 2090 catum
989 2013 1202 2120 predictum
1223 2011 1435 2089 execucioni
1456 2011 1641 2100 mandari,
1659 2028 1712 2101 et,
1736 2011 1830 2088 lacta
1846 2011 2073 2090 deductione
2089 2011 2273 2118 predicta,

851 2142 922 2220 sibi
943 2143 1144 2222 deliberari
1165 2158 1369 2222 retractum
1384 2141 1618 2247 pradictum,
1637 2141 1760 2220 dictus
1773 2171 1862 2221 vero
1877 2143 2068 2220 lohannes
2084 2142 2272 2228 Sannerii,

851 2275 1047 2380 requirens
1067 2275 1165 2353 dicta
1185 2275 1285 2354 bona
1305 2271 1376 2350 sibi
1400 2271 1577 2379 primitus
1601 2271 1802 2352 deliberari
1822 2292 1862 2352 et
1879 2274 2008 2361 reddi,
2030 2271 2169 2350 multas
2187 2300 2274 2378 pro-

851 2407 977 2510 posuit
1005 2406 1190 2495 raciones,
1221 2433 1290 2513 per
1316 2433 1409 2510 quas
1433 2402 1635 2481 ostendere
1664 2405 1857 2483 nitebatur
1883 2405 1991 2512 quod
2019 2404 2142 2480 dictus
2165 2402 2276 2479 miles

852 2564 976 2614 carere
996 2535 1160 2615 debebat
1177 2533 1381 2613 commodo
1396 2532 1553 2640 judicati
1571 2534 1752 2639 predicti:
1773 2535 1923 2628 Quibus
1937 2533 2122 2640 partibus,
2143 2532 2197 2610 sic
2210 2561 2277 2610 au·

852 2666 956 2756 ditis,
981 2687 1018 2746 et
1035 2668 1236 2774 diligenter
1256 2694 1385 2746 earum
1405 2664 1495 2744 hinc
1514 2666 1604 2744 inde
1619 2667 1834 2746 nacionibus
1849 2666 2070 2758 intellectis,
2088 2694 2157 2771 per
2172 2665 2276 2742 curie

850 2811 975 2876 nostre
988 2799 1193 2907 judicium,
1211 2798 1355 2878 dictum
1368 2796 1441 2878 tuit
1456 2814 1493 2876 et
1506 2799 1798 2903 pronunciatum
1811 2798 1932 2906 quod,
1947 2825 2025 2876 non
2041 2794 2278 2876 obstantibus

850 2929 1051 3035 propositis
1062 2960 1105 3007 es
1117 2946 1221 3036 parte
1235 2929 1325 3008 dicti
1341 2928 1524 3008 Johannis
1536 2928 1724 3022 Saunerii,
1737 2930 1953 3039 judicatum
1961 2927 2191 3034 predictum,
2209 2953 2277 3032 pro

851 3056 951 3139 dicto
963 3061 1084 3138 milite
1097 3059 1253 3148 factum,
1276 3059 1492 3137 execucioni
1508 3062 1761 3149 mandaretur,
1780 3076 1818 3136 et
1831 3060 1954 3165 quod,
1971 3059 2018 3135 de
2034 3060 2161 3164 precio
2178 3057 2277 3133 dicte

849 3189 1080 3266 vendicionis
1103 3188 1229 3264 eidem
1249 3188 1409 3264 Johanni
1428 3188 1601 3264 Saunerii
1617 3189 1834 3273 reddendo,
1857 3187 2138 3264 deducerentur
2158 3187 2277 3262 esitus

851 3333 887 3390 et
908 3331 1109 3420 proventus
1125 3343 1170 3392 ex
1190 3314 1301 3392 dictis
1320 3315 1430 3393 bonis
1454 3316 1642 3421 percepti,
1664 3314 1792 3392 habita
1816 3316 1970 3392 racione
1990 3316 2276 3393 usstentarionis

850 3470 1000 3532 eorum,
1020 3442 1067 3518 ab
1086 3440 1153 3519 illo
1172 3459 1344 3549 tempore
1364 3471 1442 3548 quo
1459 3443 1584 3548 primo
1603 3444 1726 3522 dictus
1746 3444 1855 3522 miles
1873 3444 1988 3550 peciit
2001 3444 2187 3522 dictorum
2202 3443 2274 3520 bo-

850 3600 985 3650 norum
1006 3573 1246 3651 venditomm
1262 3589 1488 3664 retractum,
1512 3573 1610 3652 dicte
1629 3574 1858 3652 vendicionis
1872 3576 2043 3682 precium
2062 3574 2270 3654 offerendo.

905 3835 997 3912 XVI.
1031 3833 1242 3911 Senescallo
1262 3833 1547 3916 Carcassonensi
1555 3865 1571 3910 ε.
1582 3833 1684 3912 Cum
1692 3835 1895 3944 Philippus
1916 3834 1964 3913 de
1979 3833 2128 3924 Levies,
2149 3835 2274 3914 domi-

849 3961 982 4052 cellus,
1011 3963 1153 4041 diceret
1177 3980 1339 4042 castrum
1361 3965 1408 4042 de
1430 3965 1633 4074 Senegacio
1652 3995 1673 4042 a
1692 3967 1803 4044 nobis
1821 3968 1943 4045 teneri
1964 3965 2011 4043 ad
2031 3964 2275 4044 consuetudi-

849 4122 937 4172 nem
957 4093 1138 4202 Albigesii
1168 4111 1206 4172 et
1230 4123 1307 4175 non
1332 4095 1503 4185 Francie,
1533 4113 1571 4173 et
1591 4095 1678 4174 ideo
1704 4125 1774 4177 nos
1803 4125 1881 4176 non
1903 4096 2062 4184 debere,
2093 4125 2162 4202 pro
2192 4096 2273 4202 ipso

851 4241 986 4314 castro,
1008 4225 1205 4302 rechatum
1223 4224 1383 4314 babere;
1400 4254 1546 4333 nosque
1561 4227 1847 4307 mandassemus
1861 4226 2067 4309 senescallo
2083 4245 2175 4305 tunc
2188 4227 2276 4306 Car·

850 4356 1061 4432 sessonensi
1080 4372 1142 4445 ut,
1165 4372 1347 4462 receptae
1372 4354 1474 4434 dicto
1492 4356 1668 4466 Philippo
1685 4359 1832 4466 ydonee
1851 4359 2099 4439 caucionede
2122 4357 2274 4435 recbato

851 4500 889 4558 et
909 4481 991 4559 aliis
1006 4483 1156 4590 juribus
1175 4512 1217 4560 ac
1237 4484 1395 4562 deveriis
1418 4487 1556 4565 nostris
1575 4488 1767 4568 solvendis
1785 4490 1897 4568 nobis
1919 4517 1988 4595 pro
2012 4488 2111 4564 dicto
2135 4504 2272 4577 castro,

850 4612 952 4720 quod
977 4629 1055 4689 eret
1077 4613 1117 4688 in
1134 4641 1248 4689 manu
1271 4631 1413 4706 nostra,
1437 4645 1479 4692 ac
1503 4616 1688 4697 fructibus
1711 4619 1800 4696 inde
1826 4617 2011 4725 perceptis
2034 4614 2145 4690 nobis
2162 4615 2272 4690 resti-

849 4741 1017 4832 tuendis,
1040 4743 1071 4819 si
1091 4759 1254 4823 castrum
1274 4744 1397 4850 ipsum
1421 4746 1469 4823 ad
1490 4749 1807 4828 consuetudinem
1828 4745 1982 4824 Francis
2002 4742 2148 4821 circiter
2170 4742 2272 4818 Pari-

850 4873 926 4952 sius
960 4874 1189 4980 reperiretur
1216 4873 1355 4954 debere
1385 4877 1521 4966 teneri,
1547 4896 1670 4959 amota
1694 4879 1784 4959 inde
1810 4905 1927 4955 manu
1952 4889 2096 4960 nostra,
2126 4871 2270 4950 dietum

851 5021 1029 5094 castrum,
1053 5034 1139 5084 cum
1159 5005 1237 5086 suis
1252 5005 1506 5112 pertinenciis,
1525 5008 1651 5088 eidem
1666 5006 1827 5090 Jobtnni
1844 5005 2088 5096 deliberaret,
2107 5021 2146 5082 et
2159 5031 2271 5108 super

849 5133 921 5211 hoc
932 5134 1108 5225 veritam,
1123 5136 1260 5214 vocatis
1276 5137 1462 5241 partibus,
1482 5139 1690 5247 inquireret
1709 5125 1747 5219 et
1760 5137 1870 5218 nobis
1884 5136 2059 5218 referret:
2078 5134 2266 5225 Tandem,
2287 5195 2297 5210 .

849 5263 940 5342 sacta
964 5291 1077 5371 snper
1096 5266 1169 5344 hoc
1193 5266 1364 5374 inquesta
1385 5268 1487 5347 curie
1506 5288 1633 5350 nostre
1652 5269 1784 5360 relata,
1807 5267 1884 5345 visa
1903 5284 1941 5345 et
1960 5265 2165 5376 diligenter
2184 5291 2269 5342 exa·

848 5396 1004 5486 minata,
1037 5395 1197 5503 visisque
1225 5399 1327 5478 curie
1354 5417 1480 5480 nostre
1506 5401 1684 5508 registris,
1717 5399 1861 5478 dictum
1896 5397 1968 5477 fuit
1999 5414 2053 5487 et,
2079 5423 2148 5504 per
2165 5396 2267 5474 curie
