5817 7292
1009 1037 1279 1141 stusrss
1305 1050 1371 1123 ΕΤ
1398 1032 1600 1125 raucas.
1943 1052 2014 1124 sar

595 1222 707 1301 supra
721 1191 912 1300 premissis
925 1191 1049 1271 tribus
1061 1190 1242 1281 articulis,
1259 1191 1401 1269 nullam
1415 1191 1595 1280 extitisse,
1608 1190 1709 1268 salvo
1723 1205 1851 1269 umen
1865 1192 2018 1299 utrique
2054 1198 2185 1254 summ
2197 1198 2241 1263 W.

594 1326 689 1433 parti
704 1325 790 1433 jure
810 1351 898 1414 suo,
919 1340 997 1402 tam
1014 1324 1054 1399 in
1076 1322 1312 1431 possessione
1331 1352 1446 1431 quam
1461 1322 1501 1399 in
1519 1321 1765 1429 proprietate,
1783 1320 1823 1397 in
1839 1320 2018 1401 omnibus
2114 1290 2179 1335 mi

594 1454 829 1563 supradictis,
847 1454 944 1533 sicut
959 1453 1137 1545 habebat,
1159 1470 1380 1562 anteaquam
1399 1454 1521 1532 dictus
1536 1452 1731 1533 Beraudus
1749 1451 2017 1530 intromitteret

594 1588 696 1665 sede
712 1586 855 1665 eisdem
871 1603 909 1664 et
924 1615 966 1663 ac
985 1585 1016 1665 si
1037 1586 1175 1663 dictam
1190 1585 1418 1665 sentenciam
1436 1614 1503 1663 seu
1522 1583 1804 1663 ordinacionem
1819 1609 2015 1689 nunquam

594 1717 811 1823 protulisset
825 1717 874 1795 de
888 1715 1089 1823 premissis.

649 1847 826 1926 Mercurii
838 1863 922 1955 post
936 1847 1115 1925 Sanctum
1135 1846 1360 1954 Georgium,
1382 1874 1480 1925 anno
1495 1844 1760 1924 trecentesimo
1772 1842 1987 1921 undecimo.

648 1980 694 2055 H.
715 1978 763 2057 de
784 1977 1052 2057 Sancto-Paulo
1069 1977 1282 2083 reportavit.

645 2242 750 2318 LXII.
783 2241 864 2319 lite
888 2256 1006 2331 mota,
1028 2268 1155 2319 coram
1170 2239 1301 2347 judice
1325 2240 1555 2328 biterrense,
1579 2239 1678 2317 inter
1696 2240 1873 2317 Tbanum
1892 2242 2013 2319 Bona-

589 2372 723 2478 quistc,
741 2400 785 2449 ex
800 2400 874 2449 una
891 2389 1013 2478 parte,
1030 2389 1069 2449 et
1081 2372 1291 2450 Johannem
1309 2370 1436 2462 Fabri,
1454 2370 1703 2449 Guillelmum
1718 2369 1877 2478 Cavarga
1893 2388 1931 2447 et
1951 2400 2013 2449 eo-

586 2530 672 2578 rum
694 2526 843 2591 uxores,
864 2501 1046 2580 Poncium
1066 2500 1188 2588 Gasci,
1200 2502 1412 2579 Johannem
1432 2500 1618 2579 Alassardi
1638 2517 1676 2578 et
1694 2498 1944 2579 Guillelmum
1965 2501 2012 2580 de

588 2630 813 2721 Pedenacio,
829 2629 1021 2720 exaltem,
1038 2658 1152 2736 super
1167 2656 1213 2707 eo
1229 2628 1348 2736 quod,
1366 2658 1453 2707 cum
1472 2629 1595 2707 dictus
1606 2629 1762 2706 Thanna
1777 2645 1933 2735 peteret,
1950 2661 2013 2709 co-

587 2760 801 2868 ramjudice
813 2761 1041 2850 biterrense,
1057 2758 1268 2865 apredictis
1281 2759 1450 2837 lobanne
1465 2758 1574 2837 Fabri
1588 2776 1626 2838 et
1638 2759 1720 2866 ejus
1731 2760 1911 2849 cumreis,
1926 2789 2012 2839 cen-

585 2906 670 2967 tum
690 2907 728 2968 et
743 2891 977 2998 septuap'nta
991 2890 1160 2998 quinque
1175 2888 1305 2979 libras,
1323 2917 1488 2968 excausa
1505 2888 1736 2967 vendicionis
1750 2888 1916 2969 duorum
1933 2891 2012 2969 fur-

586 3048 722 3099 norum
750 3021 798 3100 de
821 3022 1030 3100 Pedanacio
1055 3020 1225 3099 etunius
1250 3018 1351 3097 lurni
1376 3019 1424 3096 de
1448 3019 1642 3100 Tumibus
1664 3019 1811 3098 domini
1826 3023 1939 3130 regis,
1961 3024 2010 3100 ad

585 3168 729 3229 eertum
745 3152 952 3231 terminum
972 3151 1052 3259 jam
1076 3168 1325 3242 transactum,
1349 3150 1529 3257 predictis
1551 3150 1711 3229 Johanni
1734 3150 1843 3229 Fabri
1868 3154 2009 3260 atejus
2091 3252 2098 3263 .

583 3282 746 3359 cumreis
764 3281 876 3372 lacte,
901 3298 943 3361 ut
964 3280 1129 3369 dicebat,
1151 3298 1265 3387 prout
1281 3280 1321 3357 in
1339 3280 1609 3370 instrumento,
1631 3281 1861 3387 superdicta
1877 3285 2010 3362 vendi-

581 3412 689 3491 cione
710 3411 896 3503 consecto,
917 3430 956 3491 et
969 3410 1118 3500 libello,
1137 3439 1262 3489 coram
1278 3411 1381 3490 dicto
1391 3408 1522 3518 judice
1536 3413 1764 3502 Biterrense,
1783 3410 1911 3490 oblato
1929 3414 2008 3519 ple·

581 3542 665 3621 nius
677 3543 904 3631 continetur,
921 3541 1104 3650 dictisque
1117 3543 1289 3621 Johanne
1304 3541 1415 3619 Fabri
1429 3559 1468 3619 et
1480 3543 1619 3622 Poncio
1633 3543 1742 3623 Gasci
1756 3559 1795 3619 et
1806 3542 1890 3620 aliis
1904 3572 2008 3621 cum·

581 3674 655 3749 reis
674 3672 803 3777 plures
818 3672 986 3750 raciones
1001 3673 1302 3777 proponentibus
1317 3700 1430 3779 quare
1447 3671 1497 3749 ad
1510 3672 1584 3750 boc
1595 3671 1754 3749 minime
1764 3688 2004 3765 tenetentum

461 3784 464 3793 ¹
581 3802 719 3879 auditis
729 3800 909 3907 partibus,
924 3800 1089 3906 prelatus
1099 3801 1215 3908 judex
1228 3800 1462 3887 biterrensis,
1473 3800 1663 3905 predictos
1674 3800 1885 3879 Johannem
1895 3803 2004 3880 Fabri

583 3948 620 4007 et
638 3929 755 4035 ipsius
770 3946 961 4009 consortes
975 3957 1042 4007 seu
1057 3958 1188 4007 eorum
1202 3946 1464 4036 procuratores
1496 3930 1544 4007 ad
1559 3928 1782 4007 solvendum
1796 3929 2003 4036 predictam

580 4061 739 4166 pecunie
760 4090 963 4151 smnmam,
985 4087 1132 4139 necnon
1150 4060 1338 4139 sexdecim
1355 4061 1469 4138 libras
1482 4061 1766 4139 Turonensium
1782 4086 2001 4167 parvorum,

581 4220 649 4298 pro
671 4192 838 4298 expensis
853 4192 952 4269 dicte
972 4220 1098 4281 cause,
1118 4190 1392 4271 sentencialiter
1412 4191 1713 4298 condempnavit,
1730 4210 1855 4299 prout,
1871 4193 1911 4270 in
1925 4196 2003 4273 ins·

581 4339 772 4401 trumento
791 4350 903 4429 super
921 4321 1018 4399 dicta
1041 4322 1228 4401 sentencia
1252 4321 1440 4411 conlecto,
1460 4322 1611 4430 plenius
1632 4322 1870 4413 continetur,
1887 4352 1909 4401 a
1928 4355 2004 4433 qua

579 4454 783 4543 sentencia,
797 4470 1017 4561 procurator
1031 4452 1119 4531 dicti
1131 4455 1313 4533 Johannis
1323 4453 1433 4532 Fabri
1447 4472 1485 4531 et
1498 4472 1714 4533 consortum
1726 4483 1900 4547 suorum,
1912 4474 2003 4535 tam

580 4613 692 4691 quam
707 4584 754 4665 ab
768 4586 914 4691 iniqua,
930 4585 978 4662 ad
992 4586 1236 4663 senescallum
1254 4586 1585 4665 Carcassonensem
1599 4584 1811 4693 appellavit,
1826 4587 2003 4692 predicti-

579 4743 653 4822 que
673 4716 863 4795 senescalli
883 4714 1011 4795 locum
1030 4733 1163 4795 tenens
1178 4718 1225 4795 de
1244 4746 1351 4797 causa
1372 4715 1637 4824 appellaciouis
1656 4714 1826 4823 predicte
1844 4744 2001 4825 cognos-

578 4874 679 4937 cens,
705 4846 886 4955 judicavit
909 4846 1051 4927 dictum
1072 4848 1242 4955 judicem
1269 4850 1521 4929 biterrensem
1547 4848 1646 4927 bene
1671 4850 1937 4953 pronunciasse
1962 4870 2000 4929 st

577 4978 765 5082 predictos
789 5007 947 5059 conreos
963 4979 1061 5059 male
1080 4981 1304 5091 appellasse,
1329 4982 1413 5071 sed,
1439 4982 1527 5089 quia
1549 4978 1751 5087 probatum
1777 4997 1857 5059 erat
1880 4981 1998 5061 dictos

577 5136 735 5191 conreos
748 5111 900 5191 solvisse
920 5114 1151 5219 proetuatori
1168 5114 1255 5195 dicti
1272 5113 1393 5193 Thani
1408 5114 1537 5221 viginti
1552 5130 1592 5191 et
1608 5114 1776 5221 quinque
1789 5111 1904 5191 libras
1918 5115 1998 5190 Tu-

577 5267 772 5333 ronenses,
789 5242 926 5323 debilis
939 5262 1110 5333 monete,
1131 5245 1229 5352 ipsas
1243 5244 1370 5351 viginti
1387 5244 1555 5352 quinque
1574 5245 1690 5325 libras
1708 5273 1895 5323 asumma
1912 5272 1998 5349 pre·

578 5370 674 5447 dicta
699 5372 870 5462 detraxit,
893 5403 1040 5453 necnon
1067 5392 1211 5481 partem
1239 5374 1491 5483 appellantem
1512 5376 1551 5454 in
1571 5376 1841 5484 quinquaginta
1866 5372 1995 5453 solidis
