<?xml version="1.0" encoding="UTF-8"?>
<!DOCTYPE html PUBLIC "-//W3C//DTD XHTML 1.0 Transitional//EN"
    "http://www.w3.org/TR/xhtml1/DTD/xhtml1-transitional.dtd">
<html xmlns="http://www.w3.org/1999/xhtml" xml:lang="en" lang="en">
 <head>
  <title>
</title>
<meta http-equiv="Content-Type" content="text/html;charset=utf-8" />
  <meta name='ocr-system' content='tesseract 3.04.00' />
  <meta name='ocr-capabilities' content='ocr_page ocr_carea ocr_par ocr_line ocrx_word'/>
</head>
<body>
  <div class='ocr_page' id='page_1' title='image "./lesolimouregist00pargoog_0522.png"; bbox 0 0 5817 7292; ppageno 0'>
   <div class='ocr_carea' id='block_1_1' title="bbox 867 1081 1706 1156">
    <p class='ocr_par' dir='ltr' id='par_1_1' title="bbox 867 1081 1706 1156">
     <span class='ocr_line' id='line_1_1' title="bbox 867 1081 1706 1156; baseline 0 -3"><span class='ocrx_word' id='word_1_1' title='bbox 867 1082 939 1155; x_wconf 77' lang='lat' dir='ltr'>tito</span> <span class='ocrx_word' id='word_1_2' title='bbox 1447 1082 1537 1155; x_wconf 86' lang='lat' dir='ltr'>LES</span> <span class='ocrx_word' id='word_1_3' title='bbox 1567 1081 1706 1156; x_wconf 87' lang='lat' dir='ltr'><strong>OLIM.</strong></span> 
     </span>
    </p>
   </div>
   <div class='ocr_carea' id='block_1_2' title="bbox 644 1212 2306 5515">
    <p class='ocr_par' dir='ltr' id='par_1_2' title="bbox 644 1212 2306 5515">
     <span class='ocr_line' id='line_1_2' title="bbox 644 1212 2285 1336; baseline 0.002 -33"><span class='ocrx_word' id='word_1_4' title='bbox 644 1246 772 1299; x_wconf 69' lang='lat' dir='ltr'>Parnon</span> <span class='ocrx_word' id='word_1_5' title='bbox 786 1238 830 1301; x_wconf 63' lang='lat' dir='ltr'>tv,</span> <span class='ocrx_word' id='word_1_6' title='bbox 867 1224 1070 1315; x_wconf 86' lang='lat' dir='ltr'>Desiderii,</span> <span class='ocrx_word' id='word_1_7' title='bbox 1084 1224 1311 1332; x_wconf 80' lang='lat' dir='ltr'><strong>peticionem</strong></span> <span class='ocrx_word' id='word_1_8' title='bbox 1328 1251 1394 1303; x_wconf 89' lang='lat' dir='ltr'>seu</span> <span class='ocrx_word' id='word_1_9' title='bbox 1409 1212 1623 1331; x_wconf 88' lang='lat' dir='ltr'>requestam</span> <span class='ocrx_word' id='word_1_10' title='bbox 1640 1221 1778 1301; x_wconf 86' lang='lat' dir='ltr'>faceret</span> <span class='ocrx_word' id='word_1_11' title='bbox 1793 1224 2285 1336; x_wconf 82' lang='lat' dir='ltr'>supereovidelicetquod,</span> 
     </span>
     <span class='ocr_line' id='line_1_3' title="bbox 707 1334 2289 1465; baseline 0.003 -34"><span class='ocrx_word' id='word_1_12' title='bbox 707 1334 769 1377; x_wconf 74' lang='lat'>&#39;³⁰⁹&#39;</span> <span class='ocrx_word' id='word_1_13' title='bbox 870 1384 956 1433; x_wconf 90' lang='lat' dir='ltr'>cum</span> <span class='ocrx_word' id='word_1_14' title='bbox 968 1353 1168 1433; x_wconf 78' lang='lat' dir='ltr'>defamatus</span> <span class='ocrx_word' id='word_1_15' title='bbox 1184 1356 1372 1433; x_wconf 84' lang='lat' dir='ltr'>lohannes</span> <span class='ocrx_word' id='word_1_16' title='bbox 1392 1354 1440 1432; x_wconf 95' lang='lat' dir='ltr'>de</span> <span class='ocrx_word' id='word_1_17' title='bbox 1455 1354 1602 1444; x_wconf 77' lang='lat' dir='ltr'>Falevi,</span> <span class='ocrx_word' id='word_1_18' title='bbox 1616 1353 1743 1444; x_wconf 87' lang='lat' dir='ltr'>miles,</span> <span class='ocrx_word' id='word_1_19' title='bbox 1756 1370 1863 1459; x_wconf 87' lang='lat' dir='ltr'>pater</span> <span class='ocrx_word' id='word_1_20' title='bbox 1876 1354 2013 1461; x_wconf 83' lang='lat' dir='ltr'>ipsius,</span> <span class='ocrx_word' id='word_1_21' title='bbox 2025 1372 2196 1465; x_wconf 87' lang='lat' dir='ltr'>tempore</span> <span class='ocrx_word' id='word_1_22' title='bbox 2209 1388 2289 1465; x_wconf 88' lang='lat' dir='ltr'>qno</span> 
     </span>
     <span class='ocr_line' id='line_1_4' title="bbox 870 1483 2292 1592; baseline 0.004 -30"><span class='ocrx_word' id='word_1_23' title='bbox 870 1488 948 1592; x_wconf 89' lang='lat' dir='ltr'>ipse</span> <span class='ocrx_word' id='word_1_24' title='bbox 967 1484 1129 1578; x_wconf 81' lang='lat' dir='ltr'>vivebat,</span> <span class='ocrx_word' id='word_1_25' title='bbox 1142 1484 1275 1563; x_wconf 82' lang='lat' dir='ltr'>luisset</span> <span class='ocrx_word' id='word_1_26' title='bbox 1290 1502 1328 1562; x_wconf 89' lang='lat' dir='ltr'>et</span> <span class='ocrx_word' id='word_1_27' title='bbox 1347 1501 1445 1563; x_wconf 90' lang='lat' dir='ltr'>esset</span> <span class='ocrx_word' id='word_1_28' title='bbox 1463 1485 1502 1560; x_wconf 91' lang='lat' dir='ltr'>in</span> <span class='ocrx_word' id='word_1_29' title='bbox 1517 1483 1753 1591; x_wconf 77' lang='lat' dir='ltr'>possessione</span> <span class='ocrx_word' id='word_1_30' title='bbox 1774 1501 1813 1561; x_wconf 88' lang='lat' dir='ltr'>et</span> <span class='ocrx_word' id='word_1_31' title='bbox 1830 1484 1966 1561; x_wconf 86' lang='lat' dir='ltr'>saisina</span> <span class='ocrx_word' id='word_1_32' title='bbox 1981 1486 2153 1565; x_wconf 82' lang='lat' dir='ltr'>omniurn</span> <span class='ocrx_word' id='word_1_33' title='bbox 2171 1488 2292 1568; x_wconf 87' lang='lat' dir='ltr'>bono-</span> 
     </span>
     <span class='ocr_line' id='line_1_5' title="bbox 868 1588 2289 1723; baseline 0.001 -29"><span class='ocrx_word' id='word_1_34' title='bbox 868 1646 953 1695; x_wconf 89' lang='lat' dir='ltr'>rum</span> <span class='ocrx_word' id='word_1_35' title='bbox 974 1602 1379 1723; x_wconf 82' lang='lat' dir='ltr'>hereditariorumque</span> <span class='ocrx_word' id='word_1_36' title='bbox 1400 1615 1549 1693; x_wconf 79' lang='lat' dir='ltr'>fuerant</span> <span class='ocrx_word' id='word_1_37' title='bbox 1568 1613 1737 1693; x_wconf 81' lang='lat' dir='ltr'>defuncti</span> <span class='ocrx_word' id='word_1_38' title='bbox 1758 1615 1907 1694; x_wconf 85' lang='lat' dir='ltr'>comitis</span> <span class='ocrx_word' id='word_1_39' title='bbox 1918 1616 2112 1723; x_wconf 89' lang='lat' dir='ltr'>qnondam</span> <span class='ocrx_word' id='word_1_40' title='bbox 2127 1588 2289 1707; x_wconf 74' lang='lat' dir='ltr'>Pontiii,</span> 
     </span>
     <span class='ocr_line' id='line_1_6' title="bbox 870 1746 2291 1854; baseline 0.001 -29"><span class='ocrx_word' id='word_1_41' title='bbox 870 1748 985 1854; x_wconf 91' lang='lat' dir='ltr'>patris</span> <span class='ocrx_word' id='word_1_42' title='bbox 1000 1747 1090 1825; x_wconf 88' lang='lat' dir='ltr'>dicti</span> <span class='ocrx_word' id='word_1_43' title='bbox 1105 1747 1253 1837; x_wconf 88' lang='lat' dir='ltr'>militis,</span> <span class='ocrx_word' id='word_1_44' title='bbox 1271 1747 1370 1825; x_wconf 87' lang='lat' dir='ltr'>etde</span> <span class='ocrx_word' id='word_1_45' title='bbox 1389 1746 1529 1854; x_wconf 88' lang='lat' dir='ltr'>quibus</span> <span class='ocrx_word' id='word_1_46' title='bbox 1545 1746 1669 1825; x_wconf 90' lang='lat' dir='ltr'>dictus</span> <span class='ocrx_word' id='word_1_47' title='bbox 1685 1746 1813 1835; x_wconf 86' lang='lat' dir='ltr'>miles,</span> <span class='ocrx_word' id='word_1_48' title='bbox 1835 1747 1929 1824; x_wconf 89' lang='lat' dir='ltr'>dum</span> <span class='ocrx_word' id='word_1_49' title='bbox 1946 1747 2112 1837; x_wconf 86' lang='lat' dir='ltr'>vivebat,</span> <span class='ocrx_word' id='word_1_50' title='bbox 2125 1747 2236 1827; x_wconf 90' lang='lat' dir='ltr'>nobis</span> <span class='ocrx_word' id='word_1_51' title='bbox 2253 1764 2291 1826; x_wconf 89' lang='lat' dir='ltr'>et</span> 
     </span>
     <span class='ocr_line' id='line_1_7' title="bbox 872 1868 2289 1989; baseline 0.003 -35"><span class='ocrx_word' id='word_1_52' title='bbox 872 1877 953 1954; x_wconf 91' lang='lat' dir='ltr'>aliis</span> <span class='ocrx_word' id='word_1_53' title='bbox 973 1876 1136 1955; x_wconf 89' lang='lat' dir='ltr'>dominis</span> <span class='ocrx_word' id='word_1_54' title='bbox 1153 1876 1442 1983; x_wconf 84' lang='lat' dir='ltr'>temporalibus,</span> <span class='ocrx_word' id='word_1_55' title='bbox 1455 1875 1628 1983; x_wconf 80' lang='lat' dir='ltr'>aquibus</span> <span class='ocrx_word' id='word_1_56' title='bbox 1639 1875 1881 1965; x_wconf 83' lang='lat' dir='ltr'>tenebantur,</span> <span class='ocrx_word' id='word_1_57' title='bbox 1899 1875 2037 1956; x_wconf 83' lang='lat' dir='ltr'>lecerat</span> <span class='ocrx_word' id='word_1_58' title='bbox 2051 1868 2289 1989; x_wconf 83' lang='lat' dir='ltr'>homagium,</span> 
     </span>
     <span class='ocr_line' id='line_1_8' title="bbox 872 2004 2293 2117; baseline 0.001 -34"><span class='ocrx_word' id='word_1_59' title='bbox 872 2010 1068 2115; x_wconf 89' lang='lat' dir='ltr'>dictusque</span> <span class='ocrx_word' id='word_1_60' title='bbox 1090 2008 1282 2085; x_wconf 85' lang='lat' dir='ltr'>lohannes</span> <span class='ocrx_word' id='word_1_61' title='bbox 1298 2004 1402 2085; x_wconf 88' lang='lat' dir='ltr'>dicto</span> <span class='ocrx_word' id='word_1_62' title='bbox 1421 2005 1551 2107; x_wconf 83' lang='lat' dir='ltr'>militi,</span> <span class='ocrx_word' id='word_1_63' title='bbox 1572 2024 1752 2113; x_wconf 90' lang='lat' dir='ltr'>tanquam</span> <span class='ocrx_word' id='word_1_64' title='bbox 1773 2010 1854 2117; x_wconf 86' lang='lat' dir='ltr'>ejus</span> <span class='ocrx_word' id='word_1_65' title='bbox 1876 2008 2153 2116; x_wconf 86' lang='lat' dir='ltr'>primogenitus</span> <span class='ocrx_word' id='word_1_66' title='bbox 2172 2026 2211 2085; x_wconf 86' lang='lat' dir='ltr'>et</span> <span class='ocrx_word' id='word_1_67' title='bbox 2233 2009 2293 2085; x_wconf 89' lang='lat' dir='ltr'>he·</span> 
     </span>
     <span class='ocr_line' id='line_1_9' title="bbox 872 2132 2289 2247; baseline -0.001 -32"><span class='ocrx_word' id='word_1_68' title='bbox 872 2168 946 2227; x_wconf 86' lang='lat' dir='ltr'>res,</span> <span class='ocrx_word' id='word_1_69' title='bbox 959 2139 999 2215; x_wconf 95' lang='lat' dir='ltr'>in</span> <span class='ocrx_word' id='word_1_70' title='bbox 1009 2132 1121 2217; x_wconf 88' lang='lat' dir='ltr'>bonis</span> <span class='ocrx_word' id='word_1_71' title='bbox 1130 2138 1309 2246; x_wconf 81' lang='lat' dir='ltr'>predictis</span> <span class='ocrx_word' id='word_1_72' title='bbox 1319 2154 1561 2226; x_wconf 80' lang='lat' dir='ltr'>successerat,</span> <span class='ocrx_word' id='word_1_73' title='bbox 1575 2154 1629 2227; x_wconf 90' lang='lat' dir='ltr'>et,</span> <span class='ocrx_word' id='word_1_74' title='bbox 1642 2156 1729 2244; x_wconf 89' lang='lat' dir='ltr'>post</span> <span class='ocrx_word' id='word_1_75' title='bbox 1741 2138 1823 2247; x_wconf 86' lang='lat' dir='ltr'>ejus</span> <span class='ocrx_word' id='word_1_76' title='bbox 1830 2138 2007 2237; x_wconf 82' lang='lat' dir='ltr'>obitum,</span> <span class='ocrx_word' id='word_1_77' title='bbox 2015 2140 2289 2245; x_wconf 86' lang='lat' dir='ltr'>possessionem</span> 
     </span>
     <span class='ocr_line' id='line_1_10' title="bbox 873 2266 2292 2377; baseline -0.002 -30"><span class='ocrx_word' id='word_1_78' title='bbox 873 2268 1063 2376; x_wconf 83' lang='lat' dir='ltr'>pacificam</span> <span class='ocrx_word' id='word_1_79' title='bbox 1092 2269 1314 2347; x_wconf 87' lang='lat' dir='ltr'>eorumdem</span> <span class='ocrx_word' id='word_1_80' title='bbox 1341 2269 1522 2347; x_wconf 81' lang='lat' dir='ltr'>habuerat</span> <span class='ocrx_word' id='word_1_81' title='bbox 1540 2284 1580 2345; x_wconf 92' lang='lat' dir='ltr'>et</span> <span class='ocrx_word' id='word_1_82' title='bbox 1597 2268 1788 2357; x_wconf 84' lang='lat' dir='ltr'>saisinam,</span> <span class='ocrx_word' id='word_1_83' title='bbox 1810 2269 1994 2377; x_wconf 80' lang='lat' dir='ltr'>nobisque</span> <span class='ocrx_word' id='word_1_84' title='bbox 2014 2287 2053 2347; x_wconf 91' lang='lat' dir='ltr'>et</span> <span class='ocrx_word' id='word_1_85' title='bbox 2069 2269 2152 2347; x_wconf 91' lang='lat' dir='ltr'>aliis</span> <span class='ocrx_word' id='word_1_86' title='bbox 2171 2266 2292 2345; x_wconf 90' lang='lat' dir='ltr'>domi-</span> 
     </span>
     <span class='ocr_line' id='line_1_11' title="bbox 875 2395 2288 2507; baseline -0.003 -30"><span class='ocrx_word' id='word_1_87' title='bbox 875 2404 933 2478; x_wconf 90' lang='lat' dir='ltr'>nis</span> <span class='ocrx_word' id='word_1_88' title='bbox 952 2399 1239 2507; x_wconf 70' lang='lat' dir='ltr'>temporalibus,</span> <span class='ocrx_word' id='word_1_89' title='bbox 1262 2428 1282 2475; x_wconf 88' lang='lat' dir='ltr'>a</span> <span class='ocrx_word' id='word_1_90' title='bbox 1301 2399 1439 2506; x_wconf 87' lang='lat' dir='ltr'>quibus</span> <span class='ocrx_word' id='word_1_91' title='bbox 1457 2415 1648 2488; x_wconf 90' lang='lat' dir='ltr'>tenentur,</span> <span class='ocrx_word' id='word_1_92' title='bbox 1669 2399 1888 2507; x_wconf 83' lang='lat' dir='ltr'>homagium</span> <span class='ocrx_word' id='word_1_93' title='bbox 1907 2395 2045 2477; x_wconf 79' lang='lat' dir='ltr'>fecerat</span> <span class='ocrx_word' id='word_1_94' title='bbox 2061 2398 2111 2476; x_wconf 89' lang='lat' dir='ltr'>de</span> <span class='ocrx_word' id='word_1_95' title='bbox 2128 2397 2288 2488; x_wconf 87' lang='lat' dir='ltr'>eisdem,</span> 
     </span>
     <span class='ocr_line' id='line_1_12' title="bbox 876 2526 2292 2639; baseline 0.001 -31"><span class='ocrx_word' id='word_1_96' title='bbox 876 2549 920 2608; x_wconf 92' lang='lat' dir='ltr'>ut</span> <span class='ocrx_word' id='word_1_97' title='bbox 939 2526 1101 2620; x_wconf 72' lang='lat' dir='ltr'>dicebat,</span> <span class='ocrx_word' id='word_1_98' title='bbox 1123 2529 1405 2608; x_wconf 81' lang='lat' dir='ltr'>nichilominus.</span> <span class='ocrx_word' id='word_1_99' title='bbox 1417 2529 1637 2635; x_wconf 77' lang='lat' dir='ltr'>hadulphus</span> <span class='ocrx_word' id='word_1_100' title='bbox 1657 2530 1705 2607; x_wconf 92' lang='lat' dir='ltr'>de</span> <span class='ocrx_word' id='word_1_101' title='bbox 1724 2530 1885 2638; x_wconf 82' lang='lat' dir='ltr'>Nigella‚</span> <span class='ocrx_word' id='word_1_102' title='bbox 1897 2531 2068 2639; x_wconf 81' lang='lat' dir='ltr'>armiger,</span> <span class='ocrx_word' id='word_1_103' title='bbox 2082 2547 2121 2607; x_wconf 91' lang='lat' dir='ltr'>et</span> <span class='ocrx_word' id='word_1_104' title='bbox 2136 2546 2292 2637; x_wconf 85' lang='lat' dir='ltr'>patruus</span> 
     </span>
     <span class='ocr_line' id='line_1_13' title="bbox 877 2660 2294 2769; baseline -0.002 -30"><span class='ocrx_word' id='word_1_105' title='bbox 877 2664 1045 2769; x_wconf 85' lang='lat' dir='ltr'>ejusdem</span> <span class='ocrx_word' id='word_1_106' title='bbox 1060 2662 1258 2749; x_wconf 83' lang='lat' dir='ltr'>lobannis,</span> <span class='ocrx_word' id='word_1_107' title='bbox 1275 2661 1314 2736; x_wconf 95' lang='lat' dir='ltr'>in</span> <span class='ocrx_word' id='word_1_108' title='bbox 1333 2661 1467 2738; x_wconf 88' lang='lat' dir='ltr'>saisina</span> <span class='ocrx_word' id='word_1_109' title='bbox 1486 2661 1653 2768; x_wconf 75' lang='lat' dir='ltr'>predicta</span> <span class='ocrx_word' id='word_1_110' title='bbox 1674 2660 1819 2739; x_wconf 89' lang='lat' dir='ltr'>dictum</span> <span class='ocrx_word' id='word_1_111' title='bbox 1837 2662 2049 2739; x_wconf 89' lang='lat' dir='ltr'>Jobannem</span> <span class='ocrx_word' id='word_1_112' title='bbox 2067 2660 2236 2738; x_wconf 89' lang='lat' dir='ltr'>indebite</span> <span class='ocrx_word' id='word_1_113' title='bbox 2255 2676 2294 2736; x_wconf 90' lang='lat' dir='ltr'>et</span> 
     </span>
     <span class='ocr_line' id='line_1_14' title="bbox 876 2791 2295 2900; baseline 0 -31"><span class='ocrx_word' id='word_1_114' title='bbox 876 2794 954 2869; x_wconf 90' lang='lat' dir='ltr'>sine</span> <span class='ocrx_word' id='word_1_115' title='bbox 975 2820 1082 2869; x_wconf 87' lang='lat' dir='ltr'>causa</span> <span class='ocrx_word' id='word_1_116' title='bbox 1095 2791 1335 2899; x_wconf 86' lang='lat' dir='ltr'>perturbabat</span> <span class='ocrx_word' id='word_1_117' title='bbox 1351 2807 1387 2868; x_wconf 90' lang='lat' dir='ltr'>et</span> <span class='ocrx_word' id='word_1_118' title='bbox 1399 2791 1646 2898; x_wconf 74' lang='lat' dir='ltr'>impediebat,</span> <span class='ocrx_word' id='word_1_119' title='bbox 1660 2794 1761 2870; x_wconf 90' lang='lat' dir='ltr'>bona</span> <span class='ocrx_word' id='word_1_120' title='bbox 1775 2793 1964 2870; x_wconf 80' lang='lat' dir='ltr'>dictorum</span> <span class='ocrx_word' id='word_1_121' title='bbox 1976 2791 2295 2900; x_wconf 76' lang='lat' dir='ltr'>hereditagiorum</span> 
     </span>
     <span class='ocr_line' id='line_1_15' title="bbox 876 2898 2297 3030; baseline -0.001 -31"><span class='ocrx_word' id='word_1_122' title='bbox 876 2921 1033 2999; x_wconf 89' lang='lat' dir='ltr'>levando</span> <span class='ocrx_word' id='word_1_123' title='bbox 1054 2939 1091 2999; x_wconf 91' lang='lat' dir='ltr'>et</span> <span class='ocrx_word' id='word_1_124' title='bbox 1111 2922 1226 2999; x_wconf 90' lang='lat' dir='ltr'>eciam</span> <span class='ocrx_word' id='word_1_125' title='bbox 1249 2921 1495 3028; x_wconf 81' lang='lat' dir='ltr'>asportand03</span> <span class='ocrx_word' id='word_1_126' title='bbox 1519 2950 1637 3030; x_wconf 80' lang='lat' dir='ltr'>quam</span> <span class='ocrx_word' id='word_1_127' title='bbox 1656 2924 1810 3030; x_wconf 83' lang='lat' dir='ltr'>petebat</span> <span class='ocrx_word' id='word_1_128' title='bbox 1829 2922 1954 3000; x_wconf 88' lang='lat' dir='ltr'>dictus</span> <span class='ocrx_word' id='word_1_129' title='bbox 1970 2923 2160 3001; x_wconf 85' lang='lat' dir='ltr'>lohannes</span> <span class='ocrx_word' id='word_1_130' title='bbox 2177 2898 2297 3027; x_wconf 76' lang='lat' dir='ltr'>iibpe</span> 
     </span>
     <span class='ocr_line' id='line_1_16' title="bbox 879 3050 2296 3160; baseline -0.001 -32"><span class='ocrx_word' id='word_1_131' title='bbox 879 3054 1091 3131; x_wconf 88' lang='lat' dir='ltr'>dimentum</span> <span class='ocrx_word' id='word_1_132' title='bbox 1116 3081 1184 3160; x_wconf 88' lang='lat' dir='ltr'>per</span> <span class='ocrx_word' id='word_1_133' title='bbox 1203 3052 1348 3132; x_wconf 86' lang='lat' dir='ltr'>dictum</span> <span class='ocrx_word' id='word_1_134' title='bbox 1368 3052 1612 3159; x_wconf 80' lang='lat' dir='ltr'>hadulphum</span> <span class='ocrx_word' id='word_1_135' title='bbox 1625 3116 1628 3123; x_wconf 96' lang='lat'>.</span> <span class='ocrx_word' id='word_1_136' title='bbox 1640 3054 1681 3130; x_wconf 92' lang='lat' dir='ltr'>in</span> <span class='ocrx_word' id='word_1_137' title='bbox 1707 3053 1842 3131; x_wconf 85' lang='lat' dir='ltr'>saisina</span> <span class='ocrx_word' id='word_1_138' title='bbox 1861 3052 2031 3160; x_wconf 87' lang='lat' dir='ltr'>predicta</span> <span class='ocrx_word' id='word_1_139' title='bbox 2051 3052 2126 3129; x_wconf 81' lang='lat' dir='ltr'>sibi</span> <span class='ocrx_word' id='word_1_140' title='bbox 2151 3050 2296 3158; x_wconf 86' lang='lat' dir='ltr'>apposi-</span> 
     </span>
     <span class='ocr_line' id='line_1_17' title="bbox 878 3161 2295 3291; baseline -0.004 -30"><span class='ocrx_word' id='word_1_141' title='bbox 878 3202 961 3261; x_wconf 89' lang='lat' dir='ltr'>tum</span> <span class='ocrx_word' id='word_1_142' title='bbox 976 3184 1158 3273; x_wconf 88' lang='lat' dir='ltr'>amoveri,</span> <span class='ocrx_word' id='word_1_143' title='bbox 1169 3200 1212 3261; x_wconf 88' lang='lat' dir='ltr'>et</span> <span class='ocrx_word' id='word_1_144' title='bbox 1227 3183 1326 3261; x_wconf 90' lang='lat' dir='ltr'>bona</span> <span class='ocrx_word' id='word_1_145' title='bbox 1340 3183 1474 3273; x_wconf 82' lang='lat' dir='ltr'>exinde</span> <span class='ocrx_word' id='word_1_146' title='bbox 1494 3212 1563 3291; x_wconf 89' lang='lat' dir='ltr'>per</span> <span class='ocrx_word' id='word_1_147' title='bbox 1573 3184 1719 3263; x_wconf 89' lang='lat' dir='ltr'>dictum</span> <span class='ocrx_word' id='word_1_148' title='bbox 1731 3161 1976 3291; x_wconf 77' lang='lat' dir='ltr'>hadulphum</span> <span class='ocrx_word' id='word_1_149' title='bbox 1991 3182 2162 3261; x_wconf 88' lang='lat' dir='ltr'>indebite</span> <span class='ocrx_word' id='word_1_150' title='bbox 2179 3182 2295 3283; x_wconf 77' lang='lat' dir='ltr'>levata</span> 
     </span>
     <span class='ocr_line' id='line_1_18' title="bbox 879 3310 2295 3422; baseline -0.001 -31"><span class='ocrx_word' id='word_1_151' title='bbox 879 3332 918 3391; x_wconf 90' lang='lat' dir='ltr'>et</span> <span class='ocrx_word' id='word_1_152' title='bbox 937 3332 1136 3421; x_wconf 87' lang='lat' dir='ltr'>asportata,</span> <span class='ocrx_word' id='word_1_153' title='bbox 1157 3313 1227 3391; x_wconf 89' lang='lat' dir='ltr'>sibi</span> <span class='ocrx_word' id='word_1_154' title='bbox 1251 3314 1415 3405; x_wconf 88' lang='lat' dir='ltr'>restitui,</span> <span class='ocrx_word' id='word_1_155' title='bbox 1437 3315 1638 3422; x_wconf 86' lang='lat' dir='ltr'>ipsumque</span> <span class='ocrx_word' id='word_1_156' title='bbox 1659 3316 1699 3393; x_wconf 92' lang='lat' dir='ltr'>in</span> <span class='ocrx_word' id='word_1_157' title='bbox 1720 3342 1788 3393; x_wconf 90' lang='lat' dir='ltr'>sua</span> <span class='ocrx_word' id='word_1_158' title='bbox 1806 3314 1941 3392; x_wconf 86' lang='lat' dir='ltr'>saisina</span> <span class='ocrx_word' id='word_1_159' title='bbox 1958 3314 2124 3421; x_wconf 88' lang='lat' dir='ltr'>predicta</span> <span class='ocrx_word' id='word_1_160' title='bbox 2142 3310 2295 3419; x_wconf 87' lang='lat' dir='ltr'>pacifice</span> 
     </span>
     <span class='ocr_line' id='line_1_19' title="bbox 881 3428 2296 3555; baseline -0.002 -35"><span class='ocrx_word' id='word_1_161' title='bbox 881 3446 1088 3523; x_wconf 88' lang='lat' dir='ltr'>conservari</span> <span class='ocrx_word' id='word_1_162' title='bbox 1105 3463 1143 3523; x_wconf 93' lang='lat' dir='ltr'>et</span> <span class='ocrx_word' id='word_1_163' title='bbox 1152 3444 1201 3521; x_wconf 87' lang='lat' dir='ltr'>ab</span> <span class='ocrx_word' id='word_1_164' title='bbox 1211 3445 1313 3523; x_wconf 89' lang='lat' dir='ltr'>omni</span> <span class='ocrx_word' id='word_1_165' title='bbox 1327 3445 1507 3525; x_wconf 90' lang='lat' dir='ltr'>violencia</span> <span class='ocrx_word' id='word_1_166' title='bbox 1521 3464 1560 3528; x_wconf 89' lang='lat' dir='ltr'>et</span> <span class='ocrx_word' id='word_1_167' title='bbox 1570 3446 1708 3555; x_wconf 90' lang='lat' dir='ltr'>injuria</span> <span class='ocrx_word' id='word_1_168' title='bbox 1723 3444 1890 3535; x_wconf 82' lang='lat' dir='ltr'>defendi,</span> <span class='ocrx_word' id='word_1_169' title='bbox 1904 3474 1989 3523; x_wconf 90' lang='lat' dir='ltr'>curn</span> <span class='ocrx_word' id='word_1_170' title='bbox 2010 3428 2145 3521; x_wconf 72' lang='lat' dir='ltr'>adhoc</span> <span class='ocrx_word' id='word_1_171' title='bbox 2159 3440 2296 3520; x_wconf 73' lang='lat' dir='ltr'>faciem</span> 
     </span>
     <span class='ocr_line' id='line_1_20' title="bbox 882 3573 2295 3685; baseline -0.001 -34"><span class='ocrx_word' id='word_1_172' title='bbox 882 3573 989 3663; x_wconf 91' lang='lat' dir='ltr'>dum,</span> <span class='ocrx_word' id='word_1_173' title='bbox 1012 3576 1060 3653; x_wconf 89' lang='lat' dir='ltr'>de</span> <span class='ocrx_word' id='word_1_174' title='bbox 1084 3575 1366 3655; x_wconf 87' lang='lat' dir='ltr'>consuetudine</span> <span class='ocrx_word' id='word_1_175' title='bbox 1381 3577 1500 3685; x_wconf 87' lang='lat' dir='ltr'>patrie</span> <span class='ocrx_word' id='word_1_176' title='bbox 1522 3579 1670 3657; x_wconf 90' lang='lat' dir='ltr'>notoria</span> <span class='ocrx_word' id='word_1_177' title='bbox 1694 3606 1738 3655; x_wconf 87' lang='lat' dir='ltr'>ao</span> <span class='ocrx_word' id='word_1_178' title='bbox 1761 3577 1876 3655; x_wconf 90' lang='lat' dir='ltr'>eciam</span> <span class='ocrx_word' id='word_1_179' title='bbox 1899 3574 1947 3653; x_wconf 92' lang='lat' dir='ltr'>de</span> <span class='ocrx_word' id='word_1_180' title='bbox 1969 3574 2295 3652; x_wconf 76' lang='lat' dir='ltr'>mandato&#39;nostro</span> 
     </span>
     <span class='ocr_line' id='line_1_21' title="bbox 880 3702 2297 3812; baseline -0.004 -29"><span class='ocrx_word' id='word_1_181' title='bbox 880 3706 1052 3812; x_wconf 89' lang='lat' dir='ltr'>speciali,</span> <span class='ocrx_word' id='word_1_182' title='bbox 1071 3706 1192 3784; x_wconf 88' lang='lat' dir='ltr'>dictus</span> <span class='ocrx_word' id='word_1_183' title='bbox 1206 3707 1363 3787; x_wconf 83' lang='lat' dir='ltr'>ballivus</span> <span class='ocrx_word' id='word_1_184' title='bbox 1379 3724 1645 3797; x_wconf 88' lang='lat' dir='ltr'>teneretur,.ut</span> <span class='ocrx_word' id='word_1_185' title='bbox 1660 3706 1822 3798; x_wconf 77' lang='lat' dir='ltr'>dicebat3</span> <span class='ocrx_word' id='word_1_186' title='bbox 1840 3706 1940 3784; x_wconf 90' lang='lat' dir='ltr'>dicto</span> <span class='ocrx_word' id='word_1_187' title='bbox 1959 3704 2154 3811; x_wconf 74' lang='lat' dir='ltr'>hadulpho</span> <span class='ocrx_word' id='word_1_188' title='bbox 2169 3702 2297 3810; x_wconf 86' lang='lat' dir='ltr'>pluras</span> 
     </span>
     <span class='ocr_line' id='line_1_22' title="bbox 878 3835 2299 3947; baseline -0.001 -36"><span class='ocrx_word' id='word_1_189' title='bbox 878 3836 1047 3915; x_wconf 88' lang='lat' dir='ltr'>raciones</span> <span class='ocrx_word' id='word_1_190' title='bbox 1063 3866 1107 3914; x_wconf 87' lang='lat' dir='ltr'>ex</span> <span class='ocrx_word' id='word_1_191' title='bbox 1125 3837 1281 3916; x_wconf 86' lang='lat' dir='ltr'>adverso</span> <span class='ocrx_word' id='word_1_192' title='bbox 1293 3857 1550 3947; x_wconf 81' lang='lat' dir='ltr'>proponente,</span> <span class='ocrx_word' id='word_1_193' title='bbox 1563 3856 1603 3916; x_wconf 85' lang='lat' dir='ltr'>et</span> <span class='ocrx_word' id='word_1_194' title='bbox 1623 3839 1771 3917; x_wconf 85' lang='lat' dir='ltr'>dicente</span> <span class='ocrx_word' id='word_1_195' title='bbox 1788 3836 1894 3945; x_wconf 93' lang='lat' dir='ltr'>quod</span> <span class='ocrx_word' id='word_1_196' title='bbox 1907 3835 2136 3944; x_wconf 86' lang='lat' dir='ltr'>peticionem</span> <span class='ocrx_word' id='word_1_197' title='bbox 2154 3862 2222 3939; x_wconf 56' lang='lat' dir='ltr'>Qu</span> <span class='ocrx_word' id='word_1_198' title='bbox 2239 3860 2299 3909; x_wconf 86' lang='lat' dir='ltr'>re-</span> 
     </span>
     <span class='ocr_line' id='line_1_23' title="bbox 879 3962 2300 4077; baseline -0.003 -32"><span class='ocrx_word' id='word_1_199' title='bbox 879 3984 1049 4075; x_wconf 90' lang='lat' dir='ltr'>questam</span> <span class='ocrx_word' id='word_1_200' title='bbox 1070 3967 1278 4074; x_wconf 85' lang='lat' dir='ltr'>predictam</span> <span class='ocrx_word' id='word_1_201' title='bbox 1291 3968 1381 4047; x_wconf 91' lang='lat' dir='ltr'>dicti</span> <span class='ocrx_word' id='word_1_202' title='bbox 1398 3969 1579 4047; x_wconf 78' lang='lat' dir='ltr'>lobannis</span> <span class='ocrx_word' id='word_1_203' title='bbox 1598 3967 1732 4077; x_wconf 81' lang='lat' dir='ltr'>prelati</span> <span class='ocrx_word' id='word_1_204' title='bbox 1747 3968 1909 4046; x_wconf 86' lang='lat' dir='ltr'>ballivus</span> <span class='ocrx_word' id='word_1_205' title='bbox 1927 3984 1966 4045; x_wconf 89' lang='lat' dir='ltr'>et</span> <span class='ocrx_word' id='word_1_206' title='bbox 1984 3966 2161 4047; x_wconf 84' lang='lat' dir='ltr'>hominos</span> <span class='ocrx_word' id='word_1_207' title='bbox 2179 3962 2300 4054; x_wconf 77' lang='lat' dir='ltr'>feoda¹</span> 
     </span>
     <span class='ocr_line' id='line_1_24' title="bbox 880 4094 2298 4207; baseline -0.004 -32"><span class='ocrx_word' id='word_1_208' title='bbox 880 4098 936 4175; x_wconf 93' lang='lat' dir='ltr'>les</span> <span class='ocrx_word' id='word_1_209' title='bbox 955 4098 1075 4176; x_wconf 86' lang='lat' dir='ltr'>lacere</span> <span class='ocrx_word' id='word_1_210' title='bbox 1096 4098 1252 4176; x_wconf 89' lang='lat' dir='ltr'>minime</span> <span class='ocrx_word' id='word_1_211' title='bbox 1271 4098 1509 4191; x_wconf 89' lang='lat' dir='ltr'>tenebantur,</span> <span class='ocrx_word' id='word_1_212' title='bbox 1521 4127 1590 4207; x_wconf 91' lang='lat' dir='ltr'>pro</span> <span class='ocrx_word' id='word_1_213' title='bbox 1610 4127 1657 4177; x_wconf 92' lang='lat' dir='ltr'>eo</span> <span class='ocrx_word' id='word_1_214' title='bbox 1675 4099 1796 4207; x_wconf 89' lang='lat' dir='ltr'>quod,</span> <span class='ocrx_word' id='word_1_215' title='bbox 1808 4127 1897 4175; x_wconf 87' lang='lat' dir='ltr'>curn</span> <span class='ocrx_word' id='word_1_216' title='bbox 1916 4096 2041 4175; x_wconf 87' lang='lat' dir='ltr'>dictus</span> <span class='ocrx_word' id='word_1_217' title='bbox 2058 4122 2185 4173; x_wconf 90' lang='lat' dir='ltr'>comes</span> <span class='ocrx_word' id='word_1_218' title='bbox 2203 4094 2298 4171; x_wconf 89' lang='lat' dir='ltr'>Pon·</span> 
     </span>
     <span class='ocr_line' id='line_1_25' title="bbox 880 4212 2299 4338; baseline -0.004 -34"><span class='ocrx_word' id='word_1_219' title='bbox 880 4212 944 4304; x_wconf 86' lang='lat' dir='ltr'>tivi</span> <span class='ocrx_word' id='word_1_220' title='bbox 955 4292 963 4319; x_wconf 92' lang='lat'>,</span> <span class='ocrx_word' id='word_1_221' title='bbox 975 4246 1082 4335; x_wconf 86' lang='lat' dir='ltr'>pater</span> <span class='ocrx_word' id='word_1_222' title='bbox 1093 4229 1182 4307; x_wconf 84' lang='lat' dir='ltr'>dicti</span> <span class='ocrx_word' id='word_1_223' title='bbox 1196 4228 1402 4337; x_wconf 78' lang='lat' dir='ltr'>badulphi,</span> <span class='ocrx_word' id='word_1_224' title='bbox 1415 4248 1585 4338; x_wconf 84' lang='lat' dir='ltr'>tempore</span> <span class='ocrx_word' id='word_1_225' title='bbox 1600 4257 1678 4336; x_wconf 87' lang='lat' dir='ltr'>quo</span> <span class='ocrx_word' id='word_1_226' title='bbox 1690 4230 1770 4337; x_wconf 87' lang='lat' dir='ltr'>ipse</span> <span class='ocrx_word' id='word_1_227' title='bbox 1779 4227 1940 4318; x_wconf 84' lang='lat' dir='ltr'>vivebat,</span> <span class='ocrx_word' id='word_1_228' title='bbox 1953 4245 1992 4305; x_wconf 93' lang='lat' dir='ltr'>et</span> <span class='ocrx_word' id='word_1_229' title='bbox 2002 4226 2121 4305; x_wconf 86' lang='lat' dir='ltr'>eciam</span> <span class='ocrx_word' id='word_1_230' title='bbox 2130 4243 2299 4331; x_wconf 84' lang='lat' dir='ltr'>tempore</span> 
     </span>
     <span class='ocr_line' id='line_1_26' title="bbox 881 4357 2298 4468; baseline -0.001 -33"><span class='ocrx_word' id='word_1_231' title='bbox 881 4386 959 4465; x_wconf 89' lang='lat' dir='ltr'>quo</span> <span class='ocrx_word' id='word_1_232' title='bbox 979 4359 1056 4465; x_wconf 91' lang='lat' dir='ltr'>ipse</span> <span class='ocrx_word' id='word_1_233' title='bbox 1076 4358 1250 4448; x_wconf 85' lang='lat' dir='ltr'>decessit,</span> <span class='ocrx_word' id='word_1_234' title='bbox 1265 4360 1422 4439; x_wconf 89' lang='lat' dir='ltr'>haberet</span> <span class='ocrx_word' id='word_1_235' title='bbox 1437 4378 1477 4439; x_wconf 87' lang='lat' dir='ltr'>et</span> <span class='ocrx_word' id='word_1_236' title='bbox 1494 4358 1704 4468; x_wconf 86' lang='lat' dir='ltr'>possideret</span> <span class='ocrx_word' id='word_1_237' title='bbox 1720 4360 1829 4467; x_wconf 89' lang='lat' dir='ltr'>plura</span> <span class='ocrx_word' id='word_1_238' title='bbox 1849 4359 1948 4438; x_wconf 89' lang='lat' dir='ltr'>bona</span> <span class='ocrx_word' id='word_1_239' title='bbox 1967 4357 2209 4445; x_wconf 86' lang='lat' dir='ltr'>hereditaria,</span> <span class='ocrx_word' id='word_1_240' title='bbox 2222 4371 2298 4433; x_wconf 86' lang='lat' dir='ltr'>tam</span> 
     </span>
     <span class='ocr_line' id='line_1_27' title="bbox 882 4487 2299 4599; baseline -0.003 -32"><span class='ocrx_word' id='word_1_241' title='bbox 882 4490 920 4567; x_wconf 92' lang='lat' dir='ltr'>in</span> <span class='ocrx_word' id='word_1_242' title='bbox 931 4491 1170 4569; x_wconf 75' lang='lat' dir='ltr'>Viromandia</span> <span class='ocrx_word' id='word_1_243' title='bbox 1181 4520 1295 4599; x_wconf 79' lang='lat' dir='ltr'>quam</span> <span class='ocrx_word' id='word_1_244' title='bbox 1310 4492 1350 4570; x_wconf 90' lang='lat' dir='ltr'>in</span> <span class='ocrx_word' id='word_1_245' title='bbox 1360 4492 1570 4571; x_wconf 91' lang='lat' dir='ltr'>Belvacinio</span> <span class='ocrx_word' id='word_1_246' title='bbox 1584 4510 1623 4570; x_wconf 85' lang='lat' dir='ltr'>et</span> <span class='ocrx_word' id='word_1_247' title='bbox 1634 4491 1742 4582; x_wconf 69' lang='lat' dir='ltr'>alibi,</span> <span class='ocrx_word' id='word_1_248' title='bbox 1755 4492 1953 4599; x_wconf 85' lang='lat' dir='ltr'>dictusque</span> <span class='ocrx_word' id='word_1_249' title='bbox 1968 4488 2190 4596; x_wconf 76' lang='lat' dir='ltr'>hadulphus</span> <span class='ocrx_word' id='word_1_250' title='bbox 2198 4487 2299 4564; x_wconf 86' lang='lat' dir='ltr'>dioto</span> 
     </span>
     <span class='ocr_line' id='line_1_28' title="bbox 882 4618 2299 4733; baseline -0.001 -38"><span class='ocrx_word' id='word_1_251' title='bbox 882 4622 1026 4709; x_wconf 91' lang='lat' dir='ltr'>comiti,</span> <span class='ocrx_word' id='word_1_252' title='bbox 1042 4639 1232 4730; x_wconf 90' lang='lat' dir='ltr'>tamquam</span> <span class='ocrx_word' id='word_1_253' title='bbox 1255 4622 1426 4733; x_wconf 85' lang='lat' dir='ltr'>ejusdem</span> <span class='ocrx_word' id='word_1_254' title='bbox 1445 4623 1549 4703; x_wconf 83' lang='lat' dir='ltr'>salius</span> <span class='ocrx_word' id='word_1_255' title='bbox 1568 4622 1705 4701; x_wconf 88' lang='lat' dir='ltr'>ultimo</span> <span class='ocrx_word' id='word_1_256' title='bbox 1724 4639 1851 4711; x_wconf 89' lang='lat' dir='ltr'>natus,</span> <span class='ocrx_word' id='word_1_257' title='bbox 1864 4622 1905 4698; x_wconf 94' lang='lat' dir='ltr'>in</span> <span class='ocrx_word' id='word_1_258' title='bbox 1923 4620 2033 4699; x_wconf 89' lang='lat' dir='ltr'>bonis</span> <span class='ocrx_word' id='word_1_259' title='bbox 2044 4618 2299 4725; x_wconf 86' lang='lat' dir='ltr'>predictispro</span> 
     </span>
     <span class='ocr_line' id='line_1_29' title="bbox 883 4745 2299 4861; baseline -0.005 -34"><span class='ocrx_word' id='word_1_260' title='bbox 883 4752 992 4829; x_wconf 87' lang='lat' dir='ltr'>certis</span> <span class='ocrx_word' id='word_1_261' title='bbox 1010 4753 1253 4859; x_wconf 89' lang='lat' dir='ltr'>porcionibus</span> <span class='ocrx_word' id='word_1_262' title='bbox 1272 4754 1319 4833; x_wconf 88' lang='lat' dir='ltr'>ad</span> <span class='ocrx_word' id='word_1_263' title='bbox 1342 4754 1484 4861; x_wconf 88' lang='lat' dir='ltr'>ipsum,</span> <span class='ocrx_word' id='word_1_264' title='bbox 1508 4754 1555 4860; x_wconf 80' lang='lat' dir='ltr'>de</span> <span class='ocrx_word' id='word_1_265' title='bbox 1574 4752 1851 4831; x_wconf 76' lang='lat' dir='ltr'>consuetudine</span> <span class='ocrx_word' id='word_1_266' title='bbox 1875 4750 2024 4830; x_wconf 90' lang='lat' dir='ltr'>notoria</span> <span class='ocrx_word' id='word_1_267' title='bbox 2045 4750 2215 4838; x_wconf 85' lang='lat' dir='ltr'>locorum</span> <span class='ocrx_word' id='word_1_268' title='bbox 2233 4745 2299 4822; x_wconf 90' lang='lat' dir='ltr'>ubi</span> 
     </span>
     <span class='ocr_line' id='line_1_30' title="bbox 883 4876 2302 4993; baseline -0.006 -34"><span class='ocrx_word' id='word_1_269' title='bbox 883 4881 980 4960; x_wconf 86' lang='lat' dir='ltr'>dicta</span> <span class='ocrx_word' id='word_1_270' title='bbox 994 4881 1093 4961; x_wconf 91' lang='lat' dir='ltr'>bona</span> <span class='ocrx_word' id='word_1_271' title='bbox 1113 4885 1339 4974; x_wconf 88' lang='lat' dir='ltr'>consistunt,</span> <span class='ocrx_word' id='word_1_272' title='bbox 1355 4882 1650 4993; x_wconf 87' lang='lat' dir='ltr'>pertinentibus,</span> <span class='ocrx_word' id='word_1_273' title='bbox 1670 4880 1906 4970; x_wconf 86' lang='lat' dir='ltr'>successerit,</span> <span class='ocrx_word' id='word_1_274' title='bbox 1928 4878 2102 4959; x_wconf 81' lang='lat' dir='ltr'>videlicet</span> <span class='ocrx_word' id='word_1_275' title='bbox 2115 4876 2154 4954; x_wconf 91' lang='lat' dir='ltr'>in</span> <span class='ocrx_word' id='word_1_276' title='bbox 2172 4876 2302 4984; x_wconf 90' lang='lat' dir='ltr'>quinta</span> 
     </span>
     <span class='ocr_line' id='line_1_31' title="bbox 881 5004 2302 5120; baseline -0.007 -30"><span class='ocrx_word' id='word_1_277' title='bbox 881 5032 985 5120; x_wconf 91' lang='lat' dir='ltr'>parte</span> <span class='ocrx_word' id='word_1_278' title='bbox 1001 5013 1199 5092; x_wconf 87' lang='lat' dir='ltr'>feodorum</span> <span class='ocrx_word' id='word_1_279' title='bbox 1214 5015 1476 5105; x_wconf 83' lang='lat' dir='ltr'>Viromandis,</span> <span class='ocrx_word' id='word_1_280' title='bbox 1495 5032 1532 5091; x_wconf 91' lang='lat' dir='ltr'>et</span> <span class='ocrx_word' id='word_1_281' title='bbox 1553 5014 1593 5091; x_wconf 91' lang='lat' dir='ltr'>in</span> <span class='ocrx_word' id='word_1_282' title='bbox 1613 5012 1728 5091; x_wconf 88' lang='lat' dir='ltr'>tercia</span> <span class='ocrx_word' id='word_1_283' title='bbox 1746 5029 1850 5120; x_wconf 88' lang='lat' dir='ltr'>parte</span> <span class='ocrx_word' id='word_1_284' title='bbox 1865 5011 2074 5115; x_wconf 81' lang='lat' dir='ltr'>feodorum</span> <span class='ocrx_word' id='word_1_285' title='bbox 2086 5004 2302 5096; x_wconf 84' lang='lat' dir='ltr'>Relvaeinii,</span> 
     </span>
     <span class='ocr_line' id='line_1_32' title="bbox 884 5138 2306 5253; baseline -0.006 -34"><span class='ocrx_word' id='word_1_286' title='bbox 884 5160 921 5219; x_wconf 90' lang='lat' dir='ltr'>et</span> <span class='ocrx_word' id='word_1_287' title='bbox 940 5144 979 5219; x_wconf 93' lang='lat' dir='ltr'>in</span> <span class='ocrx_word' id='word_1_288' title='bbox 999 5144 1123 5221; x_wconf 88' lang='lat' dir='ltr'>media</span> <span class='ocrx_word' id='word_1_289' title='bbox 1139 5162 1243 5253; x_wconf 90' lang='lat' dir='ltr'>parte</span> <span class='ocrx_word' id='word_1_290' title='bbox 1264 5146 1426 5223; x_wconf 91' lang='lat' dir='ltr'>aliorum</span> <span class='ocrx_word' id='word_1_291' title='bbox 1443 5145 1635 5223; x_wconf 92' lang='lat' dir='ltr'>bonorum</span> <span class='ocrx_word' id='word_1_292' title='bbox 1650 5142 1884 5222; x_wconf 89' lang='lat' dir='ltr'>censualium</span> <span class='ocrx_word' id='word_1_293' title='bbox 1899 5142 2131 5245; x_wconf 90' lang='lat' dir='ltr'>ubicumque</span> <span class='ocrx_word' id='word_1_294' title='bbox 2147 5138 2306 5214; x_wconf 86' lang='lat' dir='ltr'>existen-</span> 
     </span>
     <span class='ocr_line' id='line_1_33' title="bbox 883 5265 2302 5385; baseline -0.008 -34"><span class='ocrx_word' id='word_1_295' title='bbox 883 5273 1000 5363; x_wconf 80' lang='lat' dir='ltr'>cium3</span> <span class='ocrx_word' id='word_1_296' title='bbox 1023 5274 1221 5383; x_wconf 87' lang='lat' dir='ltr'>dictusque</span> <span class='ocrx_word' id='word_1_297' title='bbox 1246 5276 1484 5383; x_wconf 75' lang='lat' dir='ltr'>badulphus,</span> <span class='ocrx_word' id='word_1_298' title='bbox 1506 5294 1592 5385; x_wconf 90' lang='lat' dir='ltr'>post</span> <span class='ocrx_word' id='word_1_299' title='bbox 1615 5277 1770 5355; x_wconf 86' lang='lat' dir='ltr'>obitum·</span> <span class='ocrx_word' id='word_1_300' title='bbox 1789 5274 1878 5355; x_wconf 88' lang='lat' dir='ltr'>dicti</span> <span class='ocrx_word' id='word_1_301' title='bbox 1901 5271 2065 5358; x_wconf 91' lang='lat' dir='ltr'>comitis,</span> <span class='ocrx_word' id='word_1_302' title='bbox 2087 5267 2203 5373; x_wconf 87' lang='lat' dir='ltr'>patris</span> <span class='ocrx_word' id='word_1_303' title='bbox 2225 5265 2302 5354; x_wconf 92' lang='lat' dir='ltr'>sui,</span> 
     </span>
     <span class='ocr_line' id='line_1_34' title="bbox 888 5394 2306 5515; baseline -0.004 -36"><span class='ocrx_word' id='word_1_304' title='bbox 888 5402 1054 5482; x_wconf 79' lang='lat' dir='ltr'>fueritin</span> <span class='ocrx_word' id='word_1_305' title='bbox 1070 5407 1203 5485; x_wconf 89' lang='lat' dir='ltr'>saisina</span> <span class='ocrx_word' id='word_1_306' title='bbox 1221 5406 1413 5485; x_wconf 85' lang='lat' dir='ltr'>bonorum</span> <span class='ocrx_word' id='word_1_307' title='bbox 1429 5406 1688 5514; x_wconf 73' lang='lat' dir='ltr'>predictorum</span> <span class='ocrx_word' id='word_1_308' title='bbox 1703 5435 1772 5515; x_wconf 90' lang='lat' dir='ltr'>pro</span> <span class='ocrx_word' id='word_1_309' title='bbox 1787 5400 2030 5513; x_wconf 78' lang='lat' dir='ltr'>porcionibus</span> <span class='ocrx_word' id='word_1_310' title='bbox 2045 5396 2244 5505; x_wconf 79' lang='lat' dir='ltr'>antedictis</span> <span class='ocrx_word' id='word_1_311' title='bbox 2256 5394 2306 5505; x_wconf 81' lang='lat' dir='ltr'>ad</span> 
     </span>
    </p>
   </div>
   <div class='ocr_carea' id='block_1_3' title="bbox 0 0 2937 7284">
    <p class='ocr_par' dir='ltr' id='par_1_3' title="bbox 0 0 2937 7284">
     <span class='ocr_line' id='line_1_35' title="bbox 0 0 2937 7284; baseline 0 0"><span class='ocrx_word' id='word_1_312' title='bbox 0 0 2937 7284; x_wconf 95' lang='lat' dir='ltr'> </span> 
     </span>
    </p>
   </div>
  </div>
 </body>
</html>
