5817 7292
987 1128 1261 1236 suousrss
1287 1145 1351 1218 ar
1377 1127 1584 1220 Procas.
1926 1147 1993 1220 su

628 1291 719 1372 VIII.
750 1288 848 1368 Cum
872 1287 1062 1368 lohannes
1084 1285 1255 1375 Jordani,
1277 1286 1366 1364 civis
1388 1286 1644 1374 Tholosanus,
1667 1285 1782 1393 snper
1800 1303 1925 1364 morte
1942 1287 2003 1364 vel
2041 1307 2225 1375 Prummu,

571 1421 759 1502 occisione
772 1417 952 1498 Bemardi
974 1417 1163 1500 Sedacerii
1178 1417 1428 1497 denunciatus
1441 1416 1576 1496 luisset
1592 1430 1663 1526 per
1679 1417 1849 1495 relictam
1861 1437 1901 1496 et
1915 1423 2005 1498 amia
2104 1403 2168 1448 ¹³¹⁰·

571 1582 637 1634 cos
657 1552 826 1664 ejusdem
844 1551 975 1642 occisi,
996 1569 1033 1630 et
1046 1568 1201 1660 pmpter
1217 1551 1306 1642 hoc,
1327 1568 1405 1628 tam
1423 1550 1593 1630 Tholose
1611 1576 1728 1660 quam
1744 1549 1783 1626 in
1802 1550 2004 1629 Castelleto

571 1685 786 1776 Pariaiensi,
808 1685 846 1763 in
868 1685 1034 1794 prisione
1054 1683 1121 1762 diu
1140 1685 1319 1763 detentus
1334 1682 1483 1777 luisset,
1503 1683 1542 1762 et
1560 1685 1601 1762 in
1621 1711 1728 1763 cansa
1745 1682 1844 1761 dicte
1858 1684 2006 1761 denun-

572 1818 764 1910 ciacionis,
790 1817 922 1896 multis
943 1815 1180 1924 processibus
1203 1815 1358 1906 habitis,
1385 1815 1517 1924 plures
1532 1818 1722 1894 sentencie
1747 1813 1821 1895 late
1847 1812 2007 1894 fuissent

429 1961 438 1970 '
569 1978 639 2056 pro
661 1951 762 2030 dicto
778 1950 968 2038 Iohanne,
991 1966 1029 2027 et
1048 1977 1117 2056 per
1137 1966 1420 2058 procuratorem
1440 1966 1612 2028 nostrum
1635 1949 1764 2057 plures
1782 1949 2006 2057 appellscio-

570 2109 638 2160 nes
660 2110 776 2189 super
793 2084 867 2162 boo
889 2081 1103 2190 interjecto,
1124 2107 1167 2158 ac
1189 2107 1303 2186 super
1327 2079 1490 2188 quadam
1510 2080 1818 2174 interlocutorias
1837 2081 1875 2157 in
1896 2107 2005 2160 cansa

569 2211 790 2321 hujusmodi
800 2241 870 2320 per
878 2211 1155 2290 commissarios
1164 2228 1313 2290 nostros
1322 2211 1485 2303 data,de
1495 2213 1746 2322 supponendo
1760 2214 1882 2321 ipsum
1894 2237 2007 2320 qnes-

568 2342 754 2432 tionibus,
773 2361 812 2422 et
823 2343 1091 2454 appellacione‚
1108 2370 1178 2449 per
1192 2342 1367 2422 consules
1382 2343 1631 2438 Tholosanos,
1649 2374 1765 2454 snper
1783 2346 1873 2440 boc,
1891 2345 2007 2424 inter-

569 2475 701 2580 posita,
712 2475 842 2584 plures
858 2503 1054 2583 processus
1070 2474 1154 2552 lacti
1168 2472 1342 2566 luissent,
1356 2477 1535 2586 dictoque
1547 2479 1723 2556 Iohanne
1734 2477 1876 2556 deinde
1892 2509 2007 2586 super

570 2607 643 2686 boc
662 2608 925 2716 questionibus
945 2608 1140 2715 supposito
1161 2639 1170 2685 ε
1188 2609 1379 2696 Tandem,
1404 2608 1493 2686 visis
1510 2627 1588 2686 tam
1608 2609 1780 2715 inquesta
1799 2637 1913 2716 super
1932 2613 2004 2689 hoc

569 2734 663 2814 lacta
693 2767 807 2845 qararn
837 2739 1076 2845 processibus
1107 2735 1287 2815 omnibus
1310 2737 1519 2844 superbiis
1540 2739 1695 2828 habitis,
1718 2757 1756 2817 et
1776 2739 2003 2846 adplenum

570 2867 786 2948 examinatis
807 2885 845 2948 et
864 2869 1039 2948 discussis
1059 2868 1232 2976 inquesta
1255 2884 1292 2945 et
1309 2868 1550 2977 processibus
1570 2871 1747 2948 omnibus
1762 2872 2000 2978 supradictis,

568 3029 638 3108 per
652 3001 755 3079 curie
771 3019 899 3081 nostre
910 3000 1114 3110 judicium,
1129 2999 1253 3078 dictus
1264 3000 1468 3108 lohannes¹
1480 3029 1595 3109 super
1609 3002 1904 3081 denunciacione
1919 3030 2004 3111 pre-

570 3132 669 3210 dicta
691 3148 730 3210 et
756 3132 925 3210 aniculis
947 3131 1127 3210 omnibus
1146 3129 1186 3208 in
1206 3159 1250 3209 ea
1269 3131 1472 3222 contentis,
1494 3130 1567 3209 luit
1585 3131 1769 3242 legittime
1793 3134 2000 3214 absolutus.

624 3264 665 3341 In
681 3262 807 3372 vigilia
819 3263 1047 3354 Candelose,
1065 3289 1197 3342 mense
1214 3262 1407 3342 februarii.

624 3529 683 3605 IX.
715 3527 812 3607 Cum
839 3528 1052 3606 chardns
1076 3527 1261 3636 Hugonis,
1286 3554 1454 3606 asserens
1477 3553 1519 3605 se
1543 3528 1709 3636 priorem
1738 3531 1932 3637 prioratus·
1955 3533 2004 3610 de

569 3657 892 3748 Clario-Vallibus,
924 3657 1141 3736 senescallie
1171 3657 1438 3750 Ruthenensis,
1468 3686 1512 3735 ex
1537 3658 1741 3738 collacione
1765 3690 1834 3767 per
1862 3663 2000 3740 Sedem
2092 3685 2098 3692 ’

569 3788 822 3897 Apostolicam
841 3788 913 3864 sibi
930 3788 1039 3882 lacta,
1057 3789 1334 3897 inductumque
1354 3819 1393 3866 se
1414 3789 1454 3866 in
1476 3790 1710 3896 corporalem
1724 3792 2001 3896 possessionem

571 3917 661 3995 dicti
675 3917 878 4025 prioratus,
896 3936 1123 4026 conquestus
1139 3918 1271 3998 luisset
1290 3919 1338 3997 de
1355 3918 1581 3998 officialibus
1601 3919 1739 3996 nostris
1759 3920 1858 3997 dicte
1875 3950 2002 4001 senes

570 4047 690 4138 callie,
703 4049 807 4156 quod
823 4048 948 4155 ipsum
964 4049 1134 4128 indebite
1145 4066 1184 4127 et
1194 4051 1242 4128 de
1258 4077 1355 4128 novo
1368 4047 1644 4156 impediebant,
1659 4077 1712 4142 ac,
1726 4076 1795 4157 per
1810 4079 2000 4132 armorum

568 4179 792 4286 potenciam,
806 4178 1023 4258 nitebantur
1037 4179 1222 4288 impedire
1234 4179 1442 4288 quominus
1457 4180 1538 4288 ipse
1548 4199 1675 4288 posset
1688 4183 1852 4290 gaudere
1868 4185 2003 4265 saisina

570 4311 660 4390 dicti
674 4311 878 4418 prioratus,
897 4327 936 4388 et
956 4312 1079 4418 quod,
1100 4313 1225 4420 ipsum
1241 4311 1430 4390 turbando
1450 4341 1567 4421 super
1580 4312 1666 4406 boc,
1684 4313 1910 4396 senescallus
1927 4320 2005 4397 Ru-

567 4442 761 4522 thenensis
774 4471 931 4520 manum
950 4461 1117 4521 nostram
1134 4444 1263 4552 posuit
1277 4443 1317 4522 in
1334 4443 1435 4524 dicto
1450 4445 1638 4552 prioratu,
1657 4445 1798 4556 absque
1818 4475 1928 4527 cansa
1946 4477 2003 4528 ra-

568 4573 762 4666 cionabili,
776 4575 994 4683 ipsumque,
1009 4575 1081 4654 sub
1095 4576 1194 4654 dicta
1207 4605 1323 4655 manu
1337 4593 1480 4672 nostra,
1495 4577 1667 4686 permisit
1679 4608 1749 4686 per
1761 4579 1913 4658 fratrem
1929 4584 2002 4662 Re-

568 4707 753 4786 mondum
782 4707 831 4786 de
858 4706 1051 4816 Balagario
1079 4707 1225 4787 turbari
1255 4708 1293 4785 in
1326 4708 1461 4787 saisina
1490 4708 1675 4816 predicta,
1706 4741 1871 4821 cumque
1898 4714 2000 4792 idem

565 4837 781 4917 Beruardus
799 4837 943 4917 litteras
959 4853 1106 4918 nostras
1125 4839 1350 4920 obtinuisset
1370 4839 1472 4919 dicto
1491 4839 1696 4921 senescallo
1717 4843 1892 4934 directas,
1909 4875 2001 4924 con-

566 4967 729 5049 tinentes
743 4970 910 5080 quodsi,
926 4971 1066 5051 vocatis
1077 4971 1292 5062 evocandis,
1309 4972 1410 5053 dicto
1422 4973 1627 5054 senescallo
1639 4994 1827 5056 constaret
1838 4979 1888 5055 ita
1901 5006 1997 5072 esse,

566 5099 711 5182 dietum
733 5103 1052 5211 impedimentum
1073 5123 1263 5184 amoveret
1283 5123 1321 5184 et
1343 5106 1469 5215 ipsum
1488 5108 1724 5187 bernardum
1744 5109 1784 5186 in
1808 5137 1876 5190 sna
1899 5112 1999 5191 bona

566 5233 700 5314 saisina
725 5235 815 5314 dicti
839 5237 1027 5344 prioratus
1062 5255 1340 5332 manuteneret,
1368 5238 1683 5350 deffenderetquo
1712 5241 1759 5321 ab
1785 5243 1932 5352 injuriis
1963 5263 2000 5320 et

567 5363 758 5446 violenciis
778 5369 1004 5464 manifestis,
1027 5370 1226 5480 dictusque
1246 5371 1492 5467 senescallus,
1515 5375 1655 5453 vocatis
1675 5375 1785 5452 dictis
1805 5373 1999 5454 Bernardo

569 5511 607 5574 et
621 5496 837 5589 Remoado,
859 5501 924 5607 qui
940 5503 1163 5582 Remondus
1180 5502 1329 5584 dicebat
1347 5533 1388 5584 se
1402 5505 1569 5613 priorem
1592 5503 1681 5583 dicti
1699 5503 1887 5611 prioratus
1905 5520 1944 5579 et
1958 5502 1997 5578 in
