5817 7292
980 1209 986 1220 ,
1059 1115 1328 1222 asonnsns
1353 1135 1418 1206 ar
1444 1115 1651 1207 nnocns.
2017 1135 2061 1204 77

702 1274 814 1350 Istam
832 1273 1159 1364 informacionem,
1180 1275 1228 1352 de
1249 1276 1426 1354 mandato
1444 1275 1655 1354 litterarum
1673 1274 1819 1352 domini
1832 1277 1960 1384 Regis,
1980 1275 2064 1350 misi
2103 1291 2232 1344 Pomm
2243 1293 2288 1351 rt.

646 1403 790 1481 cantori
806 1404 1068 1484 Aurelianensi
1085 1433 1155 1512 per
1170 1406 1347 1484 clericum
1365 1436 1491 1486 sunm.
2156 1387 2219 1428 ¹³⁰¹·

703 1670 764 1744 lX.
795 1669 986 1774 lnquesta‚
1006 1669 1101 1746 facta
1116 1698 1188 1775 pro
1205 1670 1433 1747 monialibus
1448 1669 1737 1778 Longi-Campi,
1752 1668 1857 1774 juxta
1874 1668 2070 1744 Sanctum·

648 1799 900 1890 Clodoveum‚
924 1801 1080 1876 racione
1114 1800 1308 1906 cujusdam
1333 1829 1464 1878 earum
1487 1799 1712 1878 monialium
1739 1798 1931 1904 Philipps,
1957 1826 2069 1903 super

648 1929 958 2036 augmentacione
986 1929 1183 2034 cujusdam
1211 1931 1326 2007 annui
1355 1932 1528 2010 redditus
1549 1957 1667 2036 quom
1692 1929 1772 2032 ipse
1795 1928 2008 2034 percipiunt
2030 1928 2069 2003 in

647 2059 759 2136 bursa
777 2058 922 2136 domini
940 2060 1067 2166 Regis,
1089 2060 1260 2165 expedita
1279 2077 1349 2150 est,
1370 2079 1409 2138 et
1425 2061 1520 2138 facta
1533 2089 1647 2165 super
1663 2060 1737 2136 hoc
1755 2059 1879 2135 littera
1896 2060 1944 2136 ad
1960 2058 2071 2135 balli·

646 2218 734 2264 vum
750 2187 1046 2276 Cadomensem;
1069 2188 1176 2294 cujus
1193 2188 1318 2267 littere
1334 2209 1446 2268 tenor
1468 2208 1526 2269 est
1542 2217 1629 2267 cum
1645 2189 1828 2295 inquesta.
1944 2262 1954 2267 ..

702 2317 801 2395 lovis
815 2335 902 2394 ante
921 2319 1099 2396 Sanctum
1118 2319 1310 2398 Mathiam.

703 2583 747 2658 X.
779 2583 953 2688 lnqnesta
970 2583 1065 2660 lacta
1083 2611 1150 2690 pro
1169 2585 1219 2662 Μ.
1239 2585 1347 2661 Helia
1365 2586 1413 2662 de
1429 2587 1678 2664 Malo-Monte
1697 2602 1735 2662 et
1753 2585 1950 2692 Aymerico
1968 2587 2016 2662 dc
2034 2585 2082 2660 la-

648 2711 849 2801 Cassanha,
869 2732 999 2792 contra
1018 2712 1245 2792 Gaulridum
1262 2715 1311 2790 de
1331 2715 1516 2792 Pontibus
1535 2731 1575 2790 et
1590 2731 1720 2819 gentes
1736 2743 1839 2806 suas,
1858 2744 1970 2820 super
1985 2717 2071 2820 qui-

647 2842 806 2922 busdam
822 2845 945 2952 prisiis
964 2863 1001 2922 et
1017 2844 1228 2936 violenciis,
1243 2873 1310 2952 per
1333 2845 1477 2920 curiam
1494 2843 1661 2922 anullata
1684 2862 1722 2921 et
1738 2844 1872 2924 iterato
1888 2846 2066 2923 facienda.

702 2977 801 3053 lovis
821 2992 906 3054 ante
928 2977 1107 3055 Sanctum
1127 2976 1366 3083 Gregorium.

704 3241 764 3318 XI.
796 3242 971 3347 Inquesta
1003 3241 1098 3318 facta
1126 3241 1225 3318 inter
1253 3240 1427 3318 abbatem
1455 3259 1493 3316 et
1519 3258 1743 3318 conventum
1771 3241 1819 3317 de
1837 3240 2006 3323 Vallibus
2033 3244 2072 3319 in

649 3370 809 3479 Ornayo,
829 3389 867 3451 et
881 3373 1081 3450 dominum
1100 3374 1312 3450 lohannem
1329 3373 1377 3450 de
1397 3371 1649 3462 Godrencora
1665 3371 1843 3461 militem,
1865 3401 1978 3480 super
1996 3375 2075 3480 qni·

648 3501 808 3580 busdam
825 3503 1035 3593 violenciis,
1058 3501 1221 3580 anullata
1249 3521 1286 3580 et
1310 3503 1447 3580 itemm
1467 3503 1647 3582 facienda.

706 3634 868 3713 Sabbato
889 3652 974 3712 ante
994 3634 1160 3712 Cineres.

707 3897 783 3973 llll.
813 3896 911 3975 Cum
931 3897 1030 3974 inter
1049 3895 1233 3987 Giletam‚
1250 3923 1406 3974 uxorem
1421 3897 1604 3974 lohannis
1621 3898 1669 3974 de
1684 3897 1914 3988 Chauniaco,
1932 3916 1970 3974 et
1987 3927 2076 3976 eun·

651 4025 740 4101 dem
760 4027 985 4114 lohannem‚
1010 4054 1097 4116 suo,
1117 4055 1159 4104 ac
1173 4026 1314 4106 Galteri
1329 4025 1468 4116 fratris,
1484 4027 1620 4115 Maria,
1637 4027 1772 4118 Alicio,
1790 4055 1962 4104 sororum
1977 4029 2076 4106 dicte

651 4154 793 4243 Gilem,
817 4155 924 4231 annis
938 4156 1150 4245 minorum,
1168 4157 1341 4245 nomine,
1360 4156 1547 4233 heredum
1562 4157 1660 4233 dicte
1675 4156 1869 4261 quondam
1884 4157 2076 4262 Majorisse

652 4286 700 4362 de
715 4284 899 4372 vallibus,
919 4313 963 4362 ex
981 4303 1087 4391 parte
1105 4315 1199 4376 nna,
1219 4305 1257 4364 et
1270 4285 1452 4364 ballivum
1467 4299 1637 4363 nostmm
1654 4284 1994 4364 viromandensem
2007 4316 2076 4392 pro

652 4416 778 4513 nobis,
806 4432 972 4522 exparte
992 4417 1125 4505 altera,
1148 4417 1285 4494 vocatis
1305 4415 1445 4494 adhoc
1465 4416 1582 4494 eciam
1606 4417 1747 4524 majore
1772 4434 1811 4494 et
1828 4417 1964 4523 juratis
1984 4397 2078 4494 Lau-

654 4547 905 4637 dunensihus,
928 4563 1008 4625 orta
1026 4564 1123 4626 esset
1142 4548 1294 4626 materia
1314 4547 1522 4655 questionis
1536 4577 1650 4656 super
1664 4548 1825 4654 quadam
1846 4548 1962 4626 domo
1979 4549 2077 4626 dicte

653 4679 845 4785 quondam
864 4677 1074 4786 Majorisse‚
1097 4678 1167 4756 sita
1186 4679 1225 4755 in
1250 4681 1333 4760 loro
1358 4680 1618 4769 Laudunensi‚
1640 4709 1753 4786 qoam
1778 4680 1898 4758 dictis
1921 4681 2079 4760 ballivus

653 4811 700 4888 ad
720 4839 874 4889 manum
893 4827 1058 4887 nostram
1079 4830 1254 4917 posuerat
1274 4831 1312 4890 et
1329 4812 1503 4901 tenebat,
1526 4827 1565 4888 et
1583 4839 1697 4918 qnam
1717 4811 1876 4888 domum
1897 4811 1995 4889 dicta
2014 4813 2080 4891 Gi-

654 4941 744 5030 leta‚
767 4969 836 5048 pro
857 4970 899 5018 se
918 4959 956 5018 et
974 4941 1154 5048 predictis
1173 4943 1396 5032 minoribus,
1415 4941 1565 5021 racione
1585 4943 1830 5020 successionis
1849 4942 1948 5020 dicte
1963 4944 2080 5050 Majo-

654 5072 764 5161 risse‚
788 5073 974 5162 eriasus,
999 5091 1180 5180 tanquam
1201 5073 1362 5152 heredes
1381 5073 1672 5181 propinquiores
1696 5074 1885 5181 ejusdcm,
1907 5075 2076 5181 petebat,

654 5232 869 5310 proponens
892 5205 998 5310 quod
1025 5204 1123 5282 dicta
1147 5205 1358 5312 Majorissa‚
1389 5221 1562 5312 tempore
1588 5235 1666 5312 quo
1690 5205 1769 5313 ipsa
1794 5205 1973 5294 decessit,
2001 5223 2079 5283 erat

656 5335 778 5412 saisita
807 5337 854 5412 de
887 5335 1003 5415 domo
1033 5336 1220 5444 predicta,
1249 5354 1383 5444 petens
1414 5336 1531 5414 eciam
1565 5339 1728 5417 amoveri
1761 5336 2078 5445 impedimentum

657 5465 760 5568 quod
780 5465 903 5542 dictus
920 5464 1097 5556 ballivus,
1123 5497 1192 5574 pro
1220 5466 1345 5558 nobis,
1368 5483 1538 5574 pretextu
1564 5467 1758 5576 cujusdam
1779 5464 2077 5554 confiscacionis,
