5817 7292
875 1113 948 1191 [198
1458 1117 1547 1191 LES
1577 1115 1718 1189 OLlM.

646 1257 835 1338 anmrv,
870 1275 947 1338 tam
963 1259 1151 1367 ejusdem,
1173 1275 1339 1365 exparte
1361 1285 1451 1347 una,
1475 1273 1513 1334 et
1527 1257 1734 1335 Robertum
1750 1254 1798 1330 de
1818 1255 1959 1362 Burgo,
1983 1251 2033 1331 de
2053 1254 2233 1349 Berrone,
2256 1287 2301 1336 ex

709 1365 771 1411 Μ’
870 1389 1000 1482 altera,
1023 1421 1135 1500 super
1153 1391 1328 1499 pluribus
1347 1390 1495 1498 injuriis
1516 1406 1553 1466 et
1571 1386 1846 1497 gravaminibus
1860 1403 1898 1464 et
1913 1385 2087 1493 dampnis
2107 1388 2210 1466 dicto
2227 1392 2302 1467 Ro-

870 1521 979 1602 berto
994 1553 1015 1602 a
1031 1526 1203 1631 predicto
1223 1523 1360 1614 Adam,
1382 1551 1450 1628 per
1467 1551 1506 1599 se
1523 1537 1561 1598 et
1579 1537 1711 1629 gentes
1730 1550 1831 1610 suas,
1854 1537 1898 1597 ut
1918 1519 2067 1598 dicebat
2087 1520 2211 1598 dictus
2230 1524 2304 1598 Ro-

871 1652 1016 1746 bertus,
1028 1639 1159 1734 illatis}
1175 1655 1288 1742 Visis,
1301 1681 1368 1758 per
1378 1653 1521 1730 curiam
1532 1667 1714 1740 nostram,
1729 1651 1895 1730 articulis
1909 1669 1947 1728 et
1956 1651 2172 1729 racionibus
2186 1653 2304 1759 ipsius

870 1785 1041 1876 Robcrti,
1064 1813 1212 1863 necnon
1239 1783 1339 1861 dicte
1366 1782 1497 1860 relicte
1519 1781 1803 1861 defensionibus
1823 1801 1862 1860 ct
1879 1782 2106 1890 quibusdam
2125 1782 2304 1889 judicatis

871 1918 974 1996 curie
994 1935 1138 2004 nostre,
1162 1945 1202 1994 ex
1225 1933 1329 2022 parte
1351 1915 1450 1992 dicte
1471 1913 1618 2003 relicte,
1640 1915 1849 2022 productis,
1872 1944 1913 1991 ac
1933 1914 2169 2022 processibus
2192 1944 2305 2021 super

872 2048 946 2126 hiis
966 2048 1105 2128 habitis
1124 2050 1224 2125 inter
1244 2065 1368 2152 partes
1388 2046 1591 2154 predictas,
1615 2075 1718 2136 cum,
1740 2048 1781 2124 in
1802 2045 2039 2154 processibus
2064 2046 2301 2154 hujusmodi,

872 2179 985 2258 fuerit
1000 2181 1195 2258 inventum
1214 2178 1320 2286 quod
1337 2178 1436 2256 dicte
1457 2195 1599 2285 partes,
1619 2209 1731 2284 super
1749 2179 1944 2285 predictis,
1969 2196 2247 2284 supposuerunt
2262 2209 2301 2255 se

874 2312 1107 2392 ordinacioni
1128 2329 1272 2400 nostre,
1295 2339 1381 2402 nos,
1404 2338 1537 2388 omnes
1560 2310 1745 2388 dictarum
1765 2311 1934 2417 parcium
1957 2308 2159 2387 discordias
2181 2339 2302 2418 usque

873 2443 921 2520 ad
940 2460 1155 2552 presentem
1176 2442 1278 2518 diem
1297 2469 1366 2548 per
1385 2442 1669 2519 ordinacionem
1685 2458 1851 2520 nostram
1872 2441 2030 2520 omnino
2049 2442 2250 2519 terminare
2266 2459 2305 2517 et

874 2578 997 2684 sopire
1014 2577 1196 2664 volentes,
1215 2603 1347 2654 omnes
1361 2577 1580 2682 questiones
1600 2604 1666 2653 seu
1685 2576 1893 2682 peticiones
1911 2578 2008 2654 inter
2027 2594 2149 2684 partes
2164 2575 2305 2682 predic·

872 2727 929 2786 tas
947 2707 1171 2815 pendentes,
1191 2725 1228 2785 et
1244 2724 1487 2814 quopropter
1504 2707 1599 2784 sacta
1617 2709 1745 2784 omnia
1764 2708 1944 2786 hactenus
1958 2709 2137 2816 preterita
2153 2725 2306 2814 possent

873 2839 973 2916 inter
996 2867 1057 2918 eas
1081 2838 1188 2928 oriri,
1215 2867 1281 2946 per
1302 2839 1585 2916 ordinacionem
1605 2856 1773 2916 nostram
1794 2841 1959 2918 totaliter
1977 2869 2209 2929 amovemus,
2235 2870 2308 2916 cas-

874 3000 998 3048 samus
1018 2989 1055 3048 et
1070 2970 1299 3063 anullamus,
1318 2971 1559 3078 injungentes
1577 2970 1675 3048 dicte
1693 2971 1822 3049 relicte
1842 2970 2034 3079 quodipsa
2048 2972 2217 3078 predicto
2232 2974 2307 3048 Ro-

874 3101 999 3190 berto,
1020 3101 1158 3180 virtute
1175 3101 1359 3209 presentis
1382 3099 1636 3179 ordinacionis
1661 3119 1802 3190 nostre,
1830 3119 2014 3180 trecentas
2038 3101 2152 3180 libras
2181 3103 2306 3178 Turo-

876 3263 1027 3322 nenses,
1049 3232 1144 3310 infre
1162 3234 1303 3312 instans
1321 3233 1459 3310 festum
1477 3234 1716 3312 Ascensionis
1732 3235 1903 3323 Domini,
1922 3236 2065 3342 integre
2084 3235 2301 3340 persolvat¹.

931 3365 1089 3442 Veneris
1108 3382 1194 3442 ante
1207 3367 1343 3442 Ramos
1363 3365 1589 3442 Palmarum.

934 3627 1040 3708 CVII.
1069 3627 1168 3706 Cum
1184 3629 1406 3736 Raduiphus
1419 3630 1468 3706 de
1480 3630 1623 3737 Nigella
1639 3631 1794 3708 domino
1812 3632 1902 3738 Regi
1922 3629 2184 3709 denunciassct
2199 3630 2303 3737 quod

878 3759 1067 3838 Johannes
1088 3759 1135 3834 de
1156 3759 1273 3847 Falvi‚
1296 3760 1460 3850 scutifer,
1486 3762 1580 3842 duos
1596 3762 1714 3868 ipsius
1729 3763 1916 3870 Raduiphi
1935 3762 2088 3840 valletos
2105 3761 2305 3839 vileniave-

876 3909 947 3980 rat,
968 3889 1159 3980 videlicet,
1180 3891 1393 3969 Johanneto
1414 3895 1555 3972 Kesnot
1575 3901 1730 3970 narvos2
1747 3895 1991 4002 jarretorum,
2015 3911 2052 3970 et
2070 3894 2237 3972 Mahieto
2258 3893 2306 3981 de

877 4021 970 4100 Mari
991 4049 1122 4099 aurem
1142 4021 1348 4100 absciderat
1368 4041 1405 4100 et
1424 4025 1580 4132 injuste,
1603 4025 1833 4130 requirendo
1851 4025 1945 4103 facta
1962 4025 2184 4133 hujusmodi
2207 4053 2308 4103 com-

876 4169 1049 4258 petenter
1074 4155 1286 4243 emendari,
1309 4173 1364 4246 et,
1387 4153 1481 4232 facts
1501 4184 1622 4265 vsuper
1645 4157 1732 4245 hoc,
1760 4157 1831 4234 sub
1857 4176 1957 4235 certa
1979 4156 2115 4246 forma,
2139 4157 2306 4234 commis

878 4284 982 4361 sione
994 4283 1132 4362 ballivo
1148 4285 1452 4375 Viromandensi,
1476 4305 1515 4365 et
1529 4289 1700 4395 inquesta
1720 4318 1831 4397 super
1851 4290 1924 4367 boc
1937 4319 2004 4397 per
2024 4317 2112 4367 eum
2127 4289 2241 4377 sacta,
2259 4288 2306 4364 ad

880 4416 1020 4492 curiam
1036 4434 1239 4523 reportata,
1258 4421 1476 4497 continente
1491 4421 1744 4499 confessiones
1761 4439 1799 4499 et
1814 4421 2050 4500 defensiones
2065 4422 2154 4497 dicti
2167 4421 2306 4498 Joban-

880 4549 950 4630 nis,
974 4576 1017 4624 cx
1042 4565 1145 4654 parte
1165 4549 1283 4658 ipsius
1301 4552 1499 4641 Jobannis,
1526 4551 1654 4658 plures
1675 4553 1832 4630 fuerunt
1851 4555 2042 4661 proposito
2066 4553 2233 4629 raciones
2257 4553 2304 4628 ad

879 4678 995 4756 finem
1020 4679 1213 4757 anulinndi
1243 4682 1380 4760 dictam
1409 4685 1620 4790 inquesta'm
1647 4702 1685 4761 et
1709 4686 1828 4762 eciam
1854 4685 2052 4762 excusandi
2080 4684 2220 4760 dictum
2240 4683 2305 4758 Jo-

879 4807 1042 4886 hannem
1066 4839 1181 4918 super
1206 4810 1311 4890 sactis
1331 4814 1526 4919 predictis,
1547 4815 1720 4922 pluribus
1740 4817 1955 4894 racionibus
1981 4846 2048 4923 per
2068 4816 2209 4893 dictum
2233 4817 2303 4891 Ra-

879 4939 1066 5047 dulphum
1080 4943 1281 5050 propositis
1295 4973 1337 5022 ex
1353 4944 1507 5023 adverso
1523 4978 1531 5022 t
1547 4948 1734 5038 Tandem,
1750 4948 1889 5026 auditis
1903 4946 2091 5025 hincinde
2105 4945 2306 5056 propositis

879 5091 916 5147 et
941 5075 1016 5150 visa
1037 5071 1210 5178 inquesta
1236 5076 1403 5180 predicta
1424 5094 1462 5153 et
1487 5078 1784 5175 confessionibus
1804 5080 1893 5157 dicti
1911 5080 2092 5158 Johanuis
2113 5079 2151 5157 in
2172 5081 2304 5156 eadem

879 5204 1079 5294 contentis,
1103 5231 1170 5307 per
1191 5207 1292 5283 curie
1313 5223 1440 5284 nostre
1455 5207 1663 5315 judicium,
1680 5209 1782 5288 idem
1796 5211 1986 5288 iohannes
2006 5210 2303 5315 condempnatus

923 5385 931 5414 ¹
955 5385 1002 5446 On
1022 5387 1056 5446 lit
1071 5409 1106 5448 en
1128 5409 1249 5471 merge:
1272 5403 1352 5450 oncot
1365 5391 1432 5451 olibi
1447 5404 1475 5450 et
1489 5393 1555 5474 uffe-
1674 5394 1683 5424 ²
1707 5396 1785 5456 Lisez
1800 5417 1901 5454 uersos.

880 5511 944 5548 nur.

1639 5614 1661 5648 X
