5817 7292
848 1120 919 1194 170
1425 1111 1516 1187 LES
1545 1108 1683 1188 OLIM.

618 1275 749 1330 Parnm
762 1272 806 1338 tv,
845 1279 997 1341 centum
1014 1259 1145 1349 libras,
1166 1256 1255 1365 quia
1273 1254 1480 1362 quemdam
1500 1274 1713 1362 suspectum
1729 1255 1776 1332 de
1796 1252 1898 1331 furto
1913 1254 2016 1332 abire
2029 1255 2265 1362 permiserat,

681 1366 745 1410 m
845 1393 1063 1470 mandatum
1084 1407 1140 1469 est
1161 1386 1298 1465 ballivo
1321 1386 1423 1493 quod
1442 1387 1559 1464 dictas
1581 1405 1731 1463 centum
1752 1384 1865 1463 libras
1886 1414 1964 1465 non
1985 1387 2096 1475 levet,
2117 1391 2183 1467 sed
2206 1419 2269 1467 su·

845 1554 913 1632 per
929 1521 1146 1631 hujusmodi
1165 1519 1261 1596 lacto
1280 1536 1408 1594 contra
1423 1518 1548 1624 ipsum
1567 1517 1724 1595 civiliter
1737 1518 1933 1623 procedat,
1953 1536 2068 1624 prout
2081 1521 2129 1598 ad
2145 1520 2268 1627 ipsum

873 1671 1021 1733 emnet.

844 1685 870 1764 P
902 1788 944 1863 In
964 1783 1090 1864 rotulo
1115 1782 1230 1888 hujus
1248 1780 1472 1889 parlamenti
1491 1780 1639 1886 plenius
1659 1781 1884 1857 continetur.

903 2044 1029 2127 XXVI.
1060 2049 1102 2124 In
1135 2074 1242 2124 causa
1270 2042 1536 2153 appellacionis
1570 2072 1591 2118 a
1619 2042 1790 2148 judicato
1824 2044 2003 2151 prepositi
2038 2046 2270 2137 Parisiensis,

848 2177 944 2256 facto
960 2195 1090 2257 contra
1108 2176 1311 2255 Henricum
1329 2176 1376 2253 dc
1392 2172 1572 2283 Trayncl,
1590 2173 1765 2266 militem,
1788 2176 1835 2251 ad
1857 2177 1998 2253 curiam
2018 2194 2185 2253 nostram
2204 2204 2274 2283 per

851 2309 994 2387 dictum
1011 2308 1171 2387 militem
1186 2307 1424 2415 interposite,
1440 2306 1481 2382 in
1496 2334 1606 2383 causa
1620 2333 1694 2413 que
1708 2305 1923 2385 vertebatur
1937 2335 2061 2383 coram
2075 2308 2178 2386 dicto
2192 2334 2274 2415 pre·

851 2439 972 2545 posito
995 2439 1094 2518 inter
1115 2439 1310 2517 dominam
1329 2438 1378 2515 de
1397 2436 1548 2543 Langis,
1570 2464 1613 2512 ex
1628 2416 1707 2513 una
1725 2454 1846 2543 parte,
1869 2455 1907 2515 et
1929 2437 2074 2515 dictum
2096 2438 2271 2529 militem,

852 2600 896 2646 cx
913 2569 1046 2658 altera,
1071 2596 1141 2675 per
1168 2568 1273 2676 quod
1294 2567 1509 2675 judicatum
1538 2566 1837 2674 condempnatus
1865 2567 1989 2645 fuerat
2013 2568 2137 2645 dictus
2164 2569 2275 2647 miles

851 2700 899 2777 ad
914 2698 1174 2806 recipiendum
1194 2699 1241 2776 ad
1259 2698 1480 2805 homagium
1495 2713 1534 2773 et
1550 2695 1773 2775 fidelitatem
1792 2727 1898 2775 suam
1916 2699 2111 2807 Egidium,
2129 2697 2274 2777 dictum

852 2830 1012 2938 Grange,
1038 2832 1267 2939 armigerum
1287 2846 1476 2918 nostrum,
1500 2827 1548 2905 de
1566 2845 1666 2907 terra
1690 2859 1804 2937 quam
1824 2829 1980 2908 tenebat
2004 2829 2103 2908 dicta
2123 2830 2276 2908 domina

852 2992 872 3037 a
898 2962 1000 3039 dicto
1024 2962 1161 3053 milite,
1193 2977 1232 3039 et
1254 2990 1368 3069 quam
1394 2976 1671 3067 permutaverat
1700 2991 1787 3038 cum
1815 2960 1916 3038 dicto
1943 2960 2095 3069 Egidio,
2128 2988 2275 3038 necnon

851 3092 900 3170 ad
924 3093 1203 3173 restituendum
1230 3092 1330 3170 dicto
1348 3090 1484 3197 Egidio
1503 3090 1648 3169 fructus
1672 3109 1709 3169 et
1730 3093 1850 3169 exitus
1870 3120 1966 3199 quos
1992 3092 2126 3169 exinde
2148 3118 2278 3198 perce·

850 3241 957 3329 perat
975 3224 1100 3302 dictus
1119 3222 1230 3299 miles
1247 3249 1268 3297 a
1284 3237 1457 3327 tempore
1477 3248 1554 3326 quo
1570 3221 1694 3299 dictus
1706 3221 1865 3328 Egidius
1885 3223 2029 3298 dictum
2044 3219 2207 3297 militem
2221 3250 2280 3299 re·

852 3354 1005 3459 quisivit
1027 3370 1070 3431 ut
1089 3380 1184 3429 cum
1210 3351 1258 3427 ad
1288 3379 1401 3427 suum
1430 3349 1651 3459 homagium
1674 3352 1860 3457 reciperet
1882 3380 1952 3457 pro
1976 3351 2157 3457 predictis
2171 3354 2277 3430 :Viso
2359 3337 2364 3344 .

853 3482 1054 3589 diligenter
1072 3489 1250 3588 processu
1266 3480 1364 3559 inter
1384 3480 1502 3557 dictas
1520 3498 1645 3587 partes
1660 3508 1786 3558 coram
1805 3481 1905 3557 dicto
1921 3482 2113 3587 preposito
2127 3480 2275 3569 habito,

854 3610 1151 3693 confessionibus
1175 3612 1344 3719 parcium
1369 3630 1407 3689 et
1430 3611 1566 3689 litteris
1592 3612 1630 3687 in
1657 3614 1816 3689 modum
1839 3610 2278 3718 probacionisexhibitis

855 3743 1056 3853 diligenter
1076 3742 1272 3849 inspectis,
1294 3770 1362 3848 per
1380 3742 1482 3820 curie
1503 3760 1630 3820 nostre
1646 3743 1853 3850 judicium,
1877 3741 2021 3819 dictum
2042 3740 2116 3817 luit
2134 3758 2173 3818 et
2190 3768 2279 3850 pro-

854 3875 1076 3955 nunciatum
1100 3875 1198 3955 bene
1223 3873 1339 3952 luisse
1365 3902 1433 3980 per
1459 3874 1606 3951 dictum
1630 3876 1864 3982 prepositum
1885 3873 2118 3980 judicatum,
2146 3888 2185 3949 ct
2212 3900 2280 3980 per

855 4008 999 4086 dictum
1019 4006 1181 4085 militem
1201 4006 1299 4085 male
1319 4005 1566 4113 appellatum,
1589 4024 1626 4085 et
1645 4007 1750 4113 quod
1771 4007 1850 4112 ipse
1872 4006 1945 4083 hoc
1964 4002 2193 4083 emendabit.

912 4138 1087 4217 Mercurii
1108 4156 1196 4247 post
1215 4138 1515 4216 Pentbecostem.

912 4273 1012 4379 Roya
1033 4272 1243 4377 reportavit.
1278 4312 1280 4321 v
1468 4274 1473 4282 ’

915 4532 1056 4610 XXVII.
1086 4532 1183 4611 Cum
1203 4550 1307 4611 mota
1325 4534 1457 4612 luisset
1475 4534 1724 4611 controversia
1746 4534 1846 4612 inter
1864 4564 1935 4612 nos
1953 4552 1992 4612 et
2005 4535 2181 4613 homines
2194 4533 2281 4610 ville

859 4661 907 4740 dc
926 4660 1142 4749 Gressibus‚
1161 4690 1205 4737 ex
1223 4689 1300 4740 una
1318 4680 1442 4769 parte,
1464 4681 1503 4740 et
1522 4664 1705 4742 dilectum
1720 4682 1759 4741 ct
1774 4664 1927 4743 fidelem
1948 4682 2122 4742 nostrum
2141 4663 2282 4740 archie-

858 4793 1054 4899 piscopum
1075 4792 1349 4884 Senonensem,
1368 4823 1412 4871 ex
1430 4794 1563 4884 altera,
1581 4823 1758 4902 supereo
1777 4797 1882 4901 quod
1897 4796 2021 4872 dictus
2036 4793 2282 4900 archiepisco·

859 4953 930 5030 pus
946 4922 1197 5029 proponebat,
1216 4924 1254 5000 in
1270 4940 1397 5002 nostra
1413 4924 1532 5013 curia,
1552 4954 1591 5002 se
1608 4953 1687 5004 esse
1702 4927 1742 5003 in
1758 4926 1892 5002 saisina
1908 4923 2130 5001 instituendi
2151 4939 2189 4999 et
2203 4922 2282 5001 des·

859 5054 1023 5131 tituendi
1041 5054 1260 5161 magistrum
1279 5054 1479 5162 leprosarie
1496 5056 1543 5132 de
1560 5056 1775 5148 Gressibus‚
1794 5054 2023 5133 Senonensis
2036 5052 2224 5162 dyocesis,
2241 5083 2283 5129 ac

858 5187 978 5265 eciam
999 5186 1038 5262 in
1058 5186 1192 5262 saisina
1211 5186 1404 5292 regiminis
1423 5186 1616 5265 bonorum
1634 5185 1901 5295 temporalium
1925 5185 2042 5290 ipsius
2061 5183 2280 5290 leprosarie‚

860 5315 970 5395 nobis
986 5333 1023 5393 et
1037 5314 1216 5422 predictis
1236 5315 1454 5393 hominibus
1474 5317 1515 5393 in
1529 5318 1759 5395 contrarium
1778 5314 2030 5391 asserentibus
2045 5343 2114 5391 nos
2131 5331 2170 5391 et
2182 5314 2283 5422 ipsos

861 5476 941 5527 esse
955 5464 995 5525 et
1009 5445 1122 5525 luisse
1138 5446 1175 5523 in
1191 5446 1325 5525 saisina
1338 5448 1614 5553 predictorum:
1629 5448 1819 5535 Tandem,
1832 5444 1926 5522 lacta
1938 5446 2112 5555 inquesta
2121 5446 2170 5525 de
2182 5474 2284 5524 man·
