5817 7292
984 1053 1246 1163 evoceros
1273 1073 1337 1145 ar
1363 1055 1571 1149 esoces.
1908 1078 1983 1151 crs

571 1214 663 1293 alios
681 1228 877 1321 tangerent
890 1210 1048 1317 predicti
1068 1212 1212 1289 articuli
1232 1212 1303 1291 sibi
1319 1214 1523 1307 commissi,
1539 1239 1608 1320 per
1624 1214 1726 1290 curie
1746 1232 1873 1294 nostre
1885 1217 1986 1324 judi·
2022 1225 2151 1280 Parnm
2165 1226 2207 1288 Ν,

571 1344 687 1433 cium,
710 1341 916 1421 anullatum
934 1340 1007 1419 fuit
1023 1342 1205 1448 quicquid
1222 1371 1291 1449 per
1308 1343 1451 1421 dictum
1471 1342 1651 1420 ballivum
1666 1359 1705 1419 et
1718 1343 1800 1449 ejus
1812 1346 1989 1424 substitu·
2084 1317 2148 1359 m

570 1490 629 1551 tos
648 1471 786 1549 factum
814 1470 933 1548 extitit
951 1470 991 1546 in
1020 1470 1090 1548 bac
1106 1488 1226 1576 parte,
1249 1489 1287 1549 et
1306 1472 1498 1551 dabuntur
1523 1472 1614 1549 certi
1638 1472 1880 1550 commissarii
1900 1477 1983 1580 qui,

571 1602 707 1681 vocatis
722 1601 935 1691 evocandis,
954 1628 1068 1706 super
1089 1600 1199 1679 dictis
1219 1602 1383 1680 articulis
1400 1604 1592 1680 veritatem
1610 1602 1820 1709 inquirent;
1837 1620 1875 1680 et
1893 1604 1987 1683 inte-

570 1734 641 1810 rim
657 1731 848 1810 tenebitur
869 1749 913 1809 ut
935 1732 1041 1838 prius
1064 1732 1105 1808 in
1123 1760 1305 1838 suspenso
1328 1733 1502 1811 execucio
1524 1732 1878 1839 condempnacionis
1901 1762 1986 1839 pre-

571 1862 685 1955 dicte,
707 1862 845 1967 quibus
864 1862 1129 1941 commissoriis
1142 1864 1311 1941 tradetur
1326 1864 1423 1941 dicta
1439 1863 1612 1968 inquesta
1622 1864 1784 1940 anullata
1795 1892 1864 1972 pro
1877 1862 1986 1941 dictis

570 1991 737 2069 articulis
755 2009 793 2069 et
819 1991 1028 2069 commissis
1052 2020 1093 2067 ac
1111 1991 1457 2098 condempnacione
1477 1993 1656 2097 predictis
1675 1992 1764 2070 iude
1789 1993 1985 2071 extrahen-

570 2121 645 2209 dis,
665 2137 709 2197 ut
724 2121 771 2198 de
792 2121 845 2199 eis
861 2120 997 2199 saciant
1015 2120 1162 2227 copiam
1176 2122 1317 2227 quibus
1328 2121 1443 2199 fuerit
1458 2119 1639 2198 facienda.

622 2250 778 2327 Veneris
795 2248 974 2355 predicta.

622 2379 730 2457 Facta
750 2397 807 2458 est
822 2380 1037 2484 commissio
1054 2396 1092 2457 et
1111 2380 1265 2457 remissa
1280 2381 1467 2487 inquesta..

623 2642 798 2721 XXXVII.
828 2642 930 2719 Mota
945 2639 1033 2732 lite,
1048 2668 1172 2719 coram
1187 2641 1326 2719 ballivo
1340 2642 1572 2733 Turonensi,
1589 2643 1688 2720 inter
1703 2661 1985 2749 procuratorem

569 2789 738 2852 nostrum
766 2770 864 2847 dicte
892 2769 1059 2862 ballivie,
1087 2798 1157 2875 pro
1186 2770 1313 2861 nobis,
1342 2798 1386 2846 ex
1410 2798 1485 2847 una
1511 2784 1637 2876 parte,
1674 2789 1713 2850 et
1744 2774 1985 2880 Aymericum

567 2902 731 2993 Odardi,
760 2930 828 3007 pro
852 2928 909 2990 se,
932 2930 976 2977 ex
1001 2900 1132 2989 altera,
1157 2928 1270 3005 super
1289 2927 1335 2977 eo
1354 2901 1459 3006 quod
1481 2900 1602 2979 dictus
1621 2920 1840 3007 procurator
1857 2922 1985 2982 noster

568 3033 718 3111 dicebat
748 3031 875 3109 locum
902 3030 943 3107 in
964 3057 1040 3136 quo
1061 3046 1118 3107 est
1136 3046 1308 3137 stagnum
1339 3031 1385 3107 de
1406 3030 1641 3139 Champigny
1660 3049 1699 3109 et
1718 3032 1862 3139 calceya
1891 3035 1985 3141 ejus·

568 3163 655 3242 dem
678 3189 759 3239 esse
778 3188 912 3266 pascua
932 3176 1055 3239 nostra
1075 3159 1378 3266 quibuscumque
1394 3160 1611 3238 communia
1635 3160 1684 3238 ad
1703 3163 1983 3269 depascendum

536 3290 540 3299 '
566 3290 756 3380 animalia,
777 3308 815 3369 et
829 3316 908 3367 esse
927 3290 968 3365 in
995 3306 1035 3365 et
1058 3288 1106 3365 de
1127 3288 1338 3393 castellania
1357 3305 1485 3367 nostra
1501 3289 1549 3365 de
1569 3290 1743 3379 Loduno,
1767 3292 1983 3398 diceretque
2029 3383 2034 3394 ι

565 3447 635 3499 nos
655 3419 795 3498 babere
817 3444 971 3497 omnem
990 3416 1181 3525 justiciam
1197 3418 1237 3493 in
1256 3417 1340 3493 loco
1359 3416 1547 3523 predicto,
1576 3417 1678 3496 dicto
1704 3418 1901 3525 Aymerico
1924 3421 1984 3497 di-

565 3567 673 3627 cente
698 3578 737 3629 se
748 3551 813 3656 jus
826 3548 967 3625 habere
982 3547 1021 3621 in
1036 3546 1145 3624 dictis
1159 3546 1306 3653 pascuis
1322 3562 1361 3623 et
1377 3546 1577 3624 territoriis
1595 3564 1635 3623 et
1653 3548 1693 3659 in
1716 3550 1820 3624 omni
1832 3548 1982 3655 justicia

566 3676 657 3755 dicti
670 3678 761 3767 loci,
778 3694 855 3753 tam
874 3677 913 3750 in
931 3674 1159 3779 proprietate
1173 3702 1285 3779 quam
1302 3675 1452 3765 saisina;
1475 3674 1639 3761 tandem,
1657 3702 1743 3749 cum
1763 3694 1983 3778 procurator

567 3823 706 3894 noster,
727 3803 886 3882 incuria
905 3819 1047 3893 nostra,
1069 3819 1215 3907 peteret
1232 3804 1441 3909 inquestam
1457 3802 1505 3879 de
1518 3801 1696 3908 predictis
1710 3799 1859 3896 factam,
1878 3807 1981 3881 curie

566 3952 693 4013 nostre
710 3962 779 4040 per
800 3933 945 4010 dictum
964 3931 1143 4008 ballivum
1167 3948 1409 4037 reportatam,
1421 3930 1601 4041 judicari,
1623 3948 1662 4009 et
1684 3934 1797 4039 Hugo
1815 3932 1864 4011 de
1884 3934 1981 4011 Bau-

566 4092 658 4173 ceyo
678 4061 919 4153 domicellus,
935 4089 1089 4168 presens
1108 4062 1148 4137 in
1168 4062 1271 4139 curia
1290 4076 1433 4152 nostra,
1452 4090 1493 4139 se
1513 4063 1553 4137 in
1566 4061 1743 4169 predictis
1755 4081 1977 4169 opponeret,

566 4222 734 4275 asserens
751 4192 1018 4301 proprietatem
1043 4207 1080 4268 et
1097 4190 1269 4269 saisinam
1294 4191 1551 4295 predictorum
1570 4191 1743 4269 omnium
1762 4192 1812 4269 ad
1839 4220 1881 4271 se
1904 4222 1983 4300 per·

564 4326 708 4416 tinere;
732 4323 870 4402 auditis
893 4322 1079 4428 partibus,
1104 4348 1171 4427 per
1190 4338 1356 4399 nostram
1377 4322 1519 4399 curiam
1541 4321 1685 4400 dictum
1703 4321 1776 4398 luit
1800 4322 1905 4430 quod
1924 4324 1982 4400 iu-

566 4472 698 4563 questa
714 4454 761 4531 de
773 4452 967 4560 predictis,
984 4480 1053 4558 per
1063 4451 1207 4529 dictum
1218 4450 1397 4529 ballivum
1411 4453 1575 4557 incepta,
1590 4448 1845 4557 perficeretur,
1862 4480 1980 4557 quan·

564 4602 648 4663 tum
662 4585 711 4663 ad
735 4583 880 4664 dictum
904 4586 1121 4693 Hugonem,
1148 4599 1186 4659 et
1211 4580 1313 4659 curie
1337 4598 1465 4659 nostre
1484 4582 1738 4659 remitteretur
1753 4581 1979 4689 judicanda:

565 4716 674 4796 Dicta
701 4714 815 4824 igitur
840 4714 1014 4822 inquesta
1038 4714 1084 4791 ad
1113 4711 1386 4819 perficiendum
1412 4711 1565 4800 tradita,
1591 4728 1631 4789 et
1656 4712 1758 4789 curie
1781 4729 1908 4791 nostre
1926 4741 1981 4789 re·

565 4847 677 4925 missa
702 4862 740 4922 et
769 4843 971 4953 diligenter
998 4843 1089 4934 visa,
1119 4871 1187 4948 per
1215 4841 1317 4919 curie
1348 4858 1474 4919 nostre
1499 4839 1705 4948 judicium,
1735 4840 1878 4917 dictum
1909 4838 1982 4918 fuit

565 4975 670 5082 quod
690 4976 788 5053 dicta
811 4975 984 5081 inquesta
1005 4974 1053 5051 ad
1070 5001 1222 5080 presens
1241 4998 1317 5049 non
1333 4970 1577 5080 judicabitur,
1598 4988 1752 5077 propter
1768 4972 1897 5076 plures
1915 4971 1982 5047 de·

565 5102 687 5182 sectus
698 5122 867 5212 repertos
879 5105 920 5181 in
936 5104 1084 5197 eadem,
1104 5102 1171 5181 sed
1185 5101 1402 5209 perficietur
1416 5118 1455 5179 et
1468 5100 1744 5209 supplebuntur
1757 5102 1848 5178 dicti
1862 5101 1982 5179 defec-

565 5248 627 5311 tus
647 5261 715 5339 per
738 5252 858 5313 certos
881 5235 1072 5314 auditores
1100 5262 1120 5311 a
1147 5234 1249 5311 curia
1276 5250 1402 5311 nostra
1425 5260 1538 5340 super
1562 5234 1636 5311 hoc
1658 5232 1910 5337 deputandos,
1941 5248 1980 5305 et

567 5363 764 5439 tradentur
788 5365 897 5443 dictis
916 5362 1151 5446 auditoribus
1170 5362 1338 5443 delectus
1355 5362 1528 5469 predicti.
1542 5362 1721 5441 Defectus
1738 5377 1827 5439 suut
1840 5359 1920 5436 isti:

654 5534 709 5575 css
729 5534 811 5576 caru.
836 5538 880 5577 iu.
1806 5512 1848 5573 85
