5817 7292
1046 1117 1311 1231 snoutrns
1337 1139 1401 1210 nr
1426 1118 1633 1212 raucas.
1981 1143 2054 1216 aar

633 1280 850 1360 ordinatum
871 1309 939 1387 per
957 1279 1104 1360 dietum
1117 1282 1286 1390 judicem
1307 1279 1413 1387 quod
1432 1280 1531 1357 dic'te
1556 1278 1683 1356 littere
1713 1279 1788 1356 sive
1808 1239 2055 1362 instrumenla
2094 1291 2224 1348 ruram
2236 1295 2280 1356 tv,

633 1411 877 1520 obligacionis
900 1429 1028 1490 contm
1050 1411 1173 1492 dictos
1198 1427 1407 1501 consortes,
1433 1439 1501 1487 seu
1524 1411 1624 1488 bona
1646 1410 1816 1516 ipsorum
1840 1414 2055 1492 exemcioni
2156 1385 2219 1430 Μ

632 1569 711 1620 uon
727 1542 1006 1635 mandarentur,
1027 1571 1229 1650 quousque
1244 1542 1295 1620 da
1305 1543 1380 1619 boc
1393 1557 1433 1618 et
1445 1568 1559 1647 super
1574 1541 1647 1617 hoc
1662 1539 1792 1617 luisset
1807 1539 1955 1646 plenius
1969 1571 2056 1656 cog-

631 1672 753 1748 nitum
774 1691 814 1750 et
826 1673 1059 1764 discussum3
1080 1675 1220 1782 quibus
1232 1700 1309 1752 uon
1323 1673 1574 1760 obstantibus,
1593 1673 1769 1780 magister
1783 1673 1994 1779 Stephanus
2009 1675 2056 1756 de

632 1803 828 1892 Ferrariis,
848 1804 1067 1909 deputatus,
1085 1821 1250 1911 exparte
1270 1820 1415 1891 nostra,
1433 1805 1482 1882 ad
1504 1803 1726 1912 exigendum
1744 1803 1870 1881 debita
1885 1804 2004 1882 Bichii
2020 1827 2060 1887 et

632 1933 841 2026 Moncbeti,
863 1933 1042 2026 militum,
1066 1962 1235 2012 asserens
1262 1933 1382 2012 dictos
1408 1953 1635 2014 mercatores
1659 1934 1707 2010 de
1731 1937 1760 2012 F
1762 1934 1924 2012 lorencia
1946 1935 2057 2018 lirisse
2160 2037 2163 2044 ¹

632 2063 681 2140 de
695 2063 869 2142 societate
883 2064 1069 2144 dictorum
1082 2064 1267 2154 militum,
1281 2064 1420 2142 dictam
1438 2067 1598 2172 pecunie
1612 2093 1796 2142 summam
1811 2095 1832 2143 a
1846 2065 1956 2146 dictis
1968 2096 2058 2148 con-

631 2195 798 2274 sortibus
816 2195 921 2272 nisus
940 2194 1054 2271 suerit
1078 2196 1245 2305 exigere3
1273 2222 1391 2300 quare
1415 2194 1717 2302 supplicaverunt
1740 2197 1849 2274 nobis
1861 2217 2057 2278 consortes

630 2326 789 2431 predicti
803 2325 908 2431 quod
922 2324 1104 2404 vellemus
1118 2325 1239 2404 lacere
1255 2325 1413 2431 inquiri,
1430 2325 1567 2404 ‘vocatis
1583 2325 1757 2432 gentibus
1771 2327 1908 2406 uostris
1926 2345 1963 2406 et
1976 2329 2058 2408 aliis

632 2457 846 2546 evocandis,
867 2483 979 2561 super
993 2457 1067 2534 boc
1082 2456 1308 2566 diligencius
1319 2456 1514 2534 veritatem
1530 2487 1538 2532 ε
1556 2456 1745 2545 Tandem,
1760 2458 1931 2565 inquesta
1946 2487 2059 2566 snper

631 2587 704 2667 boc
723 2588 771 2664 de
790 2586 969 2664 mandato
991 2604 1121 2670 nosuo
1140 2587 1234 2666 lacta
1254 2607 1293 2665 et
1315 2603 1444 2665 nostre
1467 2586 1568 2663 curie
1589 2603 1790 2691 reportata,
1813 2589 1888 2666 visa
1912 2607 1950 2666 et
1971 2592 2059 2669 diti-

631 2733 764 2824 genter
787 2715 1012 2804 eraminata,
1038 2717 1126 2822 quia
1151 2717 1346 2794 inventum
1372 2732 1429 2792 est
1458 2713 1687 2793 sufficienter
1706 2717 1907 2822 probatum
1936 2721 2057 2801 dictos

632 2862 824 2924 consortes
849 2843 1038 2923 confessos
1059 2844 1173 2923 fuisse
1193 2875 1233 2923 se
1252 2874 1272 2922 a
1294 2845 1404 2923 dictis
1429 2845 1701 2923 mercatoribus
1721 2875 1789 2924 seu
1818 2867 2057 2954 procuratore
2114 2905 2116 2910 .

632 3003 763 3054 eorum
783 2975 967 3082 recepisse
984 2991 1023 3052 et
1040 2975 1184 3054 solvere
1200 2975 1415 3082 promisisse
1439 2973 1578 3052 dictam
1598 3003 1783 3054 smnmam
1798 2980 1974 3084 pecunie,
1991 3009 2056 3088 spe

630 3105 758 3186 future
780 3105 1073 3196 numeracionis,
1095 3133 1165 3184 nec
1183 3121 1242 3184 est
1263 3107 1456 3184 inventum
1479 3104 1599 3184 dictos
1623 3125 1815 3186 consortes
1834 3109 1976 3217 aliquid
1998 3113 2059 3190 ba-

629 3236 756 3315 buisse
780 3236 838 3315 vel
859 3236 1044 3343 recepisse
1067 3266 1089 3314 a
1116 3237 1225 3314 dictis
1249 3235 1523 3314 mercatoribus
1545 3265 1614 3314 seu
1638 3255 1880 3342 procuratore
1900 3269 2053 3332 eorum,

631 3368 919 3474 pronunciatum
930 3365 1017 3457 luit,
1030 3395 1099 3475 per
1108 3368 1211 3446 curie
1221 3384 1348 3446 nostm
1359 3365 1566 3474 judicium,
1583 3367 1704 3444 dictos
1715 3388 1906 3448 consortes
1916 3401 1937 3448 a
1949 3374 2056 3451 dictis

631 3499 903 3577 mercatoribus
921 3526 990 3576 seu
1009 3527 1030 3576 a
1050 3499 1178 3588 nobis,
1198 3498 1336 3576 virtute
1356 3496 1546 3576 dictorum
1561 3498 1899 3580 instrumentorum
1915 3501 2058 3582 confec·

630 3646 758 3708 torum
777 3658 890 3738 super
909 3630 1008 3707 dicta
1024 3657 1172 3707 summa
1186 3629 1364 3734 pecunie,
1378 3657 1458 3708 non
1474 3627 1615 3706 debere
1630 3630 1836 3724 molestari,
1854 3634 1972 3711 immo
1986 3633 2059 3712 dic·

630 3776 691 3839 tos
703 3777 931 3838 mercatores
942 3759 1196 3848 Florentinos,
1214 3788 1284 3837 scu
1298 3787 1434 3838 eorum
1445 3777 1746 3865 procuratorem,
1763 3789 1832 3838 seu
1846 3789 1992 3840 causam
2009 3765 2056 3844 ab

631 3886 722 3995 ipsis
745 3888 943 3980 habentes,
971 3890 1019 3968 ad
1045 3889 1329 3970 restitucionem
1359 3889 1549 3966 dictorum
1578 3890 1918 3967 instrumentorum
1946 3892 2056 3972 dictis

631 4018 871 4098 consortibus
888 4019 1099 4099 faciendam
1124 4047 1204 4097 esse
1224 4016 1523 4124 compellendos,
1550 4036 1588 4096 et
1611 4019 1710 4096 dicta
1729 4019 1979 4099 instrumenta
1994 4052 2058 4101 cu-

631 4148 686 4225 ria
704 4164 831 4226 nostra
851 4177 920 4255 per
938 4150 1041 4226 idem
1055 4150 1249 4258 judicium
1269 4147 1466 4239 anullavit,
1487 4148 1671 4256 dictisque
1684 4152 1956 4231 mercatoribus
1972 4153 2056 4232 Flo-

631 4279 852 4387 rentiniset
876 4307 1011 4358 eorum
1040 4296 1301 4386 procuratore,
1322 4308 1365 4356 ac
1388 4279 1435 4356 ab
1454 4279 1544 4386 ipsis
1571 4309 1719 4357 causam
1746 4280 1971 4362 habentibus
1995 4284 2055 4363 vel

631 4407 750 4487 eciam
771 4408 954 4518 habituris
980 4439 1093 4517 super
1110 4409 1298 4516 peticione
1318 4409 1419 4487 dicte
1437 4409 1599 4516 pecunie
1618 4428 1844 4517 perpetuum
1856 4412 2055 4492 silencium

630 4563 698 4646 per
717 4537 820 4616 idem
834 4539 1024 4647 judicium
1040 4539 1234 4647 imposuit,
1254 4557 1293 4618 et
1305 4539 1408 4647 ipsos
1423 4557 1616 4620 consortes
1632 4567 1745 4648 super
1760 4543 1834 4623 hoc
1850 4546 2058 4624 sentencia·

630 4667 718 4746 liter
736 4669 903 4751 absolvit.

689 4799 731 4875 ln
752 4801 894 4881 octabis
912 4804 1062 4883 Pascha.

687 4929 864 5012 Bocellus
882 4938 1095 5041 reportavit.

690 5191 866 5274 LXXXV.
898 5195 1000 5274 Mota
1024 5199 1273 5278 controversia
1296 5199 1398 5276 inter
1414 5199 1672 5278 Courrardum
1692 5201 1854 5292 Bonnel,
1878 5219 2059 5281 mercato-

634 5348 717 5398 rem
734 5323 784 5402 de
795 5320 1008 5417 Florencia,
1029 5356 1073 5406 ex
1085 5357 1160 5406 una
1175 5346 1299 5436 parte,
1317 5347 1357 5408 et
1374 5330 1584 5410 Firminum
1606 5334 1811 5440 Coquerel,
1826 5335 2059 5442 prepositum

635 5465 728 5529 tuuc
752 5455 1017 5548 Parisiensem,
1040 5475 1077 5536 et
1104 5458 1299 5537 Ferricum
1317 5459 1489 5550 Tacbier,
1516 5463 1676 5542 militem
1700 5466 1803 5572 gnati
1828 5462 2057 5550 Parisiensis,

719 5627 773 5670 aas
793 5629 876 5674 otiu.
893 5631 939 5672 ru,
1870 5620 1910 5687 43

1896 5705 1908 5730 ἱ
