5817 7292
1037 1131 1305 1242 proceres
1330 1148 1396 1219 rr
1420 1129 1627 1222 rsocts.
1970 1152 2044 1227 sta

625 1287 835 1366 dandarum
844 1287 1111 1366 violenciarum
1124 1317 1194 1396 per
1206 1288 1381 1366 homines
1393 1291 1512 1366 lanne
1528 1289 1684 1397 ejusque
1700 1292 1876 1369 territorii
1890 1321 1957 1371 seu
1973 1293 2046 1372 dis-
2085 1304 2214 1362 Pmtm
2228 1309 2270 1372 tv,

623 1421 756 1496 trictus
770 1417 949 1496 laetarum
963 1436 1003 1495 et
1021 1419 1226 1504 illatarum,
1243 1418 1384 1496 sexcies
1400 1418 1589 1525 requisiti,
1606 1436 1683 1496 tam
1698 1448 1766 1527 per
1784 1421 1904 1528 ipsos¹
1921 1451 2045 1501 senes·
2145 1399 2208 1442 Μ’

624 1549 761 1628 callum
771 1578 883 1658 quam
894 1579 963 1657 per
974 1549 1067 1628 alios
1079 1551 1363 1658 predecessores
1373 1550 1506 1657 ipsius,
1518 1565 1562 1626 ut
1569 1551 1685 1628 Petro
1699 1551 1747 1628 de
1758 1553 1887 1642 lama,
1901 1555 2044 1630 Hamna

624 1699 664 1758 et
673 1681 867 1760 Bernardo
880 1681 1078 1789 Piqusrlli,
1092 1681 1362 1760 mercatoribus
1373 1681 1733 1772 Montis-Pessulani,
1748 1683 1949 1762 emendam
1964 1712 2047 1762 con·

624 1814 774 1920 dignam
796 1813 877 1892 fieri
897 1813 1063 1892 lacerent
1078 1814 1127 1891 de
1147 1813 1264 1891 rebus
1280 1842 1350 1920 per
1366 1813 1559 1919 piraticam
1576 1815 1792 1921 pravitatem
1809 1816 1849 1891 in
1870 1814 1962 1892 mari
1984 1817 2047 1894 ab·

623 1942 708 2020 latis
727 1944 872 2022 eisdem
891 1972 960 2050 per
977 1943 1258 2021 Perchevallum
1280 1943 1329 2021 de
1347 1945 1453 2034 Oria,
1476 1943 1709 2023 Anthonium
1727 1946 1909 2034 Marconi,
1931 1946 2048 2025 Chier

623 2073 755 2152 Galeas
774 2092 813 2151 et
830 2073 957 2180 plures
976 2101 1111 2150 eorum
1124 2073 1343 2179 complices,
1359 2075 1456 2152 cives
1475 2076 1697 2166 lanuenses,
1719 2105 1787 2152 sen
1805 2076 1851 2152 de
1872 2075 2046 2155 districtu

621 2207 741 2280 lanne
760 2205 974 2293 existentes,
997 2203 1267 2280 excedentibus
1285 2233 1472 2280 summam
1495 2204 1600 2282 mille
1621 2205 1921 2312 octingentorum
1941 2205 2046 2284 llore-

622 2362 762 2412 norum
783 2335 881 2425 auri,
901 2362 945 2410 ac
962 2334 1011 2412 de
1031 2333 1203 2440 dampnis
1221 2362 1291 2439 per
1310 2335 1383 2410 boc
1401 2333 1516 2412 illatis
1537 2335 1699 2426 eisdem,
1719 2335 1825 2441 quod
1847 2336 1969 2413 lacere
1987 2366 2046 2414 re-

621 2465 747 2572 quisiti
763 2464 1024 2571 sollempniter
1043 2465 1268 2554 noluerunt,
1285 2483 1401 2572 prout
1410 2465 1459 2542 de
1475 2467 1665 2571 premissis
1680 2466 1872 2546 constabat
1888 2496 1956 2574 per
1976 2496 2046 2572 pu·

620 2593 717 2672 blica
745 2595 1011 2682 instrumentag
1036 2594 1166 2671 dicens
1191 2595 1309 2672 eciam
1335 2622 1374 2672 se
1402 2595 1443 2669 in
1468 2595 1654 2672 mandatis
1682 2596 1911 2702 recepisses
1935 2596 2045 2673 nobis

621 2726 725 2831 quod
744 2727 792 2814 si,
807 2724 1057 2830 requisicione
1072 2752 1186 2830 super
1200 2725 1274 2800 boc
1292 2725 1432 2802 iterum
1451 2724 1527 2800 sibi
1545 2723 1655 2814 lacta,
1672 2725 1821 2802 nollent
1833 2725 1989 2802 obedire
2006 2743 2045 2803 et

621 2857 799 2960 premissa
820 2855 1026 2960 complere,
1047 2855 1236 2932 marcham
1262 2855 1371 2930 dictis
1392 2853 1642 2935 Januensibus
1661 2854 1845 2932 indiceret
1859 2873 1973 2960 prout
1988 2873 2045 2934 est

621 3001 845 3062 consuetum
865 2985 904 3060 in
930 2985 1102 3092 personis
1121 3001 1160 3062 et
1178 2984 1291 3063 bonis
1315 3011 1466 3072 eorum,
1488 3001 1525 3060 et
1545 2986 1649 3090 quod
1670 2986 1773 3062 idem
1798 2986 2041 3075 senescallus,

615 3118 722 3222 juxta
741 3116 886 3194 dictum
908 3115 1129 3192 mandatum
1148 3132 1339 3202 nostrum,
1357 3115 1568 3220 requisivit,
1586 3131 1829 3220 potestatem,
1849 3114 2039 3205 abbatem,

621 3245 813 3334 sacianos,
836 3243 1023 3324 OctoViri
1042 3248 1266 3336 lensenses,
1284 3263 1324 3322 et
1342 3243 1436 3320 alios
1454 3272 1552 3348 quos
1571 3245 1661 3320 inde
1678 3245 1876 3351 requirere
1891 3246 2044 3323 teneba-

619 3393 692 3468 tur,
714 3392 754 3453 et
771 3376 878 3482 quod
901 3376 972 3481 ipsi
998 3375 1167 3480 predicta
1188 3373 1310 3450 facere
1333 3372 1558 3462 noluerunt,
1584 3374 1829 3480 solempniter
1852 3377 2041 3480 requisiti;

618 3533 735 3615 qnare
758 3508 895 3584 dictam
916 3505 1106 3582 marcham
1128 3504 1230 3581 idem
1251 3502 1479 3581 senescallus
1499 3504 1681 3582 concessit
1698 3505 1876 3610 predictis
1903 3533 2043 3582 merca-

617 3640 765 3716 toribus
782 3638 831 3715 de
852 3634 1224 3726 Monte-Pessulano,
1246 3651 1375 3712 contra
1395 3634 1515 3712 dictos
1534 3636 1739 3712 laurenses
1751 3634 1924 3712 Nemausi
1938 3665 2042 3714 com-

620 3786 807 3845 morantes
825 3785 865 3844 et
883 3768 1006 3846 socios
1023 3765 1266 3851 eorumdem,
1288 3783 1345 3857 et,
1362 3766 1468 3871 juxta
1489 3765 1764 3843 convenciones
1783 3765 1921 3844 inhitas
1943 3766 2042 3842 inter

618 3925 689 3975 nos
708 3915 746 3976 et
764 3897 941 3989 Ytalieos,
965 3898 1110 3975 eisdem
1129 3895 1382 3974 lanuensibus
1400 3912 1439 3972 et
1457 3923 1591 3972 eorum
1613 3896 1722 3972 sociis
1742 3895 1908 3999 spacium
1928 3896 2042 3974 unius

619 4026 706 4104 anni
723 4045 764 4104 et
782 4028 1027 4136 quadraginta
1041 4029 1190 4106 dierum
1213 4026 1363 4116 indixit,
1384 4025 1434 4102 ab
1452 4025 1518 4102 illa
1534 4025 1596 4102 die
1612 4024 1924 4131 computandum,
1946 4025 2041 4101 inlra

618 4185 734 4262 qrrem
752 4155 958 4233 terminum
979 4155 1105 4232 debita
1120 4184 1187 4232 sua
1201 4171 1501 4261 recuperassent,
1520 4171 1558 4230 et
1574 4181 1752 4260 personas
1764 4181 1855 4231 suas
1867 4181 1942 4229 una
1955 4183 2040 4232 etun

619 4315 752 4364 eorum
772 4284 883 4362 bonis
899 4286 947 4362 de
963 4286 1179 4365 senescallia
1199 4286 1364 4393 predicta
1384 4286 1643 4374 extraxissent,
1658 4301 1697 4361 et
1711 4284 1816 4390 quod
1837 4313 1881 4360 ex
1899 4300 1989 4360 tunc
2003 4285 2041 4360 in

619 4437 728 4495 antea
746 4415 891 4494 eisdem
911 4417 1105 4494 interdixit
1121 4434 1241 4494 totam
1259 4405 1517 4494 senescalliain
1537 4415 1761 4496 Belli-Cadri
1785 4433 1823 4492 et
1846 4417 2039 4502 Nemausi,

619 4547 858 4626 decemeudo
873 4546 979 4652 quod
999 4574 1042 4623 ex
1061 4563 1153 4622 tunc
1171 4564 1340 4623 curreret
1350 4564 1482 4624 eontra
1494 4575 1568 4624 eos.
1579 4545 1751 4624 defensio
1764 4561 1987 4650 memorata,
2000 4546 2041 4621 in

618 4696 766 4756 tantum
776 4677 897 4784 quod,
910 4677 941 4754 si
954 4675 1071 4782 aliqui
1084 4703 1236 4763 eorum,
1251 4694 1340 4783 post
1351 4676 1496 4755 dictum
1510 4677 1718 4754 terminum
1729 4675 1826 4754 inlra
1839 4675 1975 4754 dictam
1990 4705 2043 4752 se

618 4810 834 4889 nesoalliam
844 4807 1115 4900 invenirentur,
1129 4823 1403 4886 attestarentur
1416 4809 1456 4884 in
1471 4809 1695 4913 personiset
1707 4809 1747 4886 in
1763 4808 1891 4898 bonis,
1904 4823 2042 4884 ettam

618 4941 685 5018 diu
705 4940 969 5017 detinerentur
982 4965 1183 5044 quousque
1207 4937 1317 5016 dietis
1331 4937 1585 5045 burgensibus
1597 4936 1972 5026 Montis-Pessulani,
1994 4937 2042 5018 de

617 5071 795 5178 predictis
813 5069 929 5148 rebus
942 5070 1095 5157 ablatis,
1117 5097 1194 5146 una
1213 5097 1301 5145 eum
1321 5069 1496 5176 dampnis
1516 5085 1553 5146 et
1574 5071 1757 5149 interesse
1775 5097 1924 5170 sorum,
1947 5085 2044 5146 esset

618 5202 787 5308 plenarie
803 5199 1049 5293 satisfactum,
1070 5200 1211 5307 quibus
1232 5198 1373 5276 auditis
1397 5197 1556 5304 predicti
1576 5201 1781 5299 Januensep
1798 5197 1943 5276 ibidem
1961 5225 2045 5303 pre-

618 5349 744 5409 sentes
764 5331 943 5413 dixerunt
966 5332 1069 5438 quod
1090 5331 1230 5408 dictam
1259 5327 1450 5406 marcham
1477 5328 1707 5435 recipiebant
1729 5344 1913 5433 qrrantum
1940 5326 1979 5400 in
2003 5351 2043 5402 se

664 5491 672 5524 ²
696 5495 776 5557 Lisea
791 5497 887 5577 ipsum.
