5817 7292
865 1111 938 1180 220
1444 1111 1536 1184 LES
1566 1109 1706 1184 OLIM.

636 1256 823 1332 enitamur,
922 1248 995 1327 Lll.
1026 1251 1123 1330 Cum
1151 1253 1190 1328 in
1218 1254 1320 1330 curia
1348 1269 1474 1329 nostra
1497 1252 1628 1330 diisset
1650 1252 1897 1330 controversia
1926 1253 2023 1328 inter
2044 1253 2220 1332 dilectum
2246 1274 2284 1332 et

698 1351 762 1392 Μ’
864 1379 1017 1458 fidelem
1038 1377 1209 1460 nostrum
1229 1384 1447 1490 episcopum
1464 1385 1755 1470 Tornecensem,
1770 1411 1814 1458 ex
1834 1410 1907 1459 una
1921 1400 2045 1489 perte,
2064 1400 2101 1460 et
2117 1388 2284 1493 preposi-

863 1529 938 1599 tos,
955 1513 1101 1618 juratos
1121 1529 1159 1590 et
1178 1530 1341 1590 rectores
1359 1510 1447 1608 ville
1470 1511 1734 1600 Tomacensis‚
1762 1512 1959 1602 etaltera,
1982 1541 2160 1619 supereo
2181 1516 2285 1622 quod

748 1735 751 1739 ¹
862 1643 1013 1747 petebat
1041 1643 1163 1720 dictus
1185 1639 1386 1749 episcopus
1409 1643 1611 1748 quamdam
1632 1644 1789 1748 pecunie
1808 1641 2000 1749 prohibite
2020 1645 2281 1751 quantitatem,

863 1798 932 1878 per
947 1774 1068 1850 dictos
1086 1791 1257 1850 rectores·
1270 1800 1382 1879 supra
1401 1774 1584 1879 quosdam
1606 1801 1817 1879 campsores
1837 1775 1876 1850 in
1896 1803 2029 1853 eorum
2049 1776 2227 1854 domibus
2247 1795 2284 1854 et

862 1902 1038 1990 cambiis,
1050 1904 1151 2009 apud
1173 1900 1401 1991 Turnacum
1424 1921 1585 2010 captam,
1609 1903 1647 1980 et
1672 1905 1719 1980 ad
1744 1905 1960 1982 instanciam
1986 1907 2075 1984 dicti
2102 1908 2280 2014 episcopi,

861 2051 1015 2140 propter
1037 2031 1219 2111 «lebetum
1238 2035 1422 2139 parcium,
1445 2032 1493 2109 ad
1513 2061 1666 2110 manum
1686 2051 1852 2111 nostram
1877 2037 2053 2143 positam,
2078 2037 2149 2114 sibi
2172 2037 2281 2114 reddi

861 2163 1115 2240 ‹at-deliberari
1125 2223 1145 2253 ,.
1157 2191 1326 2245 asserens
1340 2191 1383 2240 se
1404 2191 1485 2242 csse
1506 2164 1549 2238 in·
1563 2164 1700 2242 saisina
1704 2164 1921 2270 justiciandi
1936 2165 2057 2244 dictos
2073 2193 2280 2272 campsores

859 2295 898 2369 in
919 2295 1097 2372 domibus
1117 2313 1156 2371 et
1174 2295 1329 2373 cambiis
1349 2293 1482 2372 eorum
1501 2295 1702 2401 superbiis
1721 2323 1796 2401 que
1811 2296 1860 2372 ad
1875 2296 2092 2403 hujusmodi
2113 2296 2279 2373 officium

858 2428 1062 2531 pertinent,
1082 2452 1228 2503 necnon
1248 2426 1418 2531 capiendi
1437 2443 1476 2502 ct
1489 2423 1578 2512 sibi,
1593 2442 1782 2531 tamquam
1802 2427 2047 2518 commissam,
2070 2426 2278 2533 applicandi

858 2560 1057 2662 pecuniam
1077 2557 1323 2664 prohibitam,
1337 2575 1413 2633 tam
1425 2556 1465 2632 in
1485 2555 1638 2634 cambiis
1656 2585 1770 2664 quam
1787 2558 1826 2634 in
1847 2559 2024 2636 domibus
2043 2587 2278 2665 campsorum
2356 2539 2358 2542 ⁵

858 2717 924 2766 seu
939 2688 1028 2766 alibi
1042 2691 1080 2765 in
1093 2686 1182 2764 ailla
1191 2689 1417 2766 'lomacensi
1434 2703 1638 2795 reponam,
1653 2687 1762 2765 dictis
1776 2689 1992 2794 prepositis,
2003 2690 2138 2797 juratis
2152 2708 2189 2767 et
2201 2719 2280 2778 rcc-

857 2821 1006 2898 toribus
1024 2822 1063 2896 in
1081 2821 1311 2897 scunarium
1328 2819 1583 2897 asserentibus
1607 2847 1647 2897 se
1670 2847 1751 2896 csse
1771 2820 1811 2896 in
1835 2821 1986 2912 saisina,
2006 2821 2157 2898 nomine
2178 2849 2280 2898 com—

853 2954 986 3028 munic
1007 2949 1228 3038 dinteville,
1242 2951 1458 3057 justiciandi
1475 2949 1596 3028 dictos
1616 2979 1829 3058 campsores
1847 2953 1886 3032 in
1907 2979 2038 3028 eorum
2053 2951 2230 3030 domibus
2243 2969 2280 3027 et

856 3083 1010 3160 cambiis
1031 3100 1069 3160 et
1095 3084 1134 3158 in
1152 3080 1335 3160 totavilla
1356 3082 1599 3172 Tomacensi,
1622 3109 1768 3160 necnon
1786 3083 1958 3188 capiendi
1979 3101 2168 3161 monetam
2191 3109 2279 3189 pro·

852 3213 1032 3301 bibitam,
1050 3231 1261 3319 tamsuper
1280 3212 1404 3289 dictos
1418 3214 1633 3319 campsores
1653 3215 1692 3290 in
1714 3213 1893 3292 domibus
1914 3232 1952 3290 et
1972 3213 2127 3291 cambiis
2147 3241 2278 3291 eorum

856 3371 971 3451 quam
986 3344 1103 3420 eciam
1119 3343 1207 3419 alibi
1216 3344 1262 3419 in
1276 3345 1421 3420 civitate
1434 3345 1660 3424 Tornacensi
1676 3345 1808 3451 atejus
1821 3343 2059 3451 pertinenciis
2074 3361 2274 3449 repertam,

855 3493 893 3551 et
911 3473 1355 3581 tamquam‘ccmmissam
1372 3476 1442 3553 sibi
1463 3475 1692 3583 applicandi,
1708 3475 1997 3582 petentibusque
2010 3475 2145 3552 dictam
2155 3503 2277 3580 pecu-

855 3607 915 3682 nie
935 3607 1200 3714 quantitatem,
1223 3608 1270 3684 ad
1295 3634 1447 3684 manum
1471 3607 1637 3685 nostruin
1649 3608 1836 3712 positam,
1859 3605 1930 3686 sibi
1947 3606 2056 3684 reddi
2076 3622 2113 3682 et
2132 3604 2276 3681 delibe-

855 3740 951 3816 rari:
973 3739 1163 3831 Tandem,
1179 3738 1366 3844 inquesta,
1390 3767 1502 3846 super
1520 3739 1592 3814 hoc
1611 3738 1658 3816 de
1677 3738 1854 3815 mandato
1869 3755 1998 3816 nostro
2013 3735 2123 3824 lacta,
2143 3737 2218 3811 visa
2239 3754 2276 3812 et

854 3869 1054 3977 diligenter
1068 3870 1289 3959 examinata,
1303 3869 1392 3976 quia
1407 3870 1601 3946 inventum
1622 3886 1678 3946 est
1698 3867 1929 3946 sufficienter
1942 3866 2141 3974 probatum
2157 3867 2275 3944 dictos

852 4002 1078 4107 prepositos,
1096 4003 1241 4108 juratos
1260 4018 1299 4077 ct
1316 4018 1480 4078 rectores
1497 4027 1577 4078 esse
1594 4017 1632 4074 et
1646 3999 1761 4076 baisse
1775 4000 1814 4074 in
1829 3999 1962 4076 saisina
1973 3996 2189 4106 justiciandi
2205 3996 2277 4074 dic-

852 4147 910 4206 tos
929 4131 1199 4238 campsorcsin
1219 4131 1437 4208 cambiiset
1458 4129 1637 4208 domi-bus
1654 4129 1841 4235 ipsorum,
1865 4155 2009 4206 necnon
2031 4127 2203 4233 capiendi
2219 4144 2272 4216 et,

851 4272 1043 4368 tamquam
1063 4263 1297 4350 commissas,
1317 4261 1391 4340 sibi
1406 4261 1618 4370 applicandi
1635 4259 1812 4372 pcopnias
1832 4257 2044 4365 prohibitas
2063 4285 2130 4334 seu
2148 4257 2275 4334 delen-

851 4419 910 4466 sas
922 4421 1033 4498 supra
1044 4394 1166 4470 dictos
1176 4411 1495 4499 campsores,‘tam
1510 4394 1550 4469 in
1564 4391 1743 4470 domibus
1758 4408 1798 4468 et
1812 4390 1966 4468 cambiis
1982 4389 2149 4495 ipsorum
2161 4415 2273 4494 quam

848 4521 939 4600 alibi
956 4524 993 4599 in
1011 4523 1338 4602 villaTornaceusi
1353 4543 1540 4631 repertas,
1555 4551 1624 4630 par
1635 4523 1745 4600 curie
1764 4539 1893 4600 nostre
1907 4520 2113 4630 judicium,
2131 4519 2273 4595 dictum

850 4651 922 4729 sarit
935 4670 973 4730 et
987 4654 1413 4760 pronunciatudeiotos·
1426 4655 1651 4762 prepositos,
1669 4653 1815 4760 juratos
1837 4669 1874 4730 et
1890 4668 2052 4728 rectores
2072 4650 2112 4724 in
2131 4673 2273 4753 posses-

852 4784 955 4861 sione
975 4813 1043 4862 seu
1063 4786 1194 4863 saisina
1213 4788 1487 4894 premissorum
1507 4787 1710 4863 remanere
1722 4784 1880 4873 debere,
1902 4799 1939 4858 et
1954 4781 2093 4857 dictam
2113 4777 2271 4884 pecunie

850 4944 1053 5007 summam,
1073 4917 1172 4995 dicta
1187 4934 1301 4995 manu
1313 4937 1435 4995 nostra
1453 4917 1542 4995 inde
1564 4933 1698 5004 amota,
1718 4913 2016 4992 debere-eisdem
2033 4907 2159 4998 reddi,
2177 4907 2273 4985 salva

849 5076 963 5154 super
981 5050 1055 5125 hoc
1074 5048 1174 5127 dicto
1195 5049 1369 5156 episcopo
1389 5048 1626 5157 proprietatis
1645 5047 1854 5154 questione.

905 5177 1067 5257 Sabbato
1088 5197 1174 5286 post
1196 5179 1427 5287 quindenam
1446 5179 1666 5287 Epiphania.
1735 5235 1737 5240 .

906 5311 1078 5390 Bocellus
1096 5311 1306 5416 reportavit.
