<?xml version="1.0" encoding="UTF-8"?>
<!DOCTYPE html PUBLIC "-//W3C//DTD XHTML 1.0 Transitional//EN"
    "http://www.w3.org/TR/xhtml1/DTD/xhtml1-transitional.dtd">
<html xmlns="http://www.w3.org/1999/xhtml" xml:lang="en" lang="en">
 <head>
  <title>
</title>
<meta http-equiv="Content-Type" content="text/html;charset=utf-8" />
  <meta name='ocr-system' content='tesseract 3.04.00' />
  <meta name='ocr-capabilities' content='ocr_page ocr_carea ocr_par ocr_line ocrx_word'/>
</head>
<body>
  <div class='ocr_page' id='page_1' title='image "./lesolimouregist00pargoog_0632.png"; bbox 0 0 5817 7292; ppageno 0'>
   <div class='ocr_carea' id='block_1_1' title="bbox 905 1070 1739 1144">
    <p class='ocr_par' dir='ltr' id='par_1_1' title="bbox 905 1070 1739 1144">
     <span class='ocr_line' id='line_1_1' title="bbox 905 1070 1739 1144; baseline -0.001 -3"><span class='ocrx_word' id='word_1_1' title='bbox 905 1070 977 1142; x_wconf 81' lang='lat'>528</span> <span class='ocrx_word' id='word_1_2' title='bbox 1481 1071 1572 1144; x_wconf 87' lang='lat' dir='ltr'>LES</span> <span class='ocrx_word' id='word_1_3' title='bbox 1601 1070 1739 1144; x_wconf 87' lang='lat' dir='ltr'><strong>OLIM.</strong></span> 
     </span>
    </p>
   </div>
   <div class='ocr_carea' id='block_1_2' title="bbox 609 1206 2424 5507">
    <p class='ocr_par' dir='ltr' id='par_1_2' title="bbox 609 1206 2424 5507">
     <span class='ocr_line' id='line_1_2' title="bbox 680 1206 2326 1319; baseline 0.007 -36"><span class='ocrx_word' id='word_1_4' title='bbox 680 1231 807 1283; x_wconf 66' lang='lat' dir='ltr'>erinna</span> <span class='ocrx_word' id='word_1_5' title='bbox 820 1227 863 1286; x_wconf 72' lang='lat' dir='ltr'>tv,</span> <span class='ocrx_word' id='word_1_6' title='bbox 901 1240 1001 1303; x_wconf 89' lang='lat' dir='ltr'>vera,</span> <span class='ocrx_word' id='word_1_7' title='bbox 1024 1239 1170 1290; x_wconf 86' lang='lat' dir='ltr'>necnon</span> <span class='ocrx_word' id='word_1_8' title='bbox 1188 1211 1294 1318; x_wconf 91' lang='lat' dir='ltr'>quod</span> <span class='ocrx_word' id='word_1_9' title='bbox 1313 1212 1564 1317; x_wconf 82' lang='lat' dir='ltr'>prenominati</span> <span class='ocrx_word' id='word_1_10' title='bbox 1583 1212 1687 1319; x_wconf 91' lang='lat' dir='ltr'>prior</span> <span class='ocrx_word' id='word_1_11' title='bbox 1710 1229 1748 1289; x_wconf 90' lang='lat' dir='ltr'>et</span> <span class='ocrx_word' id='word_1_12' title='bbox 1767 1227 1989 1302; x_wconf 85' lang='lat' dir='ltr'>conventus,</span> <span class='ocrx_word' id='word_1_13' title='bbox 2008 1211 2121 1290; x_wconf 90' lang='lat' dir='ltr'>titulo</span> <span class='ocrx_word' id='word_1_14' title='bbox 2148 1206 2326 1296; x_wconf 87' lang='lat' dir='ltr'>donacio·</span> 
     </span>
     <span class='ocr_line' id='line_1_3' title="bbox 609 1321 2321 1450; baseline 0.003 -31"><span class='ocrx_word' id='word_1_15' title='bbox 609 1357 616 1374; x_wconf 91' lang='grc'>·</span> <span class='ocrx_word' id='word_1_16' title='bbox 739 1321 801 1362; x_wconf 80' lang='lat'>¹³¹⁰&#39;</span> <span class='ocrx_word' id='word_1_17' title='bbox 902 1343 961 1420; x_wconf 94' lang='lat' dir='ltr'>nis</span> <span class='ocrx_word' id='word_1_18' title='bbox 981 1342 1163 1450; x_wconf 82' lang='lat' dir='ltr'>predicte,</span> <span class='ocrx_word' id='word_1_19' title='bbox 1185 1343 1351 1448; x_wconf 88' lang='lat' dir='ltr'>predicta</span> <span class='ocrx_word' id='word_1_20' title='bbox 1369 1342 1469 1420; x_wconf 91' lang='lat' dir='ltr'>bona</span> <span class='ocrx_word' id='word_1_21' title='bbox 1488 1342 1788 1449; x_wconf 84' lang='lat' dir='ltr'>explectaverunt</span> <span class='ocrx_word' id='word_1_22' title='bbox 1806 1356 1846 1418; x_wconf 88' lang='lat' dir='ltr'>et</span> <span class='ocrx_word' id='word_1_23' title='bbox 1862 1339 2037 1420; x_wconf 81' lang='lat' dir='ltr'>iecerunt</span> <span class='ocrx_word' id='word_1_24' title='bbox 2053 1341 2197 1421; x_wconf 83' lang='lat' dir='ltr'>fructus</span> <span class='ocrx_word' id='word_1_25' title='bbox 2214 1373 2321 1439; x_wconf 86' lang='lat' dir='ltr'>suos;</span> 
     </span>
     <span class='ocr_line' id='line_1_4' title="bbox 904 1472 2325 1580; baseline 0.006 -32"><span class='ocrx_word' id='word_1_26' title='bbox 904 1473 1051 1553; x_wconf 88' lang='lat' dir='ltr'>dicebat</span> <span class='ocrx_word' id='word_1_27' title='bbox 1070 1473 1185 1551; x_wconf 88' lang='lat' dir='ltr'>eciam</span> <span class='ocrx_word' id='word_1_28' title='bbox 1214 1472 1336 1579; x_wconf 91' lang='lat' dir='ltr'>quod,</span> <span class='ocrx_word' id='word_1_29' title='bbox 1361 1473 1539 1578; x_wconf 82' lang='lat' dir='ltr'>predictis</span> <span class='ocrx_word' id='word_1_30' title='bbox 1561 1472 1910 1562; x_wconf 88' lang='lat' dir='ltr'>nonobstantibus,</span> <span class='ocrx_word' id='word_1_31' title='bbox 1936 1474 2096 1580; x_wconf 87' lang='lat' dir='ltr'>predicti</span> <span class='ocrx_word' id='word_1_32' title='bbox 2116 1477 2325 1556; x_wconf 86' lang='lat' dir='ltr'>Bertaudus</span> 
     </span>
     <span class='ocr_line' id='line_1_5' title="bbox 903 1603 2326 1712; baseline 0.004 -32"><span class='ocrx_word' id='word_1_33' title='bbox 903 1621 940 1680; x_wconf 91' lang='lat' dir='ltr'>et</span> <span class='ocrx_word' id='word_1_34' title='bbox 955 1604 1036 1712; x_wconf 89' lang='lat' dir='ltr'>ejus</span> <span class='ocrx_word' id='word_1_35' title='bbox 1050 1633 1154 1692; x_wconf 83' lang='lat' dir='ltr'>uxor,</span> <span class='ocrx_word' id='word_1_36' title='bbox 1176 1605 1308 1681; x_wconf 90' lang='lat' dir='ltr'>Petrus</span> <span class='ocrx_word' id='word_1_37' title='bbox 1323 1619 1361 1680; x_wconf 91' lang='lat' dir='ltr'>et</span> <span class='ocrx_word' id='word_1_38' title='bbox 1376 1603 1458 1710; x_wconf 91' lang='lat' dir='ltr'>ejus</span> <span class='ocrx_word' id='word_1_39' title='bbox 1478 1630 1573 1680; x_wconf 83' lang='lat' dir='ltr'>uxor</span> <span class='ocrx_word' id='word_1_40' title='bbox 1586 1603 1625 1678; x_wconf 92' lang='lat' dir='ltr'>in</span> <span class='ocrx_word' id='word_1_41' title='bbox 1644 1603 1918 1708; x_wconf 90' lang='lat' dir='ltr'>possessionem</span> <span class='ocrx_word' id='word_1_42' title='bbox 1933 1604 2121 1684; x_wconf 90' lang='lat' dir='ltr'>dictorum</span> <span class='ocrx_word' id='word_1_43' title='bbox 2135 1605 2326 1686; x_wconf 91' lang='lat' dir='ltr'>bonorum</span> 
     </span>
     <span class='ocr_line' id='line_1_6' title="bbox 902 1731 2324 1842; baseline 0.002 -31"><span class='ocrx_word' id='word_1_44' title='bbox 902 1762 941 1811; x_wconf 91' lang='lat' dir='ltr'>se</span> <span class='ocrx_word' id='word_1_45' title='bbox 962 1735 1194 1812; x_wconf 89' lang='lat' dir='ltr'>intruserunt</span> <span class='ocrx_word' id='word_1_46' title='bbox 1206 1734 1354 1841; x_wconf 86' lang='lat' dir='ltr'>injuste,</span> <span class='ocrx_word' id='word_1_47' title='bbox 1376 1732 1415 1808; x_wconf 95' lang='lat' dir='ltr'>in</span> <span class='ocrx_word' id='word_1_48' title='bbox 1431 1731 1638 1838; x_wconf 91' lang='lat' dir='ltr'>dampnum</span> <span class='ocrx_word' id='word_1_49' title='bbox 1658 1750 1695 1810; x_wconf 89' lang='lat' dir='ltr'>et</span> <span class='ocrx_word' id='word_1_50' title='bbox 1713 1762 1908 1842; x_wconf 80' lang='lat' dir='ltr'>gravamen</span> <span class='ocrx_word' id='word_1_51' title='bbox 1924 1735 2113 1816; x_wconf 86' lang='lat' dir='ltr'>dictorum</span> <span class='ocrx_word' id='word_1_52' title='bbox 2131 1734 2324 1842; x_wconf 86' lang='lat' dir='ltr'>religioso-</span> 
     </span>
     <span class='ocr_line' id='line_1_7' title="bbox 901 1846 2424 1973; baseline 0 -31"><span class='ocrx_word' id='word_1_53' title='bbox 901 1896 1002 1954; x_wconf 89' lang='lat' dir='ltr'>rum,</span> <span class='ocrx_word' id='word_1_54' title='bbox 1022 1893 1136 1972; x_wconf 88' lang='lat' dir='ltr'>quare</span> <span class='ocrx_word' id='word_1_55' title='bbox 1151 1865 1302 1971; x_wconf 89' lang='lat' dir='ltr'>petebat</span> <span class='ocrx_word' id='word_1_56' title='bbox 1321 1881 1540 1968; x_wconf 85' lang='lat' dir='ltr'>procurator</span> <span class='ocrx_word' id='word_1_57' title='bbox 1556 1864 1813 1968; x_wconf 88' lang='lat' dir='ltr'>predictorum</span> <span class='ocrx_word' id='word_1_58' title='bbox 1830 1865 1967 1970; x_wconf 92' lang='lat' dir='ltr'>prioris</span> <span class='ocrx_word' id='word_1_59' title='bbox 1982 1884 2021 1944; x_wconf 87' lang='lat' dir='ltr'>et</span> <span class='ocrx_word' id='word_1_60' title='bbox 2034 1883 2240 1944; x_wconf 85' lang='lat' dir='ltr'>conventus</span> <span class='ocrx_word' id='word_1_61' title='bbox 2255 1895 2324 1973; x_wconf 88' lang='lat' dir='ltr'>per</span> <span class='ocrx_word' id='word_1_62' title='bbox 2420 1846 2424 1854; x_wconf 37' lang='lat'><strong><em>¹</em></strong></span> 
     </span>
     <span class='ocr_line' id='line_1_8' title="bbox 899 1992 2324 2103; baseline 0.001 -31"><span class='ocrx_word' id='word_1_63' title='bbox 899 1995 1087 2103; x_wconf 89' lang='lat' dir='ltr'>predictos</span> <span class='ocrx_word' id='word_1_64' title='bbox 1109 1995 1292 2072; x_wconf 89' lang='lat' dir='ltr'>decanum</span> <span class='ocrx_word' id='word_1_65' title='bbox 1313 2010 1351 2069; x_wconf 90' lang='lat' dir='ltr'>et</span> <span class='ocrx_word' id='word_1_66' title='bbox 1371 1992 1577 2098; x_wconf 88' lang='lat' dir='ltr'>capitulum</span> <span class='ocrx_word' id='word_1_67' title='bbox 1601 1993 1876 2102; x_wconf 84' lang='lat' dir='ltr'>Sancti-Reguli</span> <span class='ocrx_word' id='word_1_68' title='bbox 1894 1996 2135 2102; x_wconf 85' lang='lat' dir='ltr'>pronunciari</span> <span class='ocrx_word' id='word_1_69' title='bbox 2154 1997 2324 2103; x_wconf 88' lang='lat' dir='ltr'>predicta</span> 
     </span>
     <span class='ocr_line' id='line_1_9' title="bbox 899 2122 2320 2232; baseline 0.001 -28"><span class='ocrx_word' id='word_1_70' title='bbox 899 2128 999 2204; x_wconf 89' lang='lat' dir='ltr'>bona</span> <span class='ocrx_word' id='word_1_71' title='bbox 1016 2125 1123 2202; x_wconf 91' lang='lat' dir='ltr'>dictis</span> <span class='ocrx_word' id='word_1_72' title='bbox 1136 2126 1251 2232; x_wconf 89' lang='lat' dir='ltr'>priori</span> <span class='ocrx_word' id='word_1_73' title='bbox 1266 2141 1304 2202; x_wconf 92' lang='lat' dir='ltr'>et</span> <span class='ocrx_word' id='word_1_74' title='bbox 1323 2125 1521 2201; x_wconf 86' lang='lat' dir='ltr'>conventui</span> <span class='ocrx_word' id='word_1_75' title='bbox 1538 2122 1676 2201; x_wconf 91' lang='lat' dir='ltr'>debere</span> <span class='ocrx_word' id='word_1_76' title='bbox 1697 2125 1746 2201; x_wconf 90' lang='lat' dir='ltr'>de</span> <span class='ocrx_word' id='word_1_77' title='bbox 1756 2125 1843 2232; x_wconf 87' lang='lat' dir='ltr'>jure</span> <span class='ocrx_word' id='word_1_78' title='bbox 1860 2127 2066 2230; x_wconf 85' lang='lat' dir='ltr'>pertinere,</span> <span class='ocrx_word' id='word_1_79' title='bbox 2082 2145 2120 2203; x_wconf 88' lang='lat' dir='ltr'>et</span> <span class='ocrx_word' id='word_1_80' title='bbox 2133 2128 2320 2232; x_wconf 89' lang='lat' dir='ltr'>predictos</span> 
     </span>
     <span class='ocr_line' id='line_1_10' title="bbox 902 2252 2319 2363; baseline -0.002 -26"><span class='ocrx_word' id='word_1_81' title='bbox 902 2258 1057 2337; x_wconf 81' lang='lat' dir='ltr'>Mariana</span> <span class='ocrx_word' id='word_1_82' title='bbox 1075 2275 1113 2334; x_wconf 90' lang='lat' dir='ltr'>et</span> <span class='ocrx_word' id='word_1_83' title='bbox 1132 2257 1379 2345; x_wconf 73' lang='lat' dir='ltr'>serrandum,</span> <span class='ocrx_word' id='word_1_84' title='bbox 1398 2252 1600 2332; x_wconf 88' lang='lat' dir='ltr'>Ysabellim</span> <span class='ocrx_word' id='word_1_85' title='bbox 1621 2271 1659 2330; x_wconf 87' lang='lat' dir='ltr'>et</span> <span class='ocrx_word' id='word_1_86' title='bbox 1677 2255 1831 2332; x_wconf 86' lang='lat' dir='ltr'>Petrum</span> <span class='ocrx_word' id='word_1_87' title='bbox 1850 2256 2117 2363; x_wconf 88' lang='lat' dir='ltr'>apossessione</span> <span class='ocrx_word' id='word_1_88' title='bbox 2132 2257 2319 2334; x_wconf 90' lang='lat' dir='ltr'>dictorum</span> 
     </span>
     <span class='ocr_line' id='line_1_11' title="bbox 899 2383 2321 2493; baseline -0.001 -27"><span class='ocrx_word' id='word_1_89' title='bbox 899 2389 1090 2466; x_wconf 89' lang='lat' dir='ltr'>bonorum</span> <span class='ocrx_word' id='word_1_90' title='bbox 1122 2387 1258 2464; x_wconf 89' lang='lat' dir='ltr'>debere</span> <span class='ocrx_word' id='word_1_91' title='bbox 1286 2384 1470 2461; x_wconf 89' lang='lat' dir='ltr'>removeri</span> <span class='ocrx_word' id='word_1_92' title='bbox 1493 2399 1531 2460; x_wconf 88' lang='lat' dir='ltr'>et</span> <span class='ocrx_word' id='word_1_93' title='bbox 1549 2384 1589 2458; x_wconf 91' lang='lat' dir='ltr'>in</span> <span class='ocrx_word' id='word_1_94' title='bbox 1609 2383 1711 2490; x_wconf 88' lang='lat' dir='ltr'>ipsos</span> <span class='ocrx_word' id='word_1_95' title='bbox 1735 2385 2149 2493; x_wconf 79' lang='lat' dir='ltr'>religiosostransierri3</span> <span class='ocrx_word' id='word_1_96' title='bbox 2177 2386 2321 2492; x_wconf 89' lang='lat' dir='ltr'>predic-</span> 
     </span>
     <span class='ocr_line' id='line_1_12' title="bbox 899 2512 2320 2612; baseline 0.001 -18"><span class='ocrx_word' id='word_1_97' title='bbox 899 2520 947 2596; x_wconf 91' lang='lat' dir='ltr'>tis</span> <span class='ocrx_word' id='word_1_98' title='bbox 969 2517 1190 2594; x_wconf 86' lang='lat' dir='ltr'>mulieribus</span> <span class='ocrx_word' id='word_1_99' title='bbox 1218 2515 1331 2593; x_wconf 89' lang='lat' dir='ltr'>Maria</span> <span class='ocrx_word' id='word_1_100' title='bbox 1361 2530 1399 2591; x_wconf 87' lang='lat' dir='ltr'>ct</span> <span class='ocrx_word' id='word_1_101' title='bbox 1420 2512 1592 2592; x_wconf 84' lang='lat' dir='ltr'>Ysabelle</span> <span class='ocrx_word' id='word_1_102' title='bbox 1617 2516 1844 2594; x_wconf 87' lang='lat' dir='ltr'>contrarium</span> <span class='ocrx_word' id='word_1_103' title='bbox 1868 2515 2117 2612; x_wconf 83' lang='lat' dir='ltr'>asserentibus</span> <span class='ocrx_word' id='word_1_104' title='bbox 2134 2534 2171 2595; x_wconf 88' lang='lat' dir='ltr'>et</span> <span class='ocrx_word' id='word_1_105' title='bbox 2193 2516 2320 2596; x_wconf 86' lang='lat' dir='ltr'>dioen-</span> 
     </span>
     <span class='ocr_line' id='line_1_13' title="bbox 901 2643 2317 2757; baseline 0.001 -34"><span class='ocrx_word' id='word_1_106' title='bbox 901 2649 1003 2725; x_wconf 89' lang='lat' dir='ltr'>tibus</span> <span class='ocrx_word' id='word_1_107' title='bbox 1027 2647 1132 2752; x_wconf 92' lang='lat' dir='ltr'>quod</span> <span class='ocrx_word' id='word_1_108' title='bbox 1159 2643 1563 2752; x_wconf 87' lang='lat' dir='ltr'>quondamJobannes</span> <span class='ocrx_word' id='word_1_109' title='bbox 1586 2645 1815 2726; x_wconf 83' lang='lat' dir='ltr'>Maiebeasse</span> <span class='ocrx_word' id='word_1_110' title='bbox 1845 2665 1883 2726; x_wconf 91' lang='lat' dir='ltr'>et</span> <span class='ocrx_word' id='word_1_111' title='bbox 1907 2648 2085 2737; x_wconf 88' lang='lat' dir='ltr'>Odelina,</span> <span class='ocrx_word' id='word_1_112' title='bbox 2111 2647 2192 2757; x_wconf 87' lang='lat' dir='ltr'>ejus</span> <span class='ocrx_word' id='word_1_113' title='bbox 2212 2675 2317 2738; x_wconf 81' lang='lat' dir='ltr'>uxor,</span> 
     </span>
     <span class='ocr_line' id='line_1_14' title="bbox 900 2774 2321 2885; baseline 0.003 -33"><span class='ocrx_word' id='word_1_114' title='bbox 900 2793 1070 2882; x_wconf 87' lang='lat' dir='ltr'>tempore</span> <span class='ocrx_word' id='word_1_115' title='bbox 1087 2803 1162 2881; x_wconf 91' lang='lat' dir='ltr'>quo</span> <span class='ocrx_word' id='word_1_116' title='bbox 1179 2774 1362 2862; x_wconf 90' lang='lat' dir='ltr'>vivebant,</span> <span class='ocrx_word' id='word_1_117' title='bbox 1381 2792 1419 2852; x_wconf 90' lang='lat' dir='ltr'>et</span> <span class='ocrx_word' id='word_1_118' title='bbox 1432 2776 1563 2854; x_wconf 90' lang='lat' dir='ltr'>Petrus</span> <span class='ocrx_word' id='word_1_119' title='bbox 1578 2805 1711 2856; x_wconf 87' lang='lat' dir='ltr'>eorum</span> <span class='ocrx_word' id='word_1_120' title='bbox 1729 2775 1832 2855; x_wconf 85' lang='lat' dir='ltr'>filins</span> <span class='ocrx_word' id='word_1_121' title='bbox 1847 2779 2036 2866; x_wconf 83' lang='lat' dir='ltr'>naturalis,</span> <span class='ocrx_word' id='word_1_122' title='bbox 2054 2795 2142 2884; x_wconf 91' lang='lat' dir='ltr'>post</span> <span class='ocrx_word' id='word_1_123' title='bbox 2154 2778 2321 2885; x_wconf 87' lang='lat' dir='ltr'>ipsorum</span> 
     </span>
     <span class='ocr_line' id='line_1_15' title="bbox 899 2907 2323 3017; baseline 0 -31"><span class='ocrx_word' id='word_1_124' title='bbox 899 2924 1098 3014; x_wconf 90' lang='lat' dir='ltr'>parentum</span> <span class='ocrx_word' id='word_1_125' title='bbox 1116 2907 1327 2994; x_wconf 84' lang='lat' dir='ltr'>decessum,</span> <span class='ocrx_word' id='word_1_126' title='bbox 1348 2907 1527 2985; x_wconf 89' lang='lat' dir='ltr'>tenebant</span> <span class='ocrx_word' id='word_1_127' title='bbox 1547 2926 1585 2988; x_wconf 89' lang='lat' dir='ltr'>et</span> <span class='ocrx_word' id='word_1_128' title='bbox 1603 2909 1846 3016; x_wconf 85' lang='lat' dir='ltr'>possidebant</span> <span class='ocrx_word' id='word_1_129' title='bbox 1866 2910 2034 3017; x_wconf 86' lang='lat' dir='ltr'>predicta</span> <span class='ocrx_word' id='word_1_130' title='bbox 2051 2910 2153 2988; x_wconf 89' lang='lat' dir='ltr'>bona</span> <span class='ocrx_word' id='word_1_131' title='bbox 2171 2925 2323 2988; x_wconf 87' lang='lat' dir='ltr'>conten·</span> 
     </span>
     <span class='ocr_line' id='line_1_16' title="bbox 902 3039 2325 3149; baseline 0.001 -33"><span class='ocrx_word' id='word_1_132' title='bbox 902 3041 1016 3128; x_wconf 87' lang='lat' dir='ltr'>ciosa,</span> <span class='ocrx_word' id='word_1_133' title='bbox 1033 3056 1211 3147; x_wconf 87' lang='lat' dir='ltr'>tanquam</span> <span class='ocrx_word' id='word_1_134' title='bbox 1233 3067 1364 3117; x_wconf 89' lang='lat' dir='ltr'>eorum</span> <span class='ocrx_word' id='word_1_135' title='bbox 1385 3039 1551 3147; x_wconf 91' lang='lat' dir='ltr'>propria,</span> <span class='ocrx_word' id='word_1_136' title='bbox 1569 3041 1618 3118; x_wconf 96' lang='lat' dir='ltr'>de</span> <span class='ocrx_word' id='word_1_137' title='bbox 1629 3041 1717 3149; x_wconf 88' lang='lat' dir='ltr'>jure</span> <span class='ocrx_word' id='word_1_138' title='bbox 1737 3069 1825 3132; x_wconf 91' lang='lat' dir='ltr'>suo,</span> <span class='ocrx_word' id='word_1_139' title='bbox 1842 3059 1880 3120; x_wconf 91' lang='lat' dir='ltr'>et</span> <span class='ocrx_word' id='word_1_140' title='bbox 1894 3042 1943 3119; x_wconf 92' lang='lat' dir='ltr'>de</span> <span class='ocrx_word' id='word_1_141' title='bbox 1959 3043 2049 3148; x_wconf 89' lang='lat' dir='ltr'>ipsis</span> <span class='ocrx_word' id='word_1_142' title='bbox 2065 3059 2170 3118; x_wconf 90' lang='lat' dir='ltr'>erant</span> <span class='ocrx_word' id='word_1_143' title='bbox 2182 3041 2222 3116; x_wconf 93' lang='lat' dir='ltr'>in</span> <span class='ocrx_word' id='word_1_144' title='bbox 2239 3068 2325 3147; x_wconf 90' lang='lat' dir='ltr'>pos·</span> 
     </span>
     <span class='ocr_line' id='line_1_17' title="bbox 901 3169 2323 3262; baseline -0.001 -14"><span class='ocrx_word' id='word_1_145' title='bbox 901 3171 1078 3260; x_wconf 89' lang='lat' dir='ltr'>sessione,</span> <span class='ocrx_word' id='word_1_146' title='bbox 1102 3189 1140 3249; x_wconf 89' lang='lat' dir='ltr'>et</span> <span class='ocrx_word' id='word_1_147' title='bbox 1158 3169 1505 3250; x_wconf 80' lang='lat' dir='ltr'>faciebant-[ructus</span> <span class='ocrx_word' id='word_1_148' title='bbox 1524 3200 1625 3262; x_wconf 89' lang='lat' dir='ltr'>suos,</span> <span class='ocrx_word' id='word_1_149' title='bbox 1642 3172 1822 3252; x_wconf 86' lang='lat' dir='ltr'>solvendo</span> <span class='ocrx_word' id='word_1_150' title='bbox 1837 3201 1971 3252; x_wconf 90' lang='lat' dir='ltr'>census</span> <span class='ocrx_word' id='word_1_151' title='bbox 1986 3189 2025 3248; x_wconf 92' lang='lat' dir='ltr'>et</span> <span class='ocrx_word' id='word_1_152' title='bbox 2042 3171 2134 3249; x_wconf 84' lang='lat' dir='ltr'>alias</span> <span class='ocrx_word' id='word_1_153' title='bbox 2149 3170 2323 3248; x_wconf 89' lang='lat' dir='ltr'>rediben-</span> 
     </span>
     <span class='ocr_line' id='line_1_18' title="bbox 902 3300 2319 3414; baseline -0.001 -36"><span class='ocrx_word' id='word_1_154' title='bbox 902 3302 974 3378; x_wconf 91' lang='lat' dir='ltr'>cias</span> <span class='ocrx_word' id='word_1_155' title='bbox 1006 3300 1170 3378; x_wconf 90' lang='lat' dir='ltr'>dominis</span> <span class='ocrx_word' id='word_1_156' title='bbox 1199 3301 1417 3390; x_wconf 89' lang='lat' dir='ltr'>censuariis,</span> <span class='ocrx_word' id='word_1_157' title='bbox 1459 3319 1497 3379; x_wconf 89' lang='lat' dir='ltr'>et</span> <span class='ocrx_word' id='word_1_158' title='bbox 1530 3303 1602 3380; x_wconf 89' lang='lat' dir='ltr'>hec</span> <span class='ocrx_word' id='word_1_159' title='bbox 1638 3303 1853 3414; x_wconf 87' lang='lat' dir='ltr'>recognovit</span> <span class='ocrx_word' id='word_1_160' title='bbox 1883 3318 2102 3410; x_wconf 87' lang='lat' dir='ltr'>procurator</span> <span class='ocrx_word' id='word_1_161' title='bbox 2130 3301 2319 3378; x_wconf 88' lang='lat' dir='ltr'>dictorum</span> 
     </span>
     <span class='ocr_line' id='line_1_19' title="bbox 902 3431 2321 3540; baseline 0 -34"><span class='ocrx_word' id='word_1_162' title='bbox 902 3431 1164 3537; x_wconf 86' lang='lat' dir='ltr'>religiosorum</span> <span class='ocrx_word' id='word_1_163' title='bbox 1178 3459 1257 3510; x_wconf 89' lang='lat' dir='ltr'>esse</span> <span class='ocrx_word' id='word_1_164' title='bbox 1276 3461 1361 3510; x_wconf 89' lang='lat' dir='ltr'>vcra</span> <span class='ocrx_word' id='word_1_165' title='bbox 1376 3433 1415 3509; x_wconf 91' lang='lat' dir='ltr'>in</span> <span class='ocrx_word' id='word_1_166' title='bbox 1430 3433 1590 3540; x_wconf 89' lang='lat' dir='ltr'>judicio,</span> <span class='ocrx_word' id='word_1_167' title='bbox 1609 3450 1646 3511; x_wconf 90' lang='lat' dir='ltr'>et</span> <span class='ocrx_word' id='word_1_168' title='bbox 1661 3434 1824 3540; x_wconf 89' lang='lat' dir='ltr'>predicta</span> <span class='ocrx_word' id='word_1_169' title='bbox 1834 3432 1935 3510; x_wconf 90' lang='lat' dir='ltr'>bona</span> <span class='ocrx_word' id='word_1_170' title='bbox 1947 3431 2247 3538; x_wconf 81' lang='lat' dir='ltr'>explectaverunt</span> <span class='ocrx_word' id='word_1_171' title='bbox 2260 3458 2321 3536; x_wconf 87' lang='lat' dir='ltr'>pa·</span> 
     </span>
     <span class='ocr_line' id='line_1_20' title="bbox 903 3559 2321 3672; baseline 0.001 -36"><span class='ocrx_word' id='word_1_172' title='bbox 903 3560 1006 3638; x_wconf 85' lang='lat' dir='ltr'>cifice</span> <span class='ocrx_word' id='word_1_173' title='bbox 1023 3590 1090 3669; x_wconf 90' lang='lat' dir='ltr'>per</span> <span class='ocrx_word' id='word_1_174' title='bbox 1109 3578 1233 3646; x_wconf 88' lang='lat' dir='ltr'>totum</span> <span class='ocrx_word' id='word_1_175' title='bbox 1248 3591 1397 3646; x_wconf 84' lang='lat' dir='ltr'>cursum</span> <span class='ocrx_word' id='word_1_176' title='bbox 1416 3565 1491 3642; x_wconf 89' lang='lat' dir='ltr'>vite</span> <span class='ocrx_word' id='word_1_177' title='bbox 1507 3593 1591 3655; x_wconf 89' lang='lat' dir='ltr'>sue,</span> <span class='ocrx_word' id='word_1_178' title='bbox 1609 3593 1729 3672; x_wconf 88' lang='lat' dir='ltr'>usquc</span> <span class='ocrx_word' id='word_1_179' title='bbox 1744 3565 1792 3642; x_wconf 88' lang='lat' dir='ltr'>ad</span> <span class='ocrx_word' id='word_1_180' title='bbox 1805 3581 1956 3671; x_wconf 86' lang='lat' dir='ltr'>tempus</span> <span class='ocrx_word' id='word_1_181' title='bbox 1974 3562 2107 3642; x_wconf 88' lang='lat' dir='ltr'>mortis</span> <span class='ocrx_word' id='word_1_182' title='bbox 2119 3559 2321 3668; x_wconf 85' lang='lat' dir='ltr'>cujuslibet</span> 
     </span>
     <span class='ocr_line' id='line_1_21' title="bbox 902 3692 2320 3800; baseline -0.001 -32"><span class='ocrx_word' id='word_1_183' title='bbox 902 3717 1050 3784; x_wconf 88' lang='lat' dir='ltr'>eorum,</span> <span class='ocrx_word' id='word_1_184' title='bbox 1069 3709 1121 3782; x_wconf 92' lang='lat' dir='ltr'>et,</span> <span class='ocrx_word' id='word_1_185' title='bbox 1139 3710 1308 3798; x_wconf 90' lang='lat' dir='ltr'>tempore</span> <span class='ocrx_word' id='word_1_186' title='bbox 1326 3694 1458 3771; x_wconf 90' lang='lat' dir='ltr'>mortis</span> <span class='ocrx_word' id='word_1_187' title='bbox 1474 3722 1623 3786; x_wconf 89' lang='lat' dir='ltr'>eorum,</span> <span class='ocrx_word' id='word_1_188' title='bbox 1641 3713 1745 3775; x_wconf 86' lang='lat' dir='ltr'>erant</span> <span class='ocrx_word' id='word_1_189' title='bbox 1761 3695 1799 3776; x_wconf 91' lang='lat' dir='ltr'>in</span> <span class='ocrx_word' id='word_1_190' title='bbox 1819 3693 2050 3800; x_wconf 81' lang='lat' dir='ltr'>possessione</span> <span class='ocrx_word' id='word_1_191' title='bbox 2070 3719 2203 3770; x_wconf 90' lang='lat' dir='ltr'>eorum</span> <span class='ocrx_word' id='word_1_192' title='bbox 2219 3692 2320 3797; x_wconf 88' lang='lat' dir='ltr'>paci-</span> 
     </span>
     <span class='ocr_line' id='line_1_22' title="bbox 901 3821 2319 3931; baseline -0.003 -31"><span class='ocrx_word' id='word_1_193' title='bbox 901 3821 989 3911; x_wconf 66' lang='grc' dir='ltr'>ὕσας</span> <span class='ocrx_word' id='word_1_194' title='bbox 1008 3822 1183 3904; x_wconf 86' lang='lat' dir='ltr'>dicebant</span> <span class='ocrx_word' id='word_1_195' title='bbox 1197 3824 1315 3902; x_wconf 88' lang='lat' dir='ltr'>eciam</span> <span class='ocrx_word' id='word_1_196' title='bbox 1327 3825 1425 3901; x_wconf 88' lang='lat' dir='ltr'>dicte</span> <span class='ocrx_word' id='word_1_197' title='bbox 1439 3822 1617 3902; x_wconf 88' lang='lat' dir='ltr'>mulieres</span> <span class='ocrx_word' id='word_1_198' title='bbox 1626 3825 1748 3930; x_wconf 89' lang='lat' dir='ltr'>quod,</span> <span class='ocrx_word' id='word_1_199' title='bbox 1766 3842 1937 3931; x_wconf 88' lang='lat' dir='ltr'>tempore</span> <span class='ocrx_word' id='word_1_200' title='bbox 1952 3823 2084 3902; x_wconf 84' lang='lat' dir='ltr'>mortis</span> <span class='ocrx_word' id='word_1_201' title='bbox 2100 3821 2191 3899; x_wconf 88' lang='lat' dir='ltr'>dicti</span> <span class='ocrx_word' id='word_1_202' title='bbox 2202 3822 2319 3914; x_wconf 86' lang='lat' dir='ltr'>Petri,</span> 
     </span>
     <span class='ocr_line' id='line_1_23' title="bbox 900 3951 2322 4061; baseline 0.001 -33"><span class='ocrx_word' id='word_1_203' title='bbox 900 3953 978 4058; x_wconf 87' lang='lat' dir='ltr'>ipse</span> <span class='ocrx_word' id='word_1_204' title='bbox 1000 3970 1105 4032; x_wconf 89' lang='lat' dir='ltr'>erant</span> <span class='ocrx_word' id='word_1_205' title='bbox 1124 3954 1203 4059; x_wconf 89' lang='lat' dir='ltr'>ejus</span> <span class='ocrx_word' id='word_1_206' title='bbox 1227 3954 1517 4061; x_wconf 88' lang='lat' dir='ltr'>propinquiores</span> <span class='ocrx_word' id='word_1_207' title='bbox 1535 3955 1696 4037; x_wconf 85' lang='lat' dir='ltr'>heredes</span> <span class='ocrx_word' id='word_1_208' title='bbox 1716 3955 1902 4033; x_wconf 88' lang='lat' dir='ltr'>naturales</span> <span class='ocrx_word' id='word_1_209' title='bbox 1921 3972 1959 4033; x_wconf 92' lang='lat' dir='ltr'>et</span> <span class='ocrx_word' id='word_1_210' title='bbox 1978 3981 2046 4060; x_wconf 90' lang='lat' dir='ltr'>pro</span> <span class='ocrx_word' id='word_1_211' title='bbox 2067 3951 2149 4061; x_wconf 88' lang='lat' dir='ltr'>ejus</span> <span class='ocrx_word' id='word_1_212' title='bbox 2170 3951 2322 4030; x_wconf 88' lang='lat' dir='ltr'>heredi·</span> 
     </span>
     <span class='ocr_line' id='line_1_24' title="bbox 898 4084 2321 4192; baseline 0 -32"><span class='ocrx_word' id='word_1_213' title='bbox 898 4084 970 4160; x_wconf 92' lang='lat' dir='ltr'>bus</span> <span class='ocrx_word' id='word_1_214' title='bbox 990 4111 1029 4160; x_wconf 89' lang='lat' dir='ltr'>se</span> <span class='ocrx_word' id='word_1_215' title='bbox 1049 4101 1253 4190; x_wconf 84' lang='lat' dir='ltr'>gesserant,</span> <span class='ocrx_word' id='word_1_216' title='bbox 1272 4102 1310 4162; x_wconf 94' lang='lat' dir='ltr'>et</span> <span class='ocrx_word' id='word_1_217' title='bbox 1330 4087 1450 4192; x_wconf 90' lang='lat' dir='ltr'>quod,</span> <span class='ocrx_word' id='word_1_218' title='bbox 1470 4116 1539 4192; x_wconf 91' lang='lat' dir='ltr'>per</span> <span class='ocrx_word' id='word_1_219' title='bbox 1557 4104 1720 4164; x_wconf 88' lang='lat' dir='ltr'>mortem</span> <span class='ocrx_word' id='word_1_220' title='bbox 1746 4086 1836 4164; x_wconf 90' lang='lat' dir='ltr'>dicti</span> <span class='ocrx_word' id='word_1_221' title='bbox 1852 4086 1969 4176; x_wconf 85' lang='lat' dir='ltr'>Petri,</span> <span class='ocrx_word' id='word_1_222' title='bbox 1987 4084 2216 4175; x_wconf 88' lang='lat' dir='ltr'>dominium,</span> <span class='ocrx_word' id='word_1_223' title='bbox 2233 4111 2321 4189; x_wconf 89' lang='lat' dir='ltr'>pro-</span> 
     </span>
     <span class='ocr_line' id='line_1_25' title="bbox 898 4212 2319 4323; baseline 0.001 -34"><span class='ocrx_word' id='word_1_224' title='bbox 898 4213 1051 4319; x_wconf 90' lang='lat' dir='ltr'>prietas,</span> <span class='ocrx_word' id='word_1_225' title='bbox 1063 4215 1126 4323; x_wconf 91' lang='lat' dir='ltr'>jus</span> <span class='ocrx_word' id='word_1_226' title='bbox 1142 4233 1179 4293; x_wconf 91' lang='lat' dir='ltr'>et</span> <span class='ocrx_word' id='word_1_227' title='bbox 1190 4216 1374 4322; x_wconf 85' lang='lat' dir='ltr'>possessio</span> <span class='ocrx_word' id='word_1_228' title='bbox 1390 4216 1577 4295; x_wconf 89' lang='lat' dir='ltr'>dictorum</span> <span class='ocrx_word' id='word_1_229' title='bbox 1591 4218 1781 4295; x_wconf 89' lang='lat' dir='ltr'>bonorum</span> <span class='ocrx_word' id='word_1_230' title='bbox 1793 4216 1968 4296; x_wconf 79' lang='lat' dir='ltr'>translata</span> <span class='ocrx_word' id='word_1_231' title='bbox 1983 4215 2139 4294; x_wconf 80' lang='lat' dir='ltr'>fuerunt</span> <span class='ocrx_word' id='word_1_232' title='bbox 2150 4215 2192 4290; x_wconf 88' lang='lat' dir='ltr'>in</span> <span class='ocrx_word' id='word_1_233' title='bbox 2204 4212 2319 4292; x_wconf 83' lang='lat' dir='ltr'>dictas</span> 
     </span>
     <span class='ocr_line' id='line_1_26' title="bbox 900 4343 2320 4450; baseline -0.001 -30"><span class='ocrx_word' id='word_1_234' title='bbox 900 4343 1075 4422; x_wconf 89' lang='lat' dir='ltr'>mulieres</span> <span class='ocrx_word' id='word_1_235' title='bbox 1097 4363 1135 4422; x_wconf 90' lang='lat' dir='ltr'>et</span> <span class='ocrx_word' id='word_1_236' title='bbox 1158 4345 1239 4450; x_wconf 92' lang='lat' dir='ltr'>ipso</span> <span class='ocrx_word' id='word_1_237' title='bbox 1258 4345 1374 4437; x_wconf 81' lang='lat' dir='ltr'>sacto,</span> <span class='ocrx_word' id='word_1_238' title='bbox 1395 4347 1549 4429; x_wconf 89' lang='lat' dir='ltr'>suerunt</span> <span class='ocrx_word' id='word_1_239' title='bbox 1568 4348 1608 4424; x_wconf 92' lang='lat' dir='ltr'>in</span> <span class='ocrx_word' id='word_1_240' title='bbox 1625 4347 1757 4426; x_wconf 90' lang='lat' dir='ltr'>saisina</span> <span class='ocrx_word' id='word_1_241' title='bbox 1777 4348 1968 4428; x_wconf 82' lang='lat' dir='ltr'>bonorum</span> <span class='ocrx_word' id='word_1_242' title='bbox 1989 4345 2225 4434; x_wconf 88' lang='lat' dir='ltr'>eorumdem,</span> <span class='ocrx_word' id='word_1_243' title='bbox 2247 4343 2320 4420; x_wconf 89' lang='lat' dir='ltr'>sol-</span> 
     </span>
     <span class='ocr_line' id='line_1_27' title="bbox 899 4475 2320 4586; baseline 0.001 -36"><span class='ocrx_word' id='word_1_244' title='bbox 899 4475 1019 4552; x_wconf 91' lang='lat' dir='ltr'>vendo</span> <span class='ocrx_word' id='word_1_245' title='bbox 1040 4503 1173 4554; x_wconf 87' lang='lat' dir='ltr'>census</span> <span class='ocrx_word' id='word_1_246' title='bbox 1197 4495 1235 4554; x_wconf 90' lang='lat' dir='ltr'>et</span> <span class='ocrx_word' id='word_1_247' title='bbox 1253 4478 1485 4557; x_wconf 84' lang='lat' dir='ltr'>redibencias</span> <span class='ocrx_word' id='word_1_248' title='bbox 1506 4479 1670 4557; x_wconf 91' lang='lat' dir='ltr'>dominis</span> <span class='ocrx_word' id='word_1_249' title='bbox 1691 4480 1896 4570; x_wconf 86' lang='lat' dir='ltr'>consuetis,</span> <span class='ocrx_word' id='word_1_250' title='bbox 1921 4496 1960 4558; x_wconf 90' lang='lat' dir='ltr'>et</span> <span class='ocrx_word' id='word_1_251' title='bbox 1977 4478 2083 4586; x_wconf 91' lang='lat' dir='ltr'>quod</span> <span class='ocrx_word' id='word_1_252' title='bbox 2102 4503 2215 4582; x_wconf 87' lang='lat' dir='ltr'>super</span> <span class='ocrx_word' id='word_1_253' title='bbox 2239 4475 2320 4552; x_wconf 82' lang='lat' dir='ltr'>istis</span> 
     </span>
     <span class='ocr_line' id='line_1_28' title="bbox 900 4605 2317 4717; baseline 0.001 -37"><span class='ocrx_word' id='word_1_254' title='bbox 900 4623 978 4686; x_wconf 89' lang='lat' dir='ltr'>erat</span> <span class='ocrx_word' id='word_1_255' title='bbox 1001 4605 1111 4697; x_wconf 86' lang='lat' dir='ltr'>sama,</span> <span class='ocrx_word' id='word_1_256' title='bbox 1134 4637 1249 4714; x_wconf 92' lang='lat' dir='ltr'>quare</span> <span class='ocrx_word' id='word_1_257' title='bbox 1269 4609 1448 4715; x_wconf 86' lang='lat' dir='ltr'>petebant</span> <span class='ocrx_word' id='word_1_258' title='bbox 1465 4609 1634 4717; x_wconf 90' lang='lat' dir='ltr'>predicta</span> <span class='ocrx_word' id='word_1_259' title='bbox 1659 4610 1759 4688; x_wconf 91' lang='lat' dir='ltr'>bona</span> <span class='ocrx_word' id='word_1_260' title='bbox 1774 4611 1898 4692; x_wconf 88' lang='lat' dir='ltr'>adeas</span> <span class='ocrx_word' id='word_1_261' title='bbox 1915 4608 2060 4716; x_wconf 86' lang='lat' dir='ltr'>dejure</span> <span class='ocrx_word' id='word_1_262' title='bbox 2080 4607 2218 4686; x_wconf 86' lang='lat' dir='ltr'>debere</span> <span class='ocrx_word' id='word_1_263' title='bbox 2230 4631 2317 4710; x_wconf 91' lang='lat' dir='ltr'>pro-</span> 
     </span>
     <span class='ocr_line' id='line_1_29' title="bbox 899 4733 2318 4848; baseline 0 -36"><span class='ocrx_word' id='word_1_264' title='bbox 899 4739 1066 4814; x_wconf 83' lang='lat' dir='ltr'>nunciari</span> <span class='ocrx_word' id='word_1_265' title='bbox 1085 4741 1290 4846; x_wconf 89' lang='lat' dir='ltr'>pertinere,</span> <span class='ocrx_word' id='word_1_266' title='bbox 1315 4768 1392 4818; x_wconf 94' lang='lat' dir='ltr'>non</span> <span class='ocrx_word' id='word_1_267' title='bbox 1414 4741 1667 4831; x_wconf 87' lang='lat' dir='ltr'>obstantibus,</span> <span class='ocrx_word' id='word_1_268' title='bbox 1694 4770 1763 4848; x_wconf 90' lang='lat' dir='ltr'>per</span> <span class='ocrx_word' id='word_1_269' title='bbox 1788 4742 1932 4819; x_wconf 92' lang='lat' dir='ltr'>dictum</span> <span class='ocrx_word' id='word_1_270' title='bbox 1955 4733 2318 4848; x_wconf 67' lang='lat' dir='ltr'>procuratoremin</span> 
     </span>
     <span class='ocr_line' id='line_1_30' title="bbox 897 4866 2316 4981; baseline -0.004 -35"><span class='ocrx_word' id='word_1_271' title='bbox 897 4871 1125 4948; x_wconf 89' lang='lat' dir='ltr'>contrarium</span> <span class='ocrx_word' id='word_1_272' title='bbox 1148 4870 1314 4981; x_wconf 87' lang='lat' dir='ltr'>allegatis</span> <span class='ocrx_word' id='word_1_273' title='bbox 1332 4905 1342 4963; x_wconf 88' lang='lat'>;</span> <span class='ocrx_word' id='word_1_274' title='bbox 1366 4872 1504 4953; x_wconf 90' lang='lat' dir='ltr'>auditis</span> <span class='ocrx_word' id='word_1_275' title='bbox 1522 4872 1703 4980; x_wconf 91' lang='lat' dir='ltr'>quicquid</span> <span class='ocrx_word' id='word_1_276' title='bbox 1724 4889 1846 4980; x_wconf 86' lang='lat' dir='ltr'>partes</span> <span class='ocrx_word' id='word_1_277' title='bbox 1865 4899 2078 4978; x_wconf 88' lang='lat' dir='ltr'>proponere</span> <span class='ocrx_word' id='word_1_278' title='bbox 2099 4866 2316 4954; x_wconf 85' lang='lat' dir='ltr'>voluerunt,</span> 
     </span>
     <span class='ocr_line' id='line_1_31' title="bbox 893 4996 2323 5112; baseline 0 -38"><span class='ocrx_word' id='word_1_279' title='bbox 893 4999 1051 5101; x_wconf 86' lang='lat' dir='ltr'>predicti</span> <span class='ocrx_word' id='word_1_280' title='bbox 1072 5001 1234 5078; x_wconf 90' lang='lat' dir='ltr'>decanus</span> <span class='ocrx_word' id='word_1_281' title='bbox 1255 5018 1293 5078; x_wconf 90' lang='lat' dir='ltr'>et</span> <span class='ocrx_word' id='word_1_282' title='bbox 1313 5002 1518 5110; x_wconf 87' lang='lat' dir='ltr'>capitulum</span> <span class='ocrx_word' id='word_1_283' title='bbox 1541 5003 1810 5112; x_wconf 86' lang='lat' dir='ltr'>Sancti-Reguli</span> <span class='ocrx_word' id='word_1_284' title='bbox 1828 5003 2092 5112; x_wconf 82' lang='lat' dir='ltr'>judicaverunt</span> <span class='ocrx_word' id='word_1_285' title='bbox 2110 4996 2216 5106; x_wconf 90' lang='lat' dir='ltr'>quod</span> <span class='ocrx_word' id='word_1_286' title='bbox 2235 5023 2323 5102; x_wconf 89' lang='lat' dir='ltr'>pro·</span> 
     </span>
     <span class='ocr_line' id='line_1_32' title="bbox 895 5127 2322 5234; baseline -0.001 -32"><span class='ocrx_word' id='word_1_287' title='bbox 895 5146 1043 5207; x_wconf 90' lang='lat' dir='ltr'>curator</span> <span class='ocrx_word' id='word_1_288' title='bbox 1058 5129 1245 5208; x_wconf 89' lang='lat' dir='ltr'>dictorum</span> <span class='ocrx_word' id='word_1_289' title='bbox 1262 5130 1398 5234; x_wconf 90' lang='lat' dir='ltr'>prioris</span> <span class='ocrx_word' id='word_1_290' title='bbox 1413 5151 1451 5210; x_wconf 93' lang='lat' dir='ltr'>et</span> <span class='ocrx_word' id='word_1_291' title='bbox 1471 5152 1674 5213; x_wconf 88' lang='lat' dir='ltr'>conventus</span> <span class='ocrx_word' id='word_1_292' title='bbox 1694 5134 1950 5217; x_wconf 89' lang='lat' dir='ltr'>intencionem</span> <span class='ocrx_word' id='word_1_293' title='bbox 1969 5160 2077 5223; x_wconf 87' lang='lat' dir='ltr'>suam</span> <span class='ocrx_word' id='word_1_294' title='bbox 2094 5127 2322 5234; x_wconf 87' lang='lat' dir='ltr'>non-proba·</span> 
     </span>
     <span class='ocr_line' id='line_1_33' title="bbox 893 5258 2321 5374; baseline 0.001 -43"><span class='ocrx_word' id='word_1_295' title='bbox 893 5274 1008 5346; x_wconf 88' lang='lat' dir='ltr'>verat,</span> <span class='ocrx_word' id='word_1_296' title='bbox 1032 5258 1071 5335; x_wconf 91' lang='lat' dir='ltr'>in</span> <span class='ocrx_word' id='word_1_297' title='bbox 1091 5259 1205 5337; x_wconf 89' lang='lat' dir='ltr'>modo</span> <span class='ocrx_word' id='word_1_298' title='bbox 1227 5277 1265 5336; x_wconf 90' lang='lat' dir='ltr'>et</span> <span class='ocrx_word' id='word_1_299' title='bbox 1282 5258 1321 5336; x_wconf 92' lang='lat' dir='ltr'>in</span> <span class='ocrx_word' id='word_1_300' title='bbox 1340 5261 1461 5340; x_wconf 82' lang='lat' dir='ltr'>forma</span> <span class='ocrx_word' id='word_1_301' title='bbox 1478 5265 1662 5374; x_wconf 85' lang='lat' dir='ltr'>contentis</span> <span class='ocrx_word' id='word_1_302' title='bbox 1680 5265 1738 5343; x_wconf 87' lang='lat' dir='ltr'>vel</span> <span class='ocrx_word' id='word_1_303' title='bbox 1758 5264 1961 5373; x_wconf 87' lang='lat' dir='ltr'>propositis</span> <span class='ocrx_word' id='word_1_304' title='bbox 1981 5264 2022 5340; x_wconf 93' lang='lat' dir='ltr'>in</span> <span class='ocrx_word' id='word_1_305' title='bbox 2045 5260 2232 5370; x_wconf 88' lang='lat' dir='ltr'>peticione</span> <span class='ocrx_word' id='word_1_306' title='bbox 2251 5285 2321 5334; x_wconf 87' lang='lat' dir='ltr'>sua</span> 
     </span>
     <span class='ocr_line' id='line_1_34' title="bbox 769 5389 2321 5507; baseline 0.005 -45"><span class='ocrx_word' id='word_1_307' title='bbox 769 5449 775 5462; x_wconf 90' lang='lat'>.</span> <span class='ocrx_word' id='word_1_308' title='bbox 801 5397 803 5400; x_wconf 82' lang='grc'><strong>’</strong></span> <span class='ocrx_word' id='word_1_309' title='bbox 893 5413 1018 5468; x_wconf 86' lang='lat' dir='ltr'>coram</span> <span class='ocrx_word' id='word_1_310' title='bbox 1039 5389 1144 5496; x_wconf 90' lang='lat' dir='ltr'>ipsis,</span> <span class='ocrx_word' id='word_1_311' title='bbox 1172 5390 1402 5472; x_wconf 89' lang='lat' dir='ltr'>absolventes</span> <span class='ocrx_word' id='word_1_312' title='bbox 1423 5411 1568 5504; x_wconf 88' lang='lat' dir='ltr'>partem</span> <span class='ocrx_word' id='word_1_313' title='bbox 1589 5396 1781 5481; x_wconf 85' lang='lat' dir='ltr'>adversam</span> <span class='ocrx_word' id='word_1_314' title='bbox 1803 5397 1850 5475; x_wconf 89' lang='lat' dir='ltr'>ab</span> <span class='ocrx_word' id='word_1_315' title='bbox 1871 5395 2110 5507; x_wconf 89' lang='lat' dir='ltr'>impeticione</span> <span class='ocrx_word' id='word_1_316' title='bbox 2132 5389 2224 5473; x_wconf 82' lang='lat' dir='ltr'>tacta</span> <span class='ocrx_word' id='word_1_317' title='bbox 2250 5415 2321 5495; x_wconf 80' lang='lat' dir='ltr'>per</span> 
     </span>
    </p>
   </div>
   <div class='ocr_carea' id='block_1_3' title="bbox 0 0 2914 7287">
    <p class='ocr_par' dir='ltr' id='par_1_3' title="bbox 0 0 2914 7287">
     <span class='ocr_line' id='line_1_35' title="bbox 0 0 2914 7287; baseline 0 0"><span class='ocrx_word' id='word_1_318' title='bbox 0 0 2914 7287; x_wconf 95' lang='lat' dir='ltr'> </span> 
     </span>
    </p>
   </div>
  </div>
 </body>
</html>
