5817 7292
780 1197 789 1216 ·
853 1163 900 1235 38
1385 1201 1390 1214 ‚
1428 1160 1519 1232 Lus
1549 1157 1691 1231 OLIM.

606 1273 755 1374 'earnm
769 1315 813 1374 IV·
852 1301 1022 1407 partibus
1038 1319 1077 1380 et
1090 1303 1242 1393 auditis,
1260 1301 1413 1408 visaque
1427 1301 1602 1408 inquesta
1613 1327 1728 1407 super
1737 1299 1810 1376 boc
1823 1297 1934 1391 lacn,
1951 1327 2020 1405 per
2029 1301 2135 1375 curie
2149 1317 2277 1378 nostre

689 1410 751 1452 Μ’
846 1433 1055 1540 judicium,
1078 1433 1369 1539 pronunciatum
1390 1431 1462 1508 fuit
1482 1449 1520 1510 et
1536 1432 1608 1538 ipsi
1627 1429 1817 1537 preposito
1834 1429 2032 1507 Parisiensi
2050 1429 2277 1509 verbotenus

852 1565 1064 1672 injunctum
1079 1564 1196 1671 'quod
1224 1565 1307 1671 ipso
1328 1564 1545 1670 prepositus
1571 1562 1786 1640 Parisienais
1811 1562 1850 1637 in
1875 1562 2008 1668 primis
2037 1559 2175 1640 dietam
2203 1564 2279 1640 Ma-

852 1695 947 1772 riam
969 1696 1134 1773 dedicta
1157 1694 1272 1772 domo
1292 1695 1481 1771 resaisiret
1500 1710 1553 1785 et,
1571 1693 1637 1769 lite
1653 1693 1852 1799 pendente,
1872 1721 1986 1799 super
2002 1693 2075 1771 boc
2090 1719 2214 1770 eoram
2231 1716 2277 1771 eo

851 1825 950 1902 inter
978 1827 1094 1904 dietas
1113 1841 1254 1932 partes,
1276 1853 1359 1902 eam
1384 1825 1423 1901 in
1443 1853 1510 1902 sua
1535 1824 1671 1902 saisina
1693 1822 1890 1913 defendat,
1913 1842 1954 1900 et
1978 1823 2086 1900 faciat
2108 1823 2278 1932 partibus

846 1957 996 2063 justicie
1023 1956 1357 2064 complementum.
1386 1954 1524 2034 Actum
1548 1955 1725 2045 parisius,
1759 1955 1819 2032 die
1849 1955 1995 2034 veneris
2023 1972 2109 2061 post
2136 1955 2275 2033 festmn

850 2085 950 2163 beati
970 2086 1329 2179 Petri-adVincula,
1351 2112 1450 2163 anno
1469 2087 1622 2164 Domini
1636 2085 1845 2164 millesimo
1864 2086 2141 2164 trecentesimo.

909 2349 982 2426 Lll.
1014 2350 1100 2430 Visa
1124 2349 1313 2455 inquesta‚
1344 2347 1390 2424 de
1418 2349 1596 2426 mandato
1621 2348 1781 2425 cantoris
1806 2346 2084 2424 Aurelianensis
2110 2345 2202 2422 faeta
2228 2345 2277 2422 ad

853 2478 1071 2557 instanciam
1099 2478 1229 2555 decani
1255 2494 1294 2554 et
1318 2477 1470 2584 capituli
1496 2476 1769 2569 Aniciensium‚
1797 2506 1911 2585 super
1934 2505 1980 2555 eo
2009 2477 2115 2584 quod
2143 2503 2277 2552 manus

853 2609 963 2716 Regis
981 2625 1132 2686 tenetur
1151 2606 1319 2715 apposita
1332 2636 1400 2715 per
1409 2606 1591 2686 ballivum
1606 2625 1698 2685 tunc
1712 2607 2051 2688 Vallavie-in-Villa
2066 2605 2277 2684 redditibus

854 2758 891 2816 et
910 2740 1060 2847 justicia
1081 2740 1128 2816 de
1149 2738 1389 2830 Arelabasco‚
1419 2767 1495 2846 que
1520 2737 1696 2817 dioebant
1716 2738 1787 2844 ipsi
1802 2767 1889 2816 esse
1910 2739 1959 2815 de
1985 2737 2098 2816 feodo
2123 2735 2278 2814 ecclesie

854 2871 1077 2970 Aniciensis3
1094 2899 1175 2948 non
1194 2869 1267 2946 luit
1286 2874 1479 2948 inventum
1499 2870 1607 2977 quod
1616 2871 1889 2976 amanus-Regis
1899 2870 2067 2976 apposita
2087 2866 2281 2944 lueritibi·

854 3001 942 3078 dem
964 3003 1126 3109 injuste,
1148 3015 1187 3080 et
1206 3001 1294 3079 ideo
1315 2999 1545 3079 dietumiuit
1562 3001 1668 3108 quod
1692 3029 1826 3078 manus
1845 3002 1958 3108 Regis
1977 3000 2031 3077 ibi
2050 2998 2277 3086 remanebit3

856 3151 1003 3210 etcum
1033 3134 1104 3239 ipsi
1133 3132 1327 3237 requirant
1360 3161 1411 3208 se
1433 3161 1546 3238 super
1578 3133 1655 3208 hoo
1674 3133 1724 3208 ad
1751 3131 1950 3209 finnnciam
1975 3131 2141 3218 admitti,
2168 3131 2282 3235 scrip-

854 3281 937 3340 tum
957 3262 1031 3340 luit
1044 3261 1249 3339 senesoallo
1266 3260 1492 3338 Rulli-Cadri
1508 3260 1681 3368 vel-ejus,
1703 3279 1772 3338 eto.
1792 3263 1898 3370 quod
1912 3291 1952 3340 se
1967 3261 2145 3340 informet
2156 3277 2193 3336 et
2204 3287 2281 3336 res·

855 3391 975 3468 cribat
994 3390 1157 3496 qualiter
1175 3389 1644 3498 magis·«expedit:dnmino
1662 3392 1753 3500 Regi
1773 3412 1839 3471 aut
1852 3395 1997 3474 dietum
2018 3409 2177 3470 castrum
2192 3391 2282 3465 reti-

854 3550 961 3616 nere,
984 3539 1049 3598 aut
1066 3522 1155 3598 inde
1174 3521 1372 3598 smanciam
1393 3522 1574 3628 recipere.
1601 3513 1738 3601 Actum
1762 3525 1937 3615 Parisius,
1960 3525 2024 3601 die
2045 3522 2172 3599 martis
2193 3536 2281 3625 post

844 3652 1150 3732 ¹decollacionem
1170 3653 1273 3731 beati
1286 3653 1489 3744 lobannis,
1511 3682 1609 3732 anno
1627 3657 1903 3735 trecentesimo.
1968 3722 1974 3739 .

914 3914 1004 3990 Llll.
1035 3914 1121 3993 Visa
1148 3914 1336 4020 inquesta‚
1368 3916 1416 3992 de
1447 3915 1623 3996 mandato
1655 3918 1800 3996 domini
1831 3918 1978 4001 comitis
2012 3915 2282 3994 Attrebatensis

856 4042 969 4130 laeta,
991 4071 1170 4150 supereo
1192 4046 1296 4151 quod
1317 4044 1433 4153 bajuli
1451 4045 1667 4154 Agenenses
1687 4049 1942 4156 impediebant
1960 4049 2012 4127 Μ.
2033 4051 2065 4126 J.
2088 4049 2136 4127 de
2156 4051 2283 4129 Mons-

856 4172 1011 4264 trelem,
1044 4175 1110 4280 qui
1142 4191 1247 4252 tenet
1279 4177 1543 4256 execucionem
1571 4179 1688 4286 sigilli
1715 4179 1943 4286 Agenensis‚
1972 4181 2012 4256 in
2039 4181 2282 4288 percepcione

858 4305 1027 4410 quinque
1048 4305 1260 4384 solidorum
1280 4335 1350 4413 pro
1369 4307 1544 4415 quolibet
1563 4309 1725 4388 elamore
1751 4339 1865 4417 super
1887 4310 2048 4419 sigillato
2070 4312 2119 4388 de
2139 4341 2217 4418 quo
2233 4339 2283 4389 se

859 4433 989 4539 quitur
1005 4437 1196 4524 exeeucio‚
1215 4454 1254 4514 et
1268 4436 1430 4516 aliorum
1446 4439 1793 4518 emolumentorum
1806 4442 1855 4518 ad
1868 4441 2005 4520 dictam
2021 4443 2283 4520 exeouoionem

859 4564 1160 4668 pertinencium:
1181 4569 1253 4644 Per
1272 4567 1463 4675 judicium
1489 4570 1594 4648 curie
1615 4570 1846 4651 diotumluit
1866 4573 1970 4679 quod
1996 4572 2140 4650 dictum
2163 4573 2283 4674 impe-

860 4692 1072 4772 dimentum
1093 4713 1321 4788 amoveatur,
1345 4715 1382 4775 et
1402 4699 1508 4804 quod
1532 4699 1611 4805 ipse
1638 4703 1688 4780 M.
1710 4704 1742 4778 J.
1763 4703 1924 4810 gaudeat
1942 4701 2075 4777 saisina
2096 4698 2282 4804 predicto-

858 4854 964 4915 rumz
993 4844 1031 4904 et
1057 4827 1192 4906 habuit
1224 4855 1338 4932 super
1367 4828 1439 4904 boc
1466 4827 1630 4906 litteram
1656 4833 1863 4910 secundum
1887 4829 2047 4906 formam
2071 4855 2145 4933 que
2170 4827 2279 4934 ligata

860 4956 973 5032 estin
992 4956 1173 5064 inquesta.

915 5219 1005 5298 LIV.
1037 5218 1236 5296 Processus
1274 5217 1391 5296 laetos
1422 5249 1492 5326 per
1517 5223 1689 5330 judicem
1721 5240 1760 5299 et
1781 5221 1909 5298 locum
1941 5238 2132 5298 tenentem
2160 5221 2283 5298 vicarii

856 5344 1097 5430 Bitterrensis
1126 5345 1225 5422 inter
1243 5347 1437 5427 innobiles
1461 5369 1500 5430 et
1517 5352 1665 5430 nobiles
1682 5350 1857 5427 villarum
1877 5350 1978 5429 dicte
1995 5350 2146 5443 vicarie,
2171 5377 2285 5457 super

860 5473 1143 5552 contribucione
1162 5475 1203 5552 in
1227 5475 1339 5554 talliis
1367 5507 1437 5583 pro
1459 5480 1767 5588 quinquagesima
1789 5479 1983 5575 faciendis,
2013 5483 2114 5560 ouria
2143 5481 2285 5560 anulla-
