5817 7292
947 1124 1020 1199 708
1525 1119 1614 1195 Lus
1644 1118 1784 1195 OLIM.

722 1272 907 1337 nnnmtv,
944 1260 1282 1367 Petrnsassumpsit
1294 1258 1670 1368 dictumGoyssinum
1679 1288 1747 1365 per
1756 1276 1888 1348 vestes,
1901 1286 2017 1364 prope
2027 1273 2196 1365 guttura,
2210 1258 2355 1348 etdixit,

783 1365 847 1410 Μ’
947 1395 1070 1473 ·Estis
1090 1422 1154 1472 vos
1174 1392 1350 1471 dominus
1365 1391 1472 1469 istius
1489 1390 1647 1469 domus?
1661 1427 1675 1460 ι
1691 1405 1730 1467 et
1745 1390 1810 1466 ille
1826 1389 2037 1496 respondit,
2051 1426 2065 1457 ι
2079 1391 2148 1476 lta,
2162 1390 2331 1481 domine3
2347 1430 2359 1459 ι

948 1542 986 1603 et
1004 1526 1043 1601 in
1067 1524 1274 1603 continenti
1297 1523 1420 1600 dictus
1438 1524 1571 1599 Petrus
1594 1522 1641 1598 de
1661 1521 1828 1626 quodam
1846 1549 1982 1629 magno
2000 1519 2137 1599 baculo
2155 1548 2224 1598 seu
2248 1522 2362 1599 macia

947 1656 1090 1734 dictum
1100 1653 1304 1733 Gossinum
1320 1653 1370 1730 ita
1383 1652 1557 1729 atrociter
1570 1652 1611 1727 in
1623 1650 1743 1757 capite
1755 1650 1937 1757 percussit
1951 1649 2109 1755 pluries,
2124 1650 2228 1756 quod
2241 1651 2362 1756 ipsum

947 1787 1147 1867 Gossinum
1168 1785 1272 1891 q'uasi
1286 1800 1480 1861 mortuum
1491 1784 1587 1859 inter
1601 1783 1717 1888 pedes
1727 1810 1911 1889 equorum
1923 1810 2079 1858 suorum
2092 1780 2260 1887 reliquit,
2274 1811 2363 1889 quas

949 1917 1103 2023 injurias
1119 1932 1156 1992 et
1171 1914 1454 1992 vulneraciones
1470 1912 1653 1991 noluisset
1664 1912 1840 1990 habuisse
1858 1912 1981 1988 dictus
1996 1912 2198 1999 Gossinus,
2216 1929 2259 1988 ut
2271 1912 2363 1988 dice

946 2047 1026 2139 bat,
1040 2075 1109 2153 pro
1130 2045 1301 2122 ducentis
1313 2044 1475 2121 marchis
1487 2042 1646 2150 argenti;
1664 2070 1779 2148 quare
1790 2042 1945 2148 petebat
1958 2042 2100 2120 dictum
2113 2043 2265 2119 Petrum
2281 2070 2363 2119 cou-

950 2174 1144 2281 dempnari
1160 2175 1230 2251 sibi
1243 2174 1282 2251 in
1300 2173 1409 2251 dictis
1424 2173 1595 2251 ducentis
1613 2172 1794 2265 marchis,
1807 2200 1881 2249 una
1894 2201 1980 2250 cum
1991 2189 2141 2249 centum
2158 2170 2278 2260 libris,
2292 2199 2359 2275 pro

952 2306 1124 2411 dampnis
1143 2322 1180 2383 et
1203 2304 1371 2410 expensis
1392 2304 1488 2392 suis,
1504 2303 1695 2381 taxatione
1705 2302 1846 2409 judicis
1865 2284 2104 2409 precedente
2119 2301 2182 2407 qui
2202 2304 2361 2407 preposi-

951 2448 1029 2525 t'us,
1047 2435 1185 2512 auditis
1200 2433 1412 2511 nacionibus
1426 2434 1623 2538 utriusque
1638 2432 1769 2540 partis,
1789 2431 1931 2510 dictum
1944 2436 2097 2511 Petmm
2110 2432 2160 2509 ad
2173 2431 2363 2509 emendan-

953 2566 1044 2643 dum
1064 2565 1180 2642 dictas
1194 2564 1349 2671 injurias
1364 2563 1433 2670 ipsi
1446 2563 1605 2643 Gossino
1622 2563 1925 2669 condempnavit,
1942 2580 2084 2641 retenta
2098 2562 2171 2640 sibi
2185 2545 2363 2669 potestate

951 2695 1099 2771 taxandi
1117 2694 1235 2771 dictas
1255 2696 1444 2785 emendas,
1463 2712 1539 2771 tam
1552 2722 1625 2800 pro
1646 2712 1750 2799 parte
1769 2694 1846 2773 lesa
1860 2724 1972 2802 quam
1987 2724 2056 2801 pro
2076 2694 2205 2784 nobis;
2218 2713 2255 2771 et
2269 2713 2365 2801 post·

950 2826 1124 2914 modum,
1139 2854 1206 2930 per
1221 2824 1367 2932 aliquos
1381 2825 1478 2913 dies,
1497 2825 1620 2902 dictus
1638 2823 1819 2903 Gossinus
1837 2825 2006 2932 predicto
2020 2825 2210 2931 preposito
2230 2824 2368 2932 suppli·

952 2955 1044 3031 cavit
1064 2973 1106 3031 ut
1124 2955 1172 3031 ad
1189 2956 1420 3033 taracionem
1443 2953 1604 3032 emende
1620 2955 1787 3061 predicte
1806 2957 2042 3062 procederet,
2063 2955 2187 3061 previa
2202 2955 2364 3044 racione,

953 3084 1074 3163 dictus
1086 3113 1174 3164 vero
1191 3086 1403 3192 prepositus
1417 3084 1622 3191 predictam
1640 3087 1840 3169 emendam
1854 3089 1904 3165 ad
1915 3086 2047 3164 decem
2060 3086 2175 3164 libras
2194 3086 2368 3163 Parisien-

953 3242 1010 3293 ses
1025 3214 1220 3293 solvendas
1235 3217 1306 3323 ipsi
1322 3216 1500 3306 Gossin0,
1519 3244 1588 3323 pro
1602 3215 1751 3322 injuriis
1769 3235 1808 3295 et
1826 3216 2153 3295 vulneracionibus
2174 3217 2365 3324 predictis,

952 3346 1100 3435 taxavit3
1112 3374 1133 3421 a
1146 3374 1221 3452 qua
1231 3348 1439 3436 taxacione,
1454 3363 1665 3453 tanquama
1681 3347 1845 3436 modica,
1856 3349 1959 3425 idem
1975 3348 2154 3427 Gossinus
2165 3346 2213 3424 ad
2225 3348 2366 3424 curiam

954 3491 1118 3551 nostram
1134 3474 1332 3581 appellavit
1351 3506 1359 3551 ε
1378 3474 1526 3552 Auditis
1537 3475 1652 3583 igitur
1664 3476 1773 3555 dictis
1788 3478 1958 3583 partibus
1971 3478 2009 3553 in
2024 3504 2130 3553 causa
2142 3476 2368 3581 appellacio-

954 3604 1012 3681 nis
1032 3606 1201 3710 predicte
1229 3622 1267 3683 et
1294 3604 1372 3682 viso
1395 3633 1573 3711 processu
1593 3607 1780 3712 predicto,
1803 3638 1872 3715 per
1884 3609 2070 3716 judicium
2089 3608 2190 3685 curie
2216 3624 2364 3696 nostre,

953 3734 1098 3813 dictum
1118 3736 1187 3812 luit
1205 3735 1341 3812 dictam
1361 3736 1592 3812 taxacionem
1611 3737 1769 3841 predicti
1788 3738 1968 3845 prepositi
1989 3738 2175 3816 modicam
2190 3736 2317 3826 luisse,
2334 3756 2372 3815 et

953 3881 1106 3971 propter
1122 3866 1194 3943 boc
1208 3865 1351 3943 dictum
1367 3866 1570 3945 Gossinum
1584 3867 1683 3944 bene
1696 3867 1918 3973 appellasse,
1936 3886 1974 3946 et
1984 3870 2117 3945 taxavit
2128 3869 2235 3945 curia
2249 3886 2371 3947 nostra

955 3994 1091 4071 dictam
1112 3995 1329 4088 emendam,
1352 4014 1538 4103 quantum
1561 3997 1610 4074 ad
1631 3997 1795 4075 eundem
1815 3998 2034 4089 Gossinum,
2055 4028 2124 4105 pro
2144 3999 2259 4077 dictis
2277 3999 2371 4105 inju-

954 4123 1018 4200 riis
1031 4124 1123 4213 suis,
1144 4123 1193 4199 ad
1206 4125 1335 4233 viginti
1351 4125 1465 4203 libras
1479 4126 1718 4221 Parisicnses,
1738 4146 1789 4219 et,
1807 4138 1991 4237 quantum
2007 4129 2054 4208 ad
2072 4130 2276 4207 emendam
2290 4156 2373 4205 nos·

954 4272 1067 4341 tram,
1086 4255 1188 4331 curia
1203 4273 1344 4351 nostra,
1366 4257 1413 4335 de
1429 4256 1619 4335 voluntate
1633 4275 1778 4351 nostra,
1792 4261 1946 4367 privavit
1964 4261 2129 4339 eundem
2141 4262 2315 4351 Petrum,
2336 4260 2373 4335 in

955 4400 1190 4488 perpetuum,
1203 4386 1250 4463 ab
1264 4385 1367 4462 omni
1383 4386 1539 4464 servicio
1555 4405 1593 4465 et
1606 4387 1730 4465 officio
1746 4406 1888 4481 nostro,
1904 4406 1942 4467 et
1958 4390 2126 4497 precepit
2144 4392 2271 4499 quod,
2290 4418 2373 4469 cum

956 4512 1043 4605 hoc,
1067 4514 1168 4593 idem
1186 4518 1319 4595 Petrus
1337 4533 1480 4607 teneat,
1501 4546 1545 4595 ex
1563 4547 1665 4597 nunc
1684 4548 1803 4627 usque
1824 4521 1872 4599 ad
1889 4550 2007 4599 unum
2025 4550 2170 4599 annum
2190 4524 2372 4631 integrum

956 4658 994 4718 et
1012 4646 1257 4751 completum,
1274 4646 1478 4752 prisionem
1496 4648 1535 4723 in
1548 4647 1746 4728 Castelleto
1760 4667 1888 4729 nostro
1900 4650 2113 4740 Parisicnsi,
2128 4653 2191 4731 vel
2205 4652 2295 4730 alibi
2311 4651 2370 4727 ubi

956 4773 1064 4852 nobis
1080 4792 1145 4851 aut
1164 4776 1263 4853 curie
1284 4794 1412 4855 nostre
1432 4777 1629 4885 placuerit,
1646 4781 1787 4888 absque
1805 4782 2081 4863 deliberacione
2102 4784 2166 4861 vel
2181 4783 2370 4862 recreden·

956 4904 1011 4980 cia
1029 4902 1154 5010 aliqua
1172 4933 1284 5013 super
1298 4908 1371 4985 boc
1393 4907 1573 4987 facienda.

1010 5034 1114 5111 Lune
1133 5052 1219 5140 post
1239 5036 1496 5143 Magdalenam
1516 5039 1588 5117 fuit
1600 5043 1909 5147 pronunciatum,
1925 5045 1993 5122 scd
2010 5045 2280 5123 concordatum
2293 5040 2371 5117 lue·

954 5177 1011 5240 rat
1021 5164 1121 5268 apud
1133 5164 1362 5243 Pontisaram
1382 5196 1508 5248 coram
1522 5172 1678 5251 domino
1692 5175 1808 5281 Rege,
1827 5174 1984 5253 durante
1995 5174 2251 5281 parlamento,
2270 5172 2372 5249 sicut.

1009 5295 1049 5371 P.
1071 5294 1118 5373 de
1134 5296 1227 5405 Dyci
1246 5298 1458 5402 reportavit.
