5817 7292
881 1109 956 1186 lde
1460 1107 1552 1182 LES
1585 1107 1718 1182 OLIM.

651 1264 782 1318 enum
795 1257 842 1323 Ν]
880 1244 2072 1359 nern‚percus'serant‚etquedampignormquemurlmoffieium
2083 1255 2303 1347 exercendo,

714 1350 776 1398 m
881 1380 1185 1489 ceperat‚eidem
1199 1399 1467 1470 emmeram,
1480 1379 1843 1488 etbaculum‚signo
1857 1379 2303 1491 regiusignatum‚quem

879 1509 1057 1621 palamst
1074 1509 1457 1620 publicedeferebat‚
1478 1513 1607 1590 eidem
1628 1511 1861 1590 abstulerant
1880 1507 2123 1590 etin'lutum
2142 1516 2306 1623 projece-

880 1662 979 1736 rant,
999 1659 1037 1720 et
1053 1661 1208 1750 propter
1226 1641 1299 1722 hoc
1315 1643 1539 1721 castellanus
1553 1641 1864 1731 montisalbani,
1883 1671 1930 1719 ex
1949 1646 2217 1724 commissione
2232 1648 2304 1725 sibi

880 1807 900 1852 a
919 1773 1124 1853 senes'callo
1143 1773 1438 1884 Petragoricensi
1456 1773 1567 1866 laeta,
1582 1774 1721 1850 vocatis
1735 1773 1944 1854 Gnillelma
1960 1792 1999 1852 et
2012 1773 2094 1854 aliie
2104 1778 2302 1884 predictis,

880 1907 1147 2014 inquisivisset,
1167 1924 1209 1984 et
1225 1903 1365 1983 auditis
1384 1905 1563 1982 omnihus
1581 1933 1657 2009 que
1677 1905 1777 1982 dicte
1796 1923 1922 2012 partes
1941 1904 2030 1985 hinc
2052 1907 2144 1984 inde
2164 1937 2304 2018 propo-

879 2064 970 2116 nere
989 2037 1207 2126 voluerunt,
1230 2033 1368 2113 dictam
1389 2034 1633 2115 Guillelmam
1652 2035 1693 2111 in
1715 2051 1869 2114 centnm
1888 2036 1998 2114 libris
2018 2037 2148 2127 nobis,
2167 2057 2206 2116 et
2221 2069 2305 2118 oen·

879 2186 960 2248 tum
974 2169 1105 2248 solidis
1116 2169 1211 2276 parti
1222 2227 1230 2257 ‚
1243 2168 1509 2255 Bertrandum‚
1526 2167 1609 2273 ejus
1621 2163 1764 2256 filium,
1779 2168 1822 2245 in
1833 2168 2110 2248 centumtinris
2123 2171 2247 2261 nobis,
2263 2189 2301 2248 et

880 2317 1032 2378 centum
1046 2297 1185 2378 solidis
1192 2300 1305 2406 parti,
1323 2317 1363 2376 et
1379 2295 1523 2376 dictum
1535 2290 1790 2376 Guillelmnin
1806 2297 1856 2376 de
1871 2300 2005 2406 llogias
2023 2318 2062 2377 et
2075 2299 2298 2391 Arnaldum‚

880 2435 961 2542 ejus
976 2431 1116 2523 lilium,
1137 2431 1349 2509 incentum
1372 2429 1480 2506 libris
1496 2429 1622 2518 nobis,
1636 2447 1676 2507 et
1694 2445 1847 2507 eentum
1865 2430 1996 2508 solidis
2008 2432 2103 2539 parti
2121 2431 2210 2509 dicti
2224 2457 2302 2510 ser-

879 2565 1012 2668 vientis
1023 2624 1031 2650 ‚
1054 2563 1383 2667 condempnasset,
1405 2589 1519 2666 aqua
1538 2561 1730 2639 sentencia
1750 2559 1840 2638 dieti
1861 2561 2125 2669 condempnati
2144 2565 2197 2642 ad
2212 2589 2301 2642 nos-

879 2712 974 2771 tram
991 2693 1131 2770 curiam
1148 2689 1403 2798 appellarunt3
1425 2690 1705 2768 commissarius
1718 2709 1846 2770 autem
1863 2693 2010 2772 anobis
2026 2692 2067 2771 in
2079 2723 2188 2771 causa
2204 2695 2302 2772 dicte

879 2821 1142 2932 appellacionis
1158 2821 1285 2910 datus,
1301 2822 1511 2928 procedens
1530 2821 1570 2897 in
1589 2849 1651 2910 ea,
1666 2821 1874 2928 predictam
1889 2825 2119 2902 sentenciam
2137 2845 2306 2931 pronnu‘·

878 2955 985 3034 ciavit
998 2981 1077 3032 esse
1091 2954 1251 3042 nullam
1273 2981 1381 3060 aqua
1395 2953 1585 3031 sentencia
1598 2953 1782 3033 nullitatis
1800 2975 2023 3061 procurator
2037 2973 2167 3034 noster
2181 2985 2306 3036 senes-

804 3149 806 3155 2
879 3086 984 3164 callis
1005 3084 1316 3195 Petragoricensis
1331 3085 1380 3163 ad
1397 3101 1563 3163 nostram
1580 3085 1724 3162 curiam
1744 3085 1943 3192 appellavit
1955 3118 1965 3162 τ
1976 3088 2073 3168 Visis
2092 3089 2207 3196 igitur
2221 3117 2305 3166 om-

878 3217 991 3296 nibus
1010 3215 1246 3324 processibus
1272 3215 1514 3321 supradictis,
1540 3217 1833 3322 pronunciatum
1852 3217 1939 3310 luit,
1959 3246 2030 3324 per
2052 3219 2157 3295 curie
2177 3235 2303 3295 nostre

873 3347 1080 3458 judicium,
1102 3347 1247 3424 dictum
1268 3362 1551 3453 procuratorem
1570 3365 1742 3428 nostrum
1760 3348 1860 3426 bene
1876 3349 2080 3455 appellasse
2099 3365 2138 3424 et
2157 3349 2300 3426 dictum

880 3479 1177 3558 commissarium
1191 3478 1289 3556 male
1300 3476 1505 3586 judicasse,
1520 3496 1558 3555 et
1571 3479 1644 3556 suit
1657 3477 1873 3559 confirmata
1886 3479 2006 3585 prima
2017 3479 2207 3557 sentencia
2220 3507 2302 3586 pre-

880 3609 994 3700 dicta,
1017 3627 1055 3688 et
1073 3609 1318 3687 mandabitur
1335 3609 1566 3686 execucioni.

934 3744 1041 3820 Lnne
1061 3757 1153 3848 post.
1164 3745 1296 3820 Letare
1313 3740 1533 3818 Jerusalem.

932 3873 1093 3952 Cuillier
1111 3872 1322 3979 reportavit.

935 4140 1059 4217 LXIX.
1092 4141 1173 4218 Lite
1189 4156 1292 4217 mota
1311 4140 1410 4216 inter
1422 4138 1622 4217 dominum
1641 4139 1692 4216 de
1706 4139 1887 4231 Bureria,
1902 4167 1946 4216 ex
1965 4155 2069 4244 parte
2086 4167 2177 4229 una,
2193 4157 2231 4218 et
2245 4142 2305 4218 la·

880 4269 1018 4348 cobnrn
1039 4271 1087 4349 de
1108 4271 1417 4360 Sancto-Ponam,
1439 4270 1619 4362 militem,
1642 4299 1687 4348 ex
1704 4271 1839 4357 altera,
1860 4296 2038 4376 supereo
2057 4270 2163 4377 quod
2183 4271 2304 4349 dictus

880 4401 1060 4479 dominns
1073 4402 1120 4480 de
1135 4403 1292 4481 Buxeria
1306 4402 1452 4480 dicebat
1466 4402 1588 4510 quod,
1604 4402 1651 4480 de
1664 4399 1938 4480 consuetudine
1950 4400 2152 4508 approbata
2164 4403 2203 4477 in
2219 4399 2302 4478 loco

879 4531 926 4610 de
947 4534 1120 4624 Boionia,
1133 4533 1261 4612 nullus
1282 4533 1471 4612 edifficare
1483 4550 1609 4641 potest
1620 4532 1849 4611 fortalicium
1863 4531 1960 4609 infra
1971 4532 2067 4608 fines
2083 4561 2151 4610 sue
2170 4531 2302 4609 castel·

879 4663 994 4754 lanis,
1016 4665 1088 4742 nisi
1109 4665 1156 4743 de
1176 4666 1362 4772 permissu
1380 4665 1571 4774 ejusdem,
1591 4681 1630 4742 et
1642 4665 1748 4772 quod
1767 4665 1847 4771 ipse
1863 4680 1921 4741 est
1937 4663 1979 4740 in
1998 4664 2133 4742 saisina
2150 4662 2301 4771 pacifica

879 4795 1055 4874 diruendi
1067 4796 1249 4876 fortalicia
1263 4798 1407 4875 ibidem
1422 4813 1635 4876 constructa
1643 4813 1770 4903 preter
1784 4796 1865 4903 ejus
1880 4795 2130 4883 voluntatem,
2147 4812 2186 4872 et
2200 4792 2298 4885 ideo,

877 4955 964 5004 cum
986 4928 1122 5005 domus
1141 4928 1189 5005 de
1207 4931 1374 5006 Fumcto
1402 4929 1450 5005 sit
1470 4928 1609 5006 domus
1630 4927 1739 5006 lortis
1760 4944 1800 5004 et
1816 4923 1988 5004 edificata
2014 4925 2062 5003 de
2084 4953 2181 5002 novo
2206 4924 2302 5002 inlra

878 5057 974 5134 fines
987 5057 1277 5137 castellaniesue
1291 5059 1473 5167 predicte,
1489 5075 1617 5138 contra
1627 5059 1710 5167 ejus
1721 5053 1965 5146 voluntatem,
1977 5055 2130 5163 petebat
2142 5057 2303 5134 eandem

880 5187 1074 5279 demoliri,
1089 5191 1225 5268 uirtute
1244 5189 1530 5268 consuetudinis
1546 5190 1779 5298 supradicte3
1795 5189 1898 5266 dicto
1917 5187 2056 5266 Jacobo
2073 5188 2301 5265 contrariom

877 5337 1083 5409 amarante,
1107 5321 1274 5428 etplura
1293 5321 1341 5398 ed
1361 5322 1419 5399 sui
1439 5320 1701 5400 defensionem
1719 5336 1975 5426 proponente:
1993 5320 2169 5427 lnquesta
2187 5316 2303 5423 igitur

821 5559 829 5570 Ι
878 5479 991 5558 super
1009 5452 1083 5532 hiis
1102 5449 1150 5533 de
1171 5453 1348 5532 mandato
1362 5453 1465 5532 curie
1483 5470 1611 5532 nostre
1625 5452 1738 5541 lacta,
1752 5451 1831 5531 risa
1845 5466 1885 5528 et
1900 5450 2102 5560 diligenter
2116 5449 2300 5556 inspecta,
