5817 7292
1060 1100 1333 1210 nvootrss
1360 1119 1423 1192 nr
1450 1095 1657 1217 proces.
1816 1182 1819 1186 .
2002 1118 2073 1191 rss

645 1286 719 1367 que
736 1258 833 1349 sint,
856 1286 931 1365 que
951 1258 1029 1368 ipsa
1044 1290 1174 1339 secum
1194 1262 1406 1369 asportavit,
1424 1258 1577 1369 quando
1592 1261 1672 1367 ipsa
1686 1258 1969 1337 matrimonium
1983 1287 2075 1337 con·
2113 1265 2243 1321 Pmmss
2256 1267 2299 1329 tv,

642 1390 754 1471 east
772 1418 860 1468 cum
883 1390 986 1470 ricto
1003 1394 1138 1487 raro,
1151 1411 1188 1471 a
1209 1394 1256 1471 ae
1277 1392 1387 1472 atera
1409 1394 1582 1471 rucanas
1598 1390 1707 1467 rnrts
1723 1390 1823 1466 siaa
1835 1389 2074 1497 naynssbi
2174 1358 2238 1401 ¹³⁰⁴·

642 1520 762 1599 solvet
790 1537 943 1599 centum
973 1522 1107 1614 libras,
1136 1524 1364 1603 deducendo
1394 1523 1529 1601 exinde
1557 1521 1741 1630 quicquid
1767 1521 1816 1598 de
1841 1520 1896 1597 eis
1918 1538 1976 1598 est
2001 1522 2073 1600 sibi

575 1694 577 1699 ·
643 1652 834 1741 solutum;
850 1669 889 1729 et
909 1652 1008 1729 dicta
1022 1651 1175 1762 Alaydis
1194 1655 1432 1762 recuperabit
1447 1670 1487 1732 et
1503 1652 1661 1732 babebit
1678 1652 1868 1759 predictas
1885 1680 1947 1729 res
1965 1653 2076 1729 here·

645 1784 814 1874 ditarias,
831 1785 921 1862 sitas
934 1786 1036 1893 apud
1052 1787 1337 1868 Romaiu-Villa
1358 1804 1397 1865 et
1411 1788 1640 1895 B0igneaus,
1660 1811 1752 1892 quas
1764 1784 1844 1892 ipsa
1857 1782 2075 1889 possidebat

644 1932 814 2023 tempore
825 1933 930 1994 mota
943 1919 1203 1997 contencionis
1217 1920 1387 2027 predicte
1398 1947 1524 1996 coram
1541 1917 1643 2017 dicto
1655 1916 1846 2023 preposito
1856 1914 2071 2005 Parisiensi,

644 2064 683 2123 et
702 2048 749 2125 de
770 2047 908 2153 quibus
928 2047 1008 2154 ipsa
1028 2048 1151 2125 luerat
1169 2049 1328 2157 spoliata
1345 2050 1483 2127 virtute
1497 2048 1658 2156 judicati
1672 2046 1851 2153 predicti,
1869 2076 1956 2123 cum
1974 2046 2075 2124 fruc·

642 2177 744 2255 tibus
763 2192 803 2255 wet
820 2177 983 2256 exitibus
997 2206 1066 2286 per
1082 2180 1220 2257 dictam
1235 2180 1447 2258 ,lohannam
1462 2180 1554 2256 inde
1573 2179 1760 2285 perceptis
1773 2208 1795 2255 a
1807 2195 1981 2285 ternpore
1994 2206 2073 2283 quo
2118 2249 2123 2259 .

642 2307 715 2385 sibi
733 2306 889 2387 fuerunt
902 2311 1041 2388 tradite
1057 2338 1118 2389 res
1130 2311 1319 2418 predicte,
1336 2312 1487 2389 racione
1497 2310 1658 2419 judicati
1674 2310 1833 2417 predicti
1847 2336 1917 2417 per
1931 2309 2074 2387 curiam

570 2436 576 2447 ’
642 2438 853 2547 reprobatis
875 2458 915 2519 et
940 2442 972 2519 si
997 2442 1096 2520 dicta
1121 2443 1292 2520 Jobanna
1320 2442 1358 2519 in
1385 2442 1529 2521 eisdem
1553 2441 1680 2531 bonis,
1703 2441 1763 2519 vel
1785 2457 1890 2548 parte
1917 2468 2071 2529 eorum,

642 2572 732 2649 velit
751 2570 913 2679 aliquid,
935 2574 1086 2651 racione
1108 2574 1287 2666 dotalitii,
1310 2593 1458 2683 petere,
1481 2604 1594 2681 super
1614 2576 1706 2662 hoc,
1727 2572 1865 2651 vocatis
1885 2574 2071 2677 partibus,

643 2700 710 2781 liet
722 2701 874 2808 justicie
893 2704 1230 2813 complementum.

700 2831 853 2911 Sabbati
871 2852 957 2939 post
975 2836 1239 2915 Reminiscere.
1340 2936 1341 2941 Ἰ

699 3098 809 3175 XXX.
841 3100 964 3211 Super
984 3130 1030 3180 eo
1056 3100 1162 3208 quod
1181 3102 1370 3180 Robertus
1390 3102 1438 3181 de
1458 3099 1772 3194 Castro-Marino,
1798 3099 1963 3191 scutifer,
1985 3126 2074 3177 con·

642 3228 872 3335 querebatur
897 3232 1022 3338 quod,
1048 3231 1174 3337 ipsum
1203 3231 1423 3309 existentem
1452 3231 1491 3307 in
1511 3232 1747 3338 possessione
1772 3246 1978 3309 castrorum
2004 3258 2073 3309 seu

641 3360 814 3439 locorum
840 3363 888 3439 de
915 3364 1090 3453 Pairiola,
1118 3363 1166 3441 de
1191 3363 1437 3454 Tornamina,
1465 3380 1503 3441 et
1528 3366 1575 3442 de
1599 3363 1794 3451 Blansaco,
1823 3391 1973 3441 necnon
1997 3362 2072 3440 alte

642 3510 679 3570 et
697 3494 804 3571 basse
819 3494 972 3602 justicie
994 3526 1035 3573 ac
1053 3495 1314 3602 percepcionis
1332 3494 1525 3574 fructuum
1555 3514 1593 3573 et
1618 3514 1872 3603 proventuum
1898 3494 2071 3573 locorum

640 3626 917 3730 predictorum,
935 3627 1114 3706 officiales
1128 3627 1263 3720 nostri,
1280 3627 1319 3703 in
1334 3627 1551 3706 senescallia
1565 3627 1795 3718 Tholosana,
1813 3626 2071 3734 predictorum
2197 3697 2204 3710 .

641 3750 875 3863 possessione
895 3760 1144 3867 spoliaverant
1170 3760 1308 3867 injuste
1334 3776 1372 3837 et
1397 3761 1443 3837 de
1467 3788 1577 3837 novo.
1604 3762 1782 3867 lnquesta
1804 3759 1904 3835 inter
1927 3759 2069 3864 ipsum,

643 3916 686 3965 ex
704 3919 781 3969 una
798 3898 922 3997 parte,
941 3907 979 3969 et
993 3870 1277 3999 procuritorem
1295 3907 1468 3969 nostrum
1483 3891 1584 3967 dicte
1602 3889 1821 3969 senescallie
1837 3887 2070 3977 Tholosane,

644 4048 688 4099 ex
707 4020 839 4115 altera,
860 4020 996 4101 virtute
1018 4022 1291 4101 commissionis
1311 4037 1438 4099 nostre
1462 4021 1576 4110 lacta,
1597 4022 1673 4099 visa
1697 4040 1736 4099 et
1763 4020 1963 4127 diligenter
1990 4047 2074 4097 exa-

643 4154 800 4243 minata,
829 4181 900 4259 per
930 4154 1035 4231 curie
1063 4170 1191 4231 nostre
1207 4153 1416 4261 judicium,
1451 4153 1598 4229 dictum
1624 4150 1696 4230 suit
1716 4169 1754 4229 et
1778 4152 2072 4257 pronunciatum

643 4285 749 4392 quod
774 4286 958 4393 possessio
984 4284 1242 4391 predictorum
1269 4284 1395 4361 eidem
1418 4284 1585 4362 Roberto
1610 4283 1842 4374 restituetur,
1864 4310 1906 4358 ac
1928 4281 2073 4360 bueus

644 4431 682 4493 et
699 4415 820 4493 exitus
839 4394 1058 4525 pergentes
1076 4432 1222 4494 nostras
1240 4415 1331 4493 inde
1345 4414 1514 4523 percepti
1529 4444 1550 4491 a
1568 4432 1738 4521 tempore
1758 4414 1859 4491 dicte
1875 4412 2073 4519 spoliario·

645 4547 702 4623 nis
719 4546 792 4625 sibi
807 4546 1029 4639 reddentur,
1046 4544 1145 4625 salva
1159 4547 1270 4625 nobis
1285 4548 1325 4623 in
1342 4547 1521 4655 predictis
1536 4547 1664 4625 castris
1680 4574 1749 4625 seu
1764 4545 1855 4623 locis
1872 4545 2071 4652 questione

642 4678 898 4787 proprietatis,
921 4678 1104 4786 salvisque
1122 4678 1234 4757 nobis
1254 4678 1291 4757 in
1312 4679 1494 4788 predictis
1512 4678 1606 4757 locis
1625 4678 1790 4757 exercitu
1810 4692 1849 4755 et
1870 4678 2070 4767 cavalcata,

643 4838 791 4890 necnon
816 4810 967 4919 alberga
992 4825 1030 4888 et
1052 4840 1162 4918 pace,
1184 4840 1226 4888 ac
1246 4811 1328 4890 aliis
1351 4811 1512 4891 deveriis
1536 4840 1612 4918 que
1636 4838 1706 4889 nos
1726 4826 1765 4887 et
1788 4808 2073 4918 predecessores

644 4944 762 5021 nostri
782 4944 1048 5022 consuevimus
1064 4943 1209 5021 ibidem
1231 4942 1380 5023 habere.

701 5075 856 5154 Sabbati
876 5092 964 5183 post
983 5074 1251 5155 Reminiscere.

701 5340 828 5417 XXXI.
860 5340 960 5421 Cum
978 5340 1223 5450 inquisitores
1244 5370 1365 5449 nuper
1384 5370 1404 5421 a
1423 5340 1536 5420 nobis
1551 5340 1596 5417 in·
1610 5341 1827 5421 senescallia
1844 5337 2074 5417 Belli-Cadri

646 5470 832 5575 deputati,
850 5474 1108 5581 Rostangnum
1124 5492 1162 5552 et
1175 5476 1345 5561 Petrum,
1364 5473 1485 5551 dictos
1505 5474 1553 5551 de
1574 5473 1747 5566 Biterris,
1768 5472 1915 5558 fratres,
1934 5469 2076 5547 liberos

734 5646 787 5686 1088
808 5646 892 5687 otttt.
918 5649 963 5689 lll.
1886 5644 1927 5685 20
