5817 7292
995 1068 1261 1183 sroolrns
1289 1096 1353 1167 rr
1380 1080 1588 1167 esoces.
1928 1096 2001 1168 rso

584 1234 725 1311 ibidem
739 1251 910 1340 presente
925 1252 961 1312 et
982 1234 1260 1342 pontificalibus
1278 1235 1429 1323 induto,
1445 1262 1531 1311 cnm
1548 1233 1691 1321 mittra,
1706 1260 1813 1328 croca
1827 1250 1864 1310 et
1878 1252 2004 1313 macte
2042 1245 2173 1297 Pueros
2186 1244 2227 1303 tv.

584 1363 704 1441 crucis
723 1363 874 1453 vexillo,
896 1365 1089 1443 inhibente
1115 1365 1214 1442 dicto
1236 1364 1436 1457 Gausrido,
1460 1394 1505 1441 ex
1525 1378 1630 1469 parte
1649 1361 1721 1439 Dei
1742 1378 1779 1438 et
1795 1379 1937 1451 nostra,
1955 1392 2004 1441 ne
2104 1336 2167 1377 ’Μ’

585 1494 671 1598 ipsi,
690 1494 845 1571 ecclesie
865 1524 931 1571 sue
947 1522 1015 1573 nec
1034 1495 1252 1573 bominibus
1272 1494 1479 1573 d’Alamans
1495 1493 1637 1600 aliquas
1656 1491 1812 1600 irijurias
1826 1492 1885 1569 vel
1903 1494 2007 1569 novi·

585 1622 847 1711 tateslaceret,
869 1624 991 1702 dictus
1005 1624 1208 1704 Gaulridus
1228 1624 1347 1703 multa
1364 1624 1565 1732 opprobria
1583 1624 1677 1701 dixit
1691 1624 1815 1719 eidem
1832 1623 2006 1728 episcopo

586 1770 623 1827 et
642 1752 783 1857 pluries
795 1753 919 1860 ipsum
934 1755 1006 1833 fuit
1022 1755 1267 1843 dementitus,
1283 1784 1325 1833 ac
1339 1757 1457 1833 eciam
1472 1756 1594 1833 dictus
1607 1753 1811 1833 Gaufridus
1826 1738 2009 1857 itaimpe-

585 1900 693 1961 tuose
712 1885 881 1963 transivit
900 1884 1157 1963 interdictum
1175 1886 1390 1993 episcopum
1411 1904 1449 1963 et
1465 1885 1667 1992 quemdam
1690 1883 1922 1961 sacerdotem
1941 1886 2006 1989 qui

587 2042 675 2089 eum
690 2014 895 2092 sustinebat
921 2016 1026 2121 quod
1050 2015 1127 2093 sere
1143 2016 1254 2094 ambo
1272 2017 1320 2093 ad
1333 2033 1470 2093 terram
1488 2015 1723 2104 ceciderunt,
1738 2032 1776 2091 et
1788 2013 2009 2091 cecidissent

586 2142 656 2217 nisi
675 2159 834 2220 astantes
849 2144 948 2248 ipsos
970 2145 1233 2221 sustinuissent
1253 2163 1291 2221 et
1303 2145 1507 2251 jurassent,
1527 2162 1567 2221 et
1584 2143 1690 2251 quod
1705 2144 1902 2221 existentes
1921 2170 2007 2220 cnm

586 2271 686 2349 dicto
707 2270 887 2350 Gaulrido
914 2270 1043 2378 plures
1070 2273 1217 2381 sagittas
1245 2291 1283 2349 et
1308 2274 1516 2379 quarrellos
1539 2292 1667 2351 contra
1694 2274 1903 2352 habitantes
1917 2273 2008 2349 dicti

446 2409 454 2418 '
586 2402 694 2507 burgi
720 2392 971 2509 projecerunt,
995 2419 1032 2479 et
1053 2402 1158 2508 quod
1179 2402 1302 2479 dictus
1321 2402 1526 2481 Gaulridus
1548 2404 1692 2481 assisias
1715 2403 1860 2482 ibidem
1879 2421 2007 2480 tenere

587 2532 829 2638 attemptavit.
854 2534 966 2619 ltem,
984 2530 1089 2637 quod
1106 2531 1227 2607 dictus
1245 2530 1449 2609 Gausridus
1464 2531 1710 2610 Gnillelmum
1736 2532 1784 2609 de
1811 2532 2005 2617 Pbilbaco,

586 2689 699 2764 quem
721 2661 842 2751 dictus
860 2660 1039 2747 Nicasius,
1060 2660 1221 2737 serviens
1240 2677 1377 2748 noster,
1395 2678 1544 2765 ceperat
1562 2661 1662 2766 apud
1681 2660 1936 2748 Riberiacum,
1959 2662 2008 2738 de

588 2790 763 2867 mandato
783 2789 977 2867 senescalli
1002 2792 1120 2867 nostri
1138 2790 1466 2896 Petragoricensis,
1489 2807 1666 2897 tanquam
1688 2790 1901 2868 debitorem
1923 2818 2010 2867 nos-

587 2938 689 2999 trum
703 2918 915 3026 fugitivum,
928 2920 1102 2998 rescussit
1116 2920 1257 3012 eidem,
1269 2946 1499 3027 manumque
1513 2920 1711 2998 violentam
1725 2923 1766 2997 in
1779 2920 1921 2999 dictum
1937 2948 2010 2997 ser-

588 3052 747 3129 vientem
768 3051 957 3157 apposuit,
975 3068 1013 3127 et
1031 3050 1169 3159 digitos
1194 3078 1308 3157 super
1329 3051 1460 3129 oculos
1478 3052 1671 3129 servientis
1689 3050 1847 3158 predicti
1864 3050 2011 3128 fortiter

588 3182 780 3287 oppressit,
790 3200 828 3258 et
842 3172 997 3289 insuper
1008 3182 1122 3287 quod,
1136 3210 1221 3259 cum
1239 3182 1360 3259 dictrrs
1371 3178 1587 3271 Gaufridos,
1603 3210 1716 3259 manu
1732 3199 1769 3259 et
1783 3210 1861 3271 ore,
1879 3181 2010 3260 luisset

587 3328 785 3389 arrestatus
803 3339 870 3418 per
887 3310 1134 3389 senescallum
1150 3328 1320 3390 nostrum
1338 3311 1697 3419 Petregoricensem,
1716 3330 1755 3389 et
1768 3310 1838 3388 sibi
1853 3338 2010 3417 precep-

586 3458 667 3519 tum
688 3440 794 3547 quod
813 3441 885 3519 iret
902 3441 1002 3548 apud
1021 3442 1235 3519 Lausertam
1253 3458 1383 3519 tenere
1408 3440 1632 3545 prisionem,
1661 3440 1785 3518 dictus
1807 3439 2010 3519 Gansridus

587 3570 660 3648 boc
672 3570 793 3649 facere
811 3599 887 3649 non
906 3571 1058 3661 curavit,
1079 3573 1152 3651 sed
1170 3571 1395 3649 inobediens
1413 3572 1582 3659 recessit,
1608 3600 1651 3648 ac
1669 3571 1778 3678 plura
1797 3570 1867 3649 alia
1883 3600 2010 3677 grara-

589 3702 705 3789 mina,
722 3701 824 3778 dicto
840 3701 1013 3806 episcopo
1030 3720 1067 3777 et
1080 3702 1256 3807 gentibus
1284 3701 1361 3778 suis
1384 3717 1423 3776 et
1439 3699 1686 3777 servientibus
1708 3702 1843 3777 nostris
1865 3700 2007 3791 intulit,

590 3845 626 3902 et
647 3828 775 3931 plures
798 3826 888 3903 alias
912 3827 1189 3905 inobediencias
1212 3827 1313 3915 lecit,
1332 3827 1641 3933 jurisdiccionem
1661 3844 1824 3905 nostram
1843 3843 2012 3903 contem·

588 3955 740 4061 pnendo
755 3955 931 4049 :Quibus
950 3956 1126 4034 omnibus
1147 3956 1347 4063 diligenter
1359 3956 1537 4045 attentis,
1556 3984 1627 4062 per
1644 3957 1747 4033 curie
1765 3973 1892 4034 nostre
1907 3956 2012 4062 judi-

590 4084 708 4171 cium,
733 4085 853 4163 dictus
872 4085 1074 4163 Gaufridus
1094 4086 1214 4164 extitit
1229 4086 1525 4190 condempnatus
1538 4086 1709 4194 personis
1727 4115 1802 4194 que
1816 4104 2008 4193 sequntur,
2127 4182 2133 4189 ,

590 4216 629 4291 in
657 4216 758 4291 bunc
780 4214 966 4293 modum:
994 4217 1134 4305 Primo,
1163 4216 1263 4294 dicto
1290 4216 1477 4322 episcopo,
1507 4244 1577 4323 pro
1603 4218 1782 4323 predictis
1805 4217 1952 4326 injuriis
1973 4235 2011 4295 et

591 4343 763 4450 dampnis
779 4345 846 4423 sibi
863 4375 931 4452 per
949 4346 1091 4425 dictum
1107 4345 1329 4426 Gaufridum
1347 4346 1473 4435 illatis,
1488 4346 1529 4422 in
1548 4347 1652 4425 mille
1671 4347 1886 4456 quingentis
1905 4346 2012 4425 libris

590 4474 868 4552 Turonensium
887 4502 1100 4580 parvorum;
1121 4475 1228 4563 item,
1242 4474 1344 4553 dicto
1363 4473 1547 4565 Geraldo,
1560 4476 1839 4583 presbitero‚in
1859 4493 2009 4555 centum

590 4603 693 4683 libris
712 4604 1019 4695 Turonensibus;
1041 4606 1144 4695 item,
1160 4605 1261 4683 dicto
1279 4605 1440 4695 Nicasio,
1453 4605 1627 4684 servienti
1646 4624 1786 4697 nostro,
1798 4609 1838 4683 in
1857 4625 2010 4685 centnm

591 4751 629 4811 et
643 4734 913 4845 quinquaginta
925 4734 1030 4813 libris
1040 4735 1343 4826 Turonensibus;
1359 4736 1469 4823 item,
1485 4736 1749 4815 bominibnset
1759 4722 2012 4817 babitantibus

593 4863 680 4941 dicti
690 4865 800 4973 burgi
814 4865 1036 4955 d'Alamans,
1051 4866 1166 4973 captis
1182 4882 1220 4943 et
1229 4864 1462 4944 incarceratis
1477 4894 1546 4971 per
1560 4865 1703 4945 dictum
1716 4864 1956 4957 Gaufridum,
1973 4869 2012 4943 in

591 4994 858 5102 quinquaginta
871 4996 983 5089 libris
1002 4995 1288 5075 Turonensibus
1312 4993 1581 5073 distribuendis
1599 4997 1697 5073 inter
1714 4997 1816 5103 ipsos
1837 5024 1906 5103 per
1927 5026 2013 5102 pre-

593 5123 734 5203 dictum
757 5125 994 5232 episcopum
1016 5126 1124 5215 item,
1146 5124 1257 5203 nobis
1275 5125 1314 5201 in
1334 5122 1486 5202 duobus
1503 5125 1675 5205 millibus
1693 5125 1873 5205 librarum
1891 5129 2014 5207 Turo-

592 5254 781 5346 nensium,
798 5284 867 5361 pro
882 5254 1040 5333 emenda
1055 5272 1196 5346 nostras
1209 5270 1248 5331 et
1259 5254 1426 5361 precepit
1444 5254 1546 5333 curia
1564 5274 1691 5336 nostra
1702 5258 1808 5365 quod
1820 5275 1899 5337 tota
1912 5274 2012 5335 terra

595 5380 681 5457 dicti
703 5383 872 5463 chbidi
895 5402 1055 5493 ponatur
1074 5386 1120 5465 ad
1136 5412 1290 5465 menum
1309 5400 1475 5463 nostram
1496 5402 1536 5464 et
1551 5404 1727 5465 teneatur
1744 5388 1866 5466 donec
1886 5385 2012 5463 omnia
