5817 7292
893 1051 965 1123 att
1466 1051 1558 1122 tus
1593 1049 1734 1121 0LlM.

667 1203 797 1256 l’flfflm
809 1198 853 1261 Νι
891 1194 985 1273 riam
998 1194 1212 1301 colligebat,
1222 1190 1468 1300 justiciando,
1478 1190 1661 1298 capiendo
1676 1206 1714 1265 et
1725 1189 1967 1295 asportand03
1979 1220 2055 1296 que
2068 1195 2181 1299 prisia
2193 1195 2314 1276 suerat

729 1292 792 1333 Μ’
893 1342 930 1401 et
950 1340 1047 1416 erat,
1066 1323 1110 1400 ad
1132 1338 1347 1429 requestam
1362 1319 1551 1397 dictorum
1566 1318 1718 1427 majoris
1738 1337 1776 1395 et
1788 1318 2023 1425 juratorum,
2041 1322 2081 1397 in
2096 1350 2211 1401 manu
2225 1355 2312 1406 nos-

890 1471 963 1547 tra,
983 1473 1160 1563 tanquam
1181 1454 1220 1529 in
1245 1481 1359 1530 manu
1379 1452 1581 1559 superioris
1607 1451 1745 1557 posita,
1767 1478 1879 1557 quam
1902 1451 2056 1557 prisiam
2085 1454 2175 1531 dicti
2196 1458 2314 1564 major

889 1606 929 1665 ct
941 1588 1055 1695 jurati
1074 1585 1252 1695 petebant
1271 1582 1342 1661 sibi
1360 1583 1459 1660 tradi
1480 1600 1518 1658 et
1537 1580 1755 1670 deliberari,
1778 1596 1816 1656 et
1833 1580 1976 1659 dictum
1996 1583 2312 1691 impedimentum

890 1719 931 1796 in
948 1718 1082 1796 saisina
1096 1716 1279 1824 predicta,
1295 1741 1364 1821 per
1376 1712 1572 1818 religiosos
1585 1710 1777 1816 predictos
1790 1712 2020 1817 appositum,
2038 1716 2219 1803 amoveri3
2238 1718 2315 1795 dic-

889 1850 938 1926 tis
964 1846 1148 1953 religiosis
1166 1841 1484 1951 proponentibus,
1508 1868 1551 1917 ex
1578 1840 1748 1931 adverso,
1770 1841 1874 1946 quod
1894 1840 1965 1947 ipsi
1991 1840 2146 1921 luerunt
2170 1863 2207 1921 et
2226 1868 2317 1927 suut

890 1979 929 2055 in
954 1978 1054 2055 bona
1078 1974 1211 2053 saisina
1234 1970 1449 2081 justiciandi
1472 1987 1510 2048 et
1522 1969 1713 2078 justiciam
1739 1971 1938 2049 exercendi
1960 1972 2000 2047 in
2021 1972 2104 2050 looo
2124 1975 2309 2080 predicto,

891 2127 928 2184 et
947 2108 1051 2215 quod
1066 2105 1225 2213 predicti
1242 2103 1361 2211 major
1379 2120 1417 2179 et
1425 2099 1541 2209 jurati
1561 2100 1682 2179 dictos
1696 2100 1893 2211 religiosos
1908 2102 2074 2180 indebite
2094 2121 2132 2180 et
2149 2105 2199 2181 de
2216 2113 2310 2183 novo

891 2241 931 2315 in
960 2239 1094 2316 saisina
1117 2235 1284 2343 predicta
1311 2230 1583 2341 impediverant
1611 2250 1648 2309 et
1672 2232 1927 2322 turbaverant,
1950 2251 1987 2310 et
2006 2235 2107 2340 quod
2127 2236 2197 2340 ipsi
2221 2235 2310 2313 reli-

890 2372 982 2477 giosi
1002 2368 1155 2475 prisiam
1175 2366 1264 2443 dicti
1283 2364 1423 2471 capucii
1440 2364 1480 2439 in
1497 2364 1584 2443 loco
1599 2364 1771 2472 predicto
1790 2364 1861 2441 rite
1877 2365 2055 2453 fecerant,
2078 2366 2221 2444 utendo
2240 2360 2310 2443 sai·

890 2502 969 2577 sina
992 2528 1057 2577 sua
1076 2498 1259 2605 predicta,
1282 2498 1397 2604 quare
1417 2495 1597 2602 petebant
1620 2496 1708 2573 dicti
1729 2496 1893 2604 religiosi
1912 2496 2064 2601 prisiam
2085 2498 2308 2574 antedictam

889 2632 960 2708 sibi
977 2628 1102 2718 reddi,
1126 2646 1163 2705 et
1182 2627 1500 2733 impedimentum
1520 2626 1749 2733 predictum,
1770 2656 1838 2734 per
1856 2628 1976 2704 dictos
1995 2627 2177 2735 majorem
2197 2646 2234 2705 et
2248 2631 2310 2736 ju·

889 2777 988 2837 ratos
1013 2760 1052 2835 in
1079 2759 1211 2835 saisina
1238 2756 1404 2864 predicta
1432 2757 1504 2833 sibi
1523 2785 1592 2863 per
1616 2758 1689 2836 boc
1713 2757 1943 2863 appositum,
1965 2756 2146 2835 amoveri:
2163 2756 2311 2835 Auditis

889 2890 1003 2995 igitur
1021 2889 1189 2995 partibus
1214 2904 1251 2965 et
1277 2888 1351 2965 visa
1375 2888 1546 2994 inquesta
1573 2917 1686 2994 super
1705 2888 1898 2993 premissis
1918 2887 1967 2965 de
1988 2887 2165 2964 mandato
2185 2905 2310 2966 nostro

888 3021 1000 3109 sacta,
1028 3020 1115 3127 quia
1143 2998 1336 3125 repertum
1365 3035 1420 3096 est
1444 3019 1566 3096 dictos
1589 3018 1786 3126 religiosos
1804 3018 1957 3125 plenius
1981 3035 2019 3095 et
2045 3018 2228 3125 liquidius
2253 3019 2311 3094 in-

887 3151 1100 3227 tencionem
1118 3178 1223 3227 suam
1237 3178 1350 3255 super
1364 3150 1437 3227 hoc
1451 3149 1683 3255 probavisse,
1696 3179 1764 3256 per
1773 3149 1961 3256 judicium
1975 3149 2078 3224 curie
2093 3164 2221 3225 nostre
2240 3148 2312 3225 dic·

887 3297 971 3357 tum
998 3280 1071 3356 luit
1087 3280 1239 3385 prisiam
1258 3279 1490 3355 'antedictam
1513 3279 1622 3354 dictis
1645 3279 1831 3386 religiosis
1853 3277 1991 3355 debere
2016 3277 2123 3353 reddi
2150 3295 2188 3354 et
2215 3276 2310 3353 deli-

886 3411 1027 3500 berari,
1059 3427 1097 3486 et
1124 3408 1441 3514 impedimentum
1469 3436 1538 3514 per
1567 3408 1686 3484 dictos
1713 3409 1896 3515 majorem
1924 3424 1963 3483 et
1985 3401 2131 3514 juratos
2162 3407 2307 3485 eisdem

887 3539 1072 3649 religiosis
1096 3540 1135 3614 in
1152 3538 1286 3615 saisina
1304 3537 1470 3643 predicta
1489 3538 1701 3643 appositum
1720 3536 1857 3615 debere
1877 3538 2056 3625 amoveri,
2073 3544 2112 3614 et
2132 3537 2231 3643 ipsos
2248 3566 2308 3615 re-

886 3670 1038 3779 ligiosos
1054 3669 1093 3745 in
1111 3670 1244 3745 saisina
1257 3668 1425 3774 predicta
1438 3666 1654 3774 justiciandi
1679 3666 1719 3743 in
1739 3666 1823 3745 loco
1842 3663 2011 3773 predicto
2026 3694 2218 3744 remanere
2239 3665 2307 3743 de-

886 3800 994 3887 bere,
1015 3799 1212 3906 questione
1232 3797 1470 3907 proprietatis
1491 3797 1601 3875 dictis
1621 3798 1751 3906 majori
1778 3813 1817 3873 et
1832 3795 1963 3903 juratis
1986 3823 2098 3901 super
2116 3796 2190 3873 boc
2211 3796 2308 3873 salva

886 3948 1114 4010 remanente.

941 4059 1138 4137 Dominica
1157 4078 1241 4166 post
1259 4059 1519 4139 Candelosam.

940 4190 1097 4269 Tibotot
1111 4190 1322 4298 reportavit.

940 4453 1114 4530 XXXVll.
1137 4454 1219 4529 Lite
1239 4471 1338 4531 mota
1357 4454 1398 4530 in
1419 4453 1522 4531 curia
1537 4469 1664 4530 nostra
1678 4453 1776 4530 inter
1791 4455 2008 4562 episcopum
2022 4454 2304 4540 Nivernensem,

885 4586 928 4659 c'r
943 4610 1019 4659 una
1031 4600 1151 4689 parte,
1169 4599 1208 4661 et
1221 4586 1397 4662 comitem
1416 4584 1701 4674 Nivernensem,
1718 4611 1762 4660 er
1777 4583 1907 4675 altera,
1921 4613 2034 4690 super
2051 4612 2097 4662 eo
2112 4583 2216 4692 quod
2230 4583 2307 4657 dic·

882 4731 944 4789 tus
969 4714 1164 4820 episcopus
1187 4712 1334 4793 dicebat
1351 4716 1455 4821 quod
1477 4714 1668 4821 predictus
1688 4741 1813 4792 comes
1833 4733 1899 4793 aut
1917 4715 1997 4823 ejus
2019 4732 2150 4822 gentes
2166 4713 2306 4791 Johan·

884 4870 973 4920 nem
989 4861 1027 4920 et
1039 4846 1288 4923 laurencium
1301 4846 1337 4923 la
1347 4846 1449 4938 Bise,
1467 4846 1624 4924 clericos
1636 4863 1675 4922 et
1693 4846 1734 4922 in
1748 4845 1981 4953 possessione
2001 4845 2197 4924 clericatus
2211 4842 2305 4920 exis-

881 4990 1096 5080 tentes,pro
1109 4976 1319 5083 suspicione
1331 4994 1459 5083 raptus
1473 4976 1669 5086 cujusdam
1682 4976 1870 5067 mulieris,
1885 4992 2034 5084 ceperat
2044 4994 2086 5054 et
2096 4973 2303 5062 detinebat,
2408 5005 2412 5011 ·

882 5123 1036 5210 propter
1049 5105 1153 5213 quod
1173 5107 1341 5215 ejusdem
1362 5109 1511 5186 comitis
1528 5107 1690 5186 ballivus
1709 5125 1748 5185 et
1762 5127 1912 5215 gentes,
1933 5136 2002 5215 per
2021 5106 2222 5185 officialem
2244 5105 2307 5182 Ni-

882 5240 1102 5313 v'emensem
1121 5236 1255 5315 moniti
1278 5266 1391 5345 super
1414 5266 1548 5318 eorum
1567 5238 1802 5330 reddicione,
1823 5238 1980 5318 obedire
2000 5238 2205 5318 noluerunt
2223 5262 2305 5311 mo-

882 5366 1020 5444 nicioni
1040 5366 1224 5475 predicte,
1251 5387 1288 5446 et
1306 5370 1412 5477 quod
1430 5387 1578 5476 postea,
1600 5399 1668 5476 per
1688 5370 1891 5449 servientes
1910 5385 2075 5456 nostros,
2097 5342 2304 5445 inbibitum
2390 5426 2394 5433 .
