5817 7292
858 1094 933 1172 33d
1439 1093 1532 1168 Lus
1559 1091 1701 1166 otttt.

632 1261 763 1314 enum:
775 1245 819 1318 tt,
859 1237 996 1347 tangit,
1009 1234 1060 1314 ad
1072 1235 1147 1314 boc
1161 1231 1280 1313 fuerit
1296 1251 1463 1324 vocatus,
1479 1261 1550 1312 noc
1564 1233 1636 1312 fnit
1651 1234 1846 1312 inventurn
1866 1235 1971 1343 quod
1991 1235 2038 1314 lis
2055 1235 2095 1316 in
2111 1265 2154 1318 en
2166 1237 2282 1320 buerit

696 1349 758 1394 Μ’
859 1382 1088 1457 contestata-3
1102 1366 1211 1454 item,
1229 1365 1317 1471 quie
1330 1377 1455 1472 portes
1471 1366 1510 1442 ln
1527 1365 1659 1443 endem
1674 1365 1849 1471 inquests
1864 1393 1942 1444 non
1959 1368 2203 1470 inveniuntur
2215 1373 2282 1450 ali·

859 1500 954 1607 quid
967 1513 1112 1606 petere,
1130 1497 1233 1576 curia
1245 1515 1371 1575 nomm
1386 1495 1647 1602 pronunciavit
1665 1496 1801 1573 dictam
1821 1497 2053 1603 inquestam,
2070 1499 2225 1580 insutu
2242 1505 2282 1580 iu

859 1659 938 1740 quo
953 1647 1100 1708 estnon
1116 1627 1257 1706 dehere
1269 1626 1448 1737 judicari,
1465 1627 1534 1706 sed
1551 1622 1751 1715 reficietur,
1765 1627 1903 1706 vocatis
1920 1645 1959 1707 et
1969 1629 2113 1708 auditis
2126 1630 2193 1740 qui
2208 1631 2285 1711 lue·

860 1765 937 1840 rint
950 1759 1138 1840 evocandi.
2041 1769 2044 1774 “

917 1890 1092 1970 Mercurii
1111 1887 1288 1995 predicta.

916 2020 1075 2100 Cuillier
1093 2020 1305 2126 reportavit.
1539 2123 1546 2134 ι

911 2154 1084 2232 Remissa
1101 2170 1158 2233 est
1176 2153 1225 2229 ad
1238 2151 1498 2230 reficiendum.

918 2417 1107 2496 LXXXIII.
1139 2413 1235 2492 Cum
1252 2414 1429 2521 magister
1440 2413 1654 2494 Gaubertus
1667 2415 1819 2522 Pelphi‚
1836 2421 1960 2494 rector
1973 2418 2212 2496 ecclesiarum
2232 2422 2281 2500 de

861 2550 1029 2626 Cornaco
1043 2562 1082 2622 et
1095 2545 1144 2622 de
1156 2543 1490 2632 Sancto-Martino,
1508 2571 1623 2648 prope
1637 2545 1835 2633 Bretenos,
1847 2545 2083 2626 Gaturcensis
2093 2548 2278 2656 dyocesis,

861 2677 972 2754 nobis
994 2675 1257 2752 denunciassct
1275 2675 1380 2780 quod
1397 2672 1584 2752 Gereldus
1604 2673 1652 2752 de
1668 2675 1854 2780 Roquetn,
1875 2676 2025 2784 bajulus
2047 2676 2207 2756 Gucrini
2233 2680 2281 2756 de

861 2806 1133 2896 Castro-Novo,
1153 2803 1284 2881 militis
1301 2821 1394 2881 tunc
1412 2804 1584 2896 viventis,
1607 2833 1693 2882 cum
1713 2805 1938 2898 Gnucelino,
1956 2807 2123 2886 Geraldo
2138 2811 2283 2886 Ferue-

860 2939 923 3028 rii,
941 2938 1144 3024 Solonaco,
1164 2936 1389 3044 Raymundo
1404 2936 1452 3013 de
1467 2936 1796 3015 Sancto-iohanne
1808 2955 1850 3016 et
1865 2938 2093 3046 boyselreto,
2114 2939 2205 3018 dicti
2221 2941 2285 3018 mi·

862 3069 937 3146 litis
952 3064 1218 3157 familiaribus,
1237 3083 1276 3144 et
1289 3065 1372 3144 aliis
1385 3066 1464 3144 suis
1476 3065 1740 3172 complicibus,
1760 3067 1809 3144 ad
1825 3067 1985 3146 domum
2004 3069 2093 3147 dieti
2111 3071 2282 3159 rectoris,

861 3202 900 3276 in
926 3198 1146 3308 crepusculo
1164 3196 1302 3288 noctis,
1317 3196 1499 3304 injuriose
1518 3213 1555 3274 et
1575 3197 1703 3274 hostili
1721 3225 1844 3290 more,
1863 3199 2041 3288 venisset,
2062 3199 2218 3306 quidum
2234 3201 2283 3278 de

860 3331 939 3410 suis
958 3327 1208 3434 complicibus
1228 3345 1357 3406 contra
1375 3326 1649 3407 inhibicionem
1672 3328 1743 3406 sibi
1761 3328 1895 3412 facum
1918 3357 1987 3436 per
2005 3329 2214 3408 Geraldum
2233 3331 2283 3410 de

772 3524 781 3539 .
861 3461 1045 3548 Cosodor,
1066 3459 1291 3536 servientem
1311 3476 1483 3538 nostrum
1502 3476 1540 3537 et
1558 3460 1806 3568 gardiatorem
1821 3459 1948 3538 eidem
1965 3461 2157 3539 rectoriet
2175 3461 2282 3538 lami-

861 3593 911 3670 lie
927 3619 1010 3679 sue,
1027 3576 1247 3669 auctoritate
1269 3607 1410 3680 nostra,
1425 3591 1665 3698 deputatum,
1683 3593 1723 3668 in
1740 3591 1950 3698 capellanos
1966 3609 2004 3671 et
2019 3591 2175 3672 clericos
2190 3592 2281 3670 dicti

861 3721 1017 3802 rectoris
1041 3722 1235 3798 irruerunt
1257 3738 1297 3798 et
1315 3744 1380 3800 eos
1397 3722 1573 3802 atrociter
1590 3739 1870 3829 percusserunt,
1890 3738 2012 3801 vestes
2026 3750 2160 3800 eorum
2184 3721 2282 3802 lnce-

861 3853 1000 3945 rando,
1020 3852 1272 3930 Bertrundum
1289 3853 1326 3930 la
1342 3852 1595 3945 Tremoliere,
1619 3853 1797 3930 clericum
1818 3853 1936 3959 ipsius
1952 3853 2122 3946 rectoris,
2143 3854 2191 3930 nd
2206 3870 2284 3930 ter-

861 4013 942 4062 rum
954 3983 1245 4088 prosternendo,
1262 3984 1301 4059 in
1317 3984 1439 4089 capite
1451 4001 1492 4060 et
1506 3983 1588 4062 eliis
1598 3983 1678 4062 suis
1693 3982 1875 4062 membris
1894 3983 2025 4062 multis
2045 3983 2182 4062 ictibus
2200 4013 2285 4089 per-

863 4112 1063 4205 cuciendo,
1086 4131 1139 4202 ct,
1158 4113 1233 4192 hiis
1255 4142 1334 4192 non
1354 4114 1538 4204 contenti,
1560 4113 1775 4221 predictum
1800 4113 2024 4192 servientem
2044 4131 2217 4195 nostrum
2233 4115 2284 4191 nd

862 4263 1000 4323 terram
1013 4261 1308 4351 prosternentes,
1329 4245 1527 4352 pissidem,
1545 4244 1683 4353 deque
1699 4245 1917 4322 mandatum
1935 4261 2285 4358 nostrumextraxe·

862 4396 920 4452 rut
939 4393 978 4452 et
998 4376 1052 4452 eis
1070 4375 1193 4482 palam
1215 4374 1419 4484 legendum
1436 4376 1668 4466 ostenderat,
1695 4400 1809 4481 super
1827 4375 1949 4481 capud
1969 4375 2161 4454 servientis
2185 4376 2285 4482 ejus-

864 4508 951 4582 dem
971 4506 1013 4582 in
1030 4506 1138 4612 plura
1157 4505 1293 4583 frustra
1314 4505 1525 4612 fregerunt,
1549 4522 1586 4582 ct
1608 4505 1732 4609 ipsum
1758 4504 1921 4610 pedibus
1947 4504 2228 4594 conorrlunrnnt3
2247 4521 2285 4582 et

863 4653 993 4741 postea
1009 4636 1131 4714 dictus
1149 4637 1257 4714 miles
1275 4637 1395 4716 dictos
1410 4636 1687 4724 malefactores,
1706 4635 1753 4712 de
1769 4633 1989 4714 suassmilin
2003 4636 2094 4714 etin
2108 4635 2185 4714 auis
2197 4634 2286 4740 pris·

863 4767 952 4844 tinis
968 4765 1100 4844 officiis
1113 4783 1157 4845 ut
1172 4767 1276 4874 prius
1287 4767 1472 4855 retinens,
1491 4784 1529 4844 ct
1542 4765 1711 4873 predicta
1724 4763 1907 4842 meleficia
1920 4765 2165 4872 probabiliter
2177 4763 2283 4870 igno·

862 4926 944 4974 rare
965 4923 1043 4974 non
1060 4896 1202 4989 valens,
1225 4925 1344 5004 eaque
1362 4897 1435 4976 sub
1453 4897 1617 5004 qrradam
1635 4895 1874 4976 connivenoic
1891 4895 2148 4983 dissimulans,
2169 4893 2286 4972 dicto-

863 5057 948 5104 rum
967 5027 1249 5106 malefactorum
1269 5055 1384 5135 opera
1403 5055 1494 5108 usus
1508 5027 1596 5118 suit,
1615 5025 1720 5104 nulla
1738 5027 1980 5133 correpcione
1996 5055 2063 5105 seu
2084 5024 2289 5132 punicione

864 5159 991 5236 habita
1007 5159 1056 5238 de
1072 5159 1281 5266 premissis,
1301 5175 1339 5236 et
1356 5159 1617 5238 defensionem
1638 5185 1708 5237 suo
1729 5158 1882 5238 nomine
1902 5175 1941 5236 et
1956 5157 2213 5264 predictorum
2233 5154 2287 5232 ss·

865 5287 1071 5366 miliarirun
1088 5317 1244 5368 suorum
1260 5289 1299 5365 in
1312 5289 1386 5367 hoc
1398 5290 1556 5397 negocio
1572 5289 1787 5396 assumpsit,
1804 5315 1846 5366 ac
1862 5287 2132 5368 inhibicion'am
2151 5313 2283 5394 quam

866 5418 1086 5499 auctoritate
1117 5419 1283 5500 mandeti
1309 5421 1444 5509 nostri,
1471 5421 1594 5500 dictus
1624 5421 1788 5500 serviens
1817 5415 1889 5498 sibi
1912 5417 2071 5500 faciebat
2100 5435 2290 5524 contemp
