5817 7292
785 1079 795 1099 ‘
891 1109 964 1184 tro
1471 1106 1563 1181 sss
1600 1047 1741 1179 osus.

665 1267 796 1321 Parum
809 1265 852 1328 tv.
891 1253 980 1331 dicti
1002 1255 1148 1334 comitis
1167 1252 1404 1330 accessissent
1422 1247 1567 1327 ibidem
1582 1276 1671 1326 cum
1686 1243 1930 1324 multitudine
1945 1263 2193 1340 armatorum,
2209 1281 2319 1333 caasa

727 1359 790 1402 Μ’
891 1387 1124 1494 impediendi
1145 1413 1234 1464 eum
1249 1411 1361 1491 super
1379 1381 1472 1473 boc,
1494 1383 1626 1487 etipse
1647 1379 1695 1456 ad
1711 1378 1959 1458 senescallum
1977 1381 2319 1490 Petragoriceusem

892 1517 1127 1624 appellasset,
1148 1545 1213 1606 na,
1235 1545 1304 1622 per
1321 1529 1453 1624 gentes
1474 1513 1564 1590 dicti
1585 1510 1735 1588 comitis
1754 1510 2007 1616 impediretur
2027 1511 2066 1588 in
2085 1512 2319 1620 hujusmodi,

891 1667 1063 1754 presente
1083 1650 1268 1726 serviente
1289 1661 1437 1731 nostro,
1463 1645 1511 1720 ad
1533 1643 1651 1751 ipsius
1673 1641 1864 1720 Lamberti
1885 1643 2095 1722 usstodiam
2122 1644 2162 1721 in
2189 1646 2321 1724 saisina

893 1809 958 1858 sua
987 1780 1171 1886 predicta,
1192 1777 1410 1855 auctoritate
1440 1790 1567 1852 nostra
1589 1770 1799 1878 specialiter
1824 1773 2023 1880 deputato,
2050 1792 2223 1882 essetque
2250 1778 2321 1855 eis-

894 1914 979 1989 dem
1002 1911 1254 2018 prohibitum,
1279 1935 1348 2015 per
1375 1907 1597 1984 servientem
1616 1903 1845 2011 predictum,
1871 1933 1922 1984 ne
1944 1906 2070 2012 ipsum
2095 1907 2323 2014 impedirent

893 2045 931 2118 in
957 2042 1166 2148 premissis,
1191 2058 1228 2118 et
1248 2067 1295 2116 ne
1321 2036 1464 2144 aliquas
1488 2035 1672 2116 novitates
1695 2064 1810 2143 super
1833 2036 1906 2114 boc
1931 2035 2057 2114 mdem
2076 2035 2258 2128 bremt,
2283 2059 2322 2120 ct

892 2173 1079 2279 posuisset
1098 2172 1200 2250 idem
1221 2171 1385 2248 serviens
1413 2169 1511 2246 dicta
1528 2167 1609 2246 loca
1630 2184 1667 2245 et
1686 2168 1992 2276 jurisdictionem
2014 2168 2199 2246 dictorum
2217 2170 2322 2249 loco-

893 2334 979 2382 rum
1000 2307 1047 2382 ad
1067 2333 1224 2381 manum
1238 2319 1421 2393 nostram,
1440 2318 1619 2407 tanquam
1635 2301 1859 2406 superioris,
1870 2315 2029 2407 propter
2045 2300 2225 2379 debatum
2237 2331 2322 2409 par-

894 2436 995 2512 cium
1012 2436 1284 2542 predictarum,
1307 2448 1597 2539 arrestassetque
1614 2433 1767 2509 easdem
1783 2451 1915 2540 gentes
1928 2432 2021 2510 dicti
2035 2431 2198 2522 comitis,
2216 2461 2324 2541 prop

893 2584 951 2644 ter
971 2567 1201 2644 delacionem
1222 2563 1429 2671 predictam
1455 2587 1664 2655 ermom,
1688 2565 1830 2671 quibus
1845 2563 2027 2643 omnibus
2052 2565 2199 2670 spretis,
2223 2565 2320 2644 dicte

893 2717 1023 2805 gentes
1041 2698 1157 2805 ipsius
1177 2696 1324 2774 comitis
1345 2695 1489 2773 ibidem
1509 2714 1717 2774 tenuerunt
1735 2696 1869 2803 placita
1889 2725 1971 2787 sus,
1995 2712 2033 2774 et
2051 2713 2181 2804 gentes
2202 2696 2323 2775 dicto-

893 2857 979 2906 rum
1000 2829 1170 2906 locorum
1191 2826 1455 2934 pignoramnt,
1478 2843 1662 2904 arrestum
1686 2826 1901 2932 predictum
1926 2842 1965 2904 ct
1982 2854 2138 2905 manum
2156 2844 2321 2906 nostram

892 2960 1098 3068 predictam
1119 2959 1327 3067 fregerunt,
1350 2975 1388 3037 et
1401 2959 1513 3065 plura
1531 2958 1602 3035 alia
1620 2975 1890 3063 attemptarent
1911 2957 2202 3036 contradictum
2222 2961 2325 3036 Lam-
2415 2983 2420 2991 ·

892 3093 1061 3180 bertum,
1083 3091 1123 3167 in
1144 3088 1397 3198 prejudicium
1425 3088 1689 3196 appellacionis
1714 3117 1781 3166 sue
1799 3089 1986 3194 predicte,
2008 3105 2048 3166 et
2071 3107 2202 3166 contra
2225 3089 2326 3168 inbi-

893 3222 1081 3300 bicionem
1107 3220 1313 3326 predictam
1340 3219 1430 3297 dicti
1455 3219 1572 3328 bajuli
1601 3219 1740 3309 nostri3
1762 3247 1878 3324 quare
1898 3219 2052 3325 petebat
2075 3219 2197 3296 dictus
2219 3221 2325 3298 tam-

893 3353 1024 3430 bertus
1049 3380 1088 3428 se
1109 3349 1288 3428 absolvis
1311 3349 1479 3457 predicta
1502 3351 1703 3456 peticione·
1717 3349 1806 3426 dicti
1829 3350 1997 3438 comitis,
2019 3366 2059 3426 et
2083 3351 2323 3455 pronunciari
2387 3429 2393 3446 ⁴

896 3484 1020 3589 ipsum
1047 3483 1291 3560 lambertum
1314 3481 1414 3558 bene
1435 3481 1657 3588 appellasse,
1680 3499 1719 3560 et
1737 3497 1970 3587 attemptata,
1990 3497 2076 3587 post
2098 3480 2325 3587 appellacio-

895 3641 984 3691 nem
1004 3640 1108 3690 suam
1131 3611 1179 3688 ad
1199 3628 1337 3690 statum
1359 3611 1531 3690 debitum
1552 3613 1702 3702 reduci;
1726 3611 1921 3719 dirutaque
1943 3628 2162 3718 procurator
2179 3629 2323 3702 nonar,

895 3773 963 3852 pro
989 3743 1117 3832 nobis,
1137 3742 1289 3851 petebat
1309 3743 1432 3848 ipsum
1453 3744 1647 3833 comitem,
1669 3760 1826 3850 propter
1844 3742 2026 3850 predicta,
2048 3743 2174 3850 puniri
2189 3770 2325 3822 secun-

895 3877 987 3954 dum
1007 3876 1223 3983 qualitatem
1245 3876 1755 3982 excessuumpredictorum
1776 3902 1891 3982 super
1903 3874 2045 3983 quibus
2061 3872 2183 3962 factis,
2203 3903 2327 3953 exces-

894 4008 1015 4094 sibus,
1038 4005 1374 4114 appellationibus,
1395 4006 1639 4112 attemptatis,
1665 4006 1888 4084 senescallus
1911 4005 2239 4114 Petmgoricensis,
2261 4035 2325 4086 vo-

893 4139 984 4216 catis
1002 4138 1188 4244 partibas,
1210 4135 1299 4215 lecit
1318 4136 1513 4214 veritatem
1533 4135 1672 4244 inquiri
1697 4169 1706 4212 :
1732 4136 1853 4214 Dictis
1880 4137 1995 4244 igitur
2021 4137 2259 4244 processibus
2285 4156 2324 4216 et

893 4271 1092 4377 inquestis,
1116 4271 1164 4348 ds
1183 4269 1360 4348 mandato
1378 4287 1509 4348 nostro
1530 4268 1842 4376 adjudicandum
1861 4270 1910 4348 ad
1922 4270 2067 4348 curiam
2088 4288 2255 4348 nostram
2269 4299 2325 4349 as-

892 4401 1065 4503 portatis,
1085 4401 1173 4478 visis
1188 4417 1226 4476 et
1239 4399 1443 4507 diligenter
1458 4399 1693 4486 examinatis,
1707 4399 1797 4506 quia
1810 4398 2005 4477 inuentum
2016 4415 2078 4476 est
2095 4398 2324 4478 sufficienter

892 4531 1093 4637 probatum
1113 4547 1243 4640 gentes
1264 4531 1354 4608 dicti
1374 4532 1522 4610 comitis
1540 4531 1755 4637 predictum
1773 4530 2036 4621 lambertum,
2057 4549 2143 4638 post
2160 4531 2323 4638 appella-

892 4663 1040 4740 cionem
1062 4643 1184 4752 suam,
1207 4662 1444 4770 impedirisse
1465 4664 1506 4740 in
1524 4662 1660 4739 saisina
1678 4689 1744 4741 sua
1763 4661 1932 4768 predicta
1951 4678 1991 4740 et
2009 4681 2138 4742 contra
2153 4663 2324 4769 probibi-

893 4793 1042 4871 cionem
1070 4795 1159 4872 dicti
1191 4794 1309 4903 bajuli
1336 4795 1471 4884 nostri,
1500 4823 1544 4874 es
1570 4810 1675 4900 parte
1702 4810 1827 4872 nostra
1851 4794 1907 4872 eis
1930 4793 2080 4882 factsm,
2107 4795 2321 4899 dictamque

892 4953 1048 5003 manum
1064 4943 1231 5003 nostram
1245 4925 1400 5004 violasse
1421 4943 1459 5003 et
1478 4926 1584 5032 plura
1600 4925 1677 5004 alia
1686 4924 1935 5014 commisisse,
1957 4943 2089 5004 contra
2107 4924 2325 5033 appellacio·

892 5085 980 5134 nem
1002 5075 1039 5134 et
1058 5055 1360 5164 prohibicionem
1381 5057 1584 5164 predictas,
1609 5058 1800 5164 percuric
1824 5075 1951 5134 nostre
1966 5057 2155 5165 judicium
2180 5058 2323 5136 dictum

891 5187 964 5266 luit
983 5188 1108 5296 ipsum
1133 5190 1312 5267 comitem
1331 5188 1429 5270 male
1451 5189 1656 5297 appellasse
1681 5205 1720 5266 ct
1740 5188 1877 5268 dictam
1899 5187 2204 5296 prohibicionem
2220 5189 2322 5294 juste

891 5320 963 5398 sibi
983 5320 1116 5397 factam
1136 5320 1250 5397 luisse
1271 5347 1292 5395 a
1310 5319 1440 5427 bajulo
1457 5313 1646 5428 predicto,
1662 5321 1812 5427 fuitque
1830 5320 1975 5403 dictum
1991 5320 2202 5428 predictum
2217 5320 2324 5396 Lam·

890 5451 1041 5529 bertum
1061 5451 1159 5530 bene
1176 5449 1395 5557 appellasse,
1407 5469 1448 5528 et
1463 5452 1569 5558 quod
1589 5480 1630 5528 ea
1645 5481 1721 5558 qus
1734 5469 1958 5558 ‚attemptata
1979 5451 2155 5544 luerunt,
2164 5467 2324 5558 postap
