<?xml version="1.0" encoding="UTF-8"?>
<!DOCTYPE html PUBLIC "-//W3C//DTD XHTML 1.0 Transitional//EN"
    "http://www.w3.org/TR/xhtml1/DTD/xhtml1-transitional.dtd">
<html xmlns="http://www.w3.org/1999/xhtml" xml:lang="en" lang="en">
 <head>
  <title>
</title>
<meta http-equiv="Content-Type" content="text/html;charset=utf-8" />
  <meta name='ocr-system' content='tesseract 3.04.00' />
  <meta name='ocr-capabilities' content='ocr_page ocr_carea ocr_par ocr_line ocrx_word'/>
</head>
<body>
  <div class='ocr_page' id='page_1' title='image "./lesolimouregist00pargoog_0194.png"; bbox 0 0 5817 7292; ppageno 0'>
   <div class='ocr_carea' id='block_1_1' title="bbox 875 1117 1721 1193">
    <p class='ocr_par' dir='ltr' id='par_1_1' title="bbox 875 1117 1721 1193">
     <span class='ocr_line' id='line_1_1' title="bbox 875 1117 1721 1193; baseline 0.002 -6"><span class='ocrx_word' id='word_1_1' title='bbox 875 1118 922 1187; x_wconf 72' lang='lat'><strong>96</strong></span> <span class='ocrx_word' id='word_1_2' title='bbox 1450 1119 1543 1193; x_wconf 83' lang='lat' dir='ltr'><strong>LES</strong></span> <span class='ocrx_word' id='word_1_3' title='bbox 1579 1117 1721 1192; x_wconf 87' lang='lat' dir='ltr'><strong>OLIM.</strong></span> 
     </span>
    </p>
   </div>
   <div class='ocr_carea' id='block_1_2' title="bbox 646 1254 2298 1365">
    <p class='ocr_par' dir='ltr' id='par_1_2' title="bbox 646 1254 2298 1365">
     <span class='ocr_line' id='line_1_2' title="bbox 646 1254 2298 1365; baseline 0.012 -44"><span class='ocrx_word' id='word_1_4' title='bbox 646 1268 775 1325; x_wconf 72' lang='lat' dir='ltr'><strong>rmum</strong></span> <span class='ocrx_word' id='word_1_5' title='bbox 788 1268 831 1331; x_wconf 79' lang='lat' dir='ltr'><strong>lv,</strong></span> <span class='ocrx_word' id='word_1_6' title='bbox 873 1282 941 1361; x_wconf 91' lang='lat' dir='ltr'><strong>per</strong></span> <span class='ocrx_word' id='word_1_7' title='bbox 970 1254 1114 1334; x_wconf 86' lang='lat' dir='ltr'><strong>dictum</strong></span> <span class='ocrx_word' id='word_1_8' title='bbox 1139 1257 1416 1347; x_wconf 68' lang='lat' dir='ltr'><strong>senescallum&gt;</strong></span> <span class='ocrx_word' id='word_1_9' title='bbox 1431 1274 1470 1335; x_wconf 87' lang='lat' dir='ltr'><strong>et</strong></span> <span class='ocrx_word' id='word_1_10' title='bbox 1488 1286 1558 1365; x_wconf 90' lang='lat' dir='ltr'><strong>per</strong></span> <span class='ocrx_word' id='word_1_11' title='bbox 1584 1258 1705 1337; x_wconf 85' lang='lat' dir='ltr'><strong>dictos</strong></span> <span class='ocrx_word' id='word_1_12' title='bbox 1731 1256 1978 1338; x_wconf 85' lang='lat' dir='ltr'><strong>Guillelmum</strong></span> <span class='ocrx_word' id='word_1_13' title='bbox 2001 1274 2044 1335; x_wconf 89' lang='lat' dir='ltr'><strong>et</strong></span> <span class='ocrx_word' id='word_1_14' title='bbox 2063 1260 2298 1341; x_wconf 87' lang='lat' dir='ltr'><strong>Bernardum</strong></span> 
     </span>
    </p>
   </div>
   <div class='ocr_carea' id='block_1_3' title="bbox 707 1361 769 1403">
    <p class='ocr_par' dir='ltr' id='par_1_3' title="bbox 707 1361 769 1403">
     <span class='ocr_line' id='line_1_3' title="bbox 707 1361 769 1403; baseline -0.016 -1"><span class='ocrx_word' id='word_1_15' title='bbox 707 1361 769 1403; x_wconf 75' lang='lat'>1³01.</span> 
     </span>
    </p>
   </div>
   <div class='ocr_carea' id='block_1_4' title="bbox 870 1385 2299 1886">
    <p class='ocr_par' dir='ltr' id='par_1_4' title="bbox 870 1385 2299 1886">
     <span class='ocr_line' id='line_1_4' title="bbox 870 1385 2299 1500; baseline 0.007 -36"><span class='ocrx_word' id='word_1_16' title='bbox 870 1385 968 1464; x_wconf 81' lang='lat' dir='ltr'><strong>bene</strong></span> <span class='ocrx_word' id='word_1_17' title='bbox 985 1385 1098 1465; x_wconf 87' lang='lat' dir='ltr'><strong>fuisse</strong></span> <span class='ocrx_word' id='word_1_18' title='bbox 1117 1387 1362 1495; x_wconf 86' lang='lat' dir='ltr'><strong>appellatum,</strong></span> <span class='ocrx_word' id='word_1_19' title='bbox 1383 1407 1421 1467; x_wconf 89' lang='lat' dir='ltr'><strong>et</strong></span> <span class='ocrx_word' id='word_1_20' title='bbox 1437 1387 1592 1468; x_wconf 87' lang='lat' dir='ltr'><strong>fuerunt</strong></span> <span class='ocrx_word' id='word_1_21' title='bbox 1608 1387 1698 1465; x_wconf 90' lang='lat' dir='ltr'><strong>dicti</strong></span> <span class='ocrx_word' id='word_1_22' title='bbox 1713 1387 1768 1465; x_wconf 89' lang='lat' dir='ltr'><strong>rei</strong></span> <span class='ocrx_word' id='word_1_23' title='bbox 1786 1388 1832 1465; x_wconf 87' lang='lat' dir='ltr'><strong>ab</strong></span> <span class='ocrx_word' id='word_1_24' title='bbox 1849 1386 2092 1494; x_wconf 88' lang='lat' dir='ltr'><strong>impeticione</strong></span> <span class='ocrx_word' id='word_1_25' title='bbox 2108 1390 2198 1471; x_wconf 87' lang='lat' dir='ltr'><strong>dicti</strong></span> <span class='ocrx_word' id='word_1_26' title='bbox 2211 1422 2299 1500; x_wconf 92' lang='lat' dir='ltr'><strong>pro-</strong></span> 
     </span>
     <span class='ocr_line' id='line_1_5' title="bbox 872 1518 2104 1627; baseline 0.004 -35"><span class='ocrx_word' id='word_1_27' title='bbox 872 1518 1205 1609; x_wconf 83' lang='lat' dir='ltr'><strong>curatorisnostri,</strong></span> <span class='ocrx_word' id='word_1_28' title='bbox 1228 1548 1296 1624; x_wconf 90' lang='lat' dir='ltr'><strong>per</strong></span> <span class='ocrx_word' id='word_1_29' title='bbox 1315 1519 1418 1598; x_wconf 90' lang='lat' dir='ltr'><strong>idem</strong></span> <span class='ocrx_word' id='word_1_30' title='bbox 1434 1520 1642 1627; x_wconf 80' lang='lat' dir='ltr'><strong>judicium,</strong></span> <span class='ocrx_word' id='word_1_31' title='bbox 1663 1547 1777 1624; x_wconf 89' lang='lat' dir='ltr'><strong>super</strong></span> <span class='ocrx_word' id='word_1_32' title='bbox 1793 1520 1868 1598; x_wconf 92' lang='lat' dir='ltr'><strong>boc</strong></span> <span class='ocrx_word' id='word_1_33' title='bbox 1887 1519 2061 1599; x_wconf 89' lang='lat' dir='ltr'><strong>absoluti.</strong></span> <span class='ocrx_word' id='word_1_34' title='bbox 2100 1574 2104 1581; x_wconf 83' lang='lat'><strong>·</strong></span> 
     </span>
     <span class='ocr_line' id='line_1_6' title="bbox 926 1647 1388 1754; baseline -0.004 -27"><span class='ocrx_word' id='word_1_35' title='bbox 926 1647 1157 1727; x_wconf 85' lang='lat' dir='ltr'><strong>Resselletns</strong></span> <span class='ocrx_word' id='word_1_36' title='bbox 1173 1655 1388 1754; x_wconf 83' lang='lat' dir='ltr'>reportavit.</span> 
     </span>
     <span class='ocr_line' id='line_1_7' title="bbox 927 1778 1694 1886; baseline 0 -30"><span class='ocrx_word' id='word_1_37' title='bbox 927 1780 1028 1857; x_wconf 83' lang='lat' dir='ltr'><strong>lovis</strong></span> <span class='ocrx_word' id='word_1_38' title='bbox 1046 1796 1133 1886; x_wconf 82' lang='lat' dir='ltr'><strong>post</strong></span> <span class='ocrx_word' id='word_1_39' title='bbox 1152 1779 1498 1861; x_wconf 84' lang='lat' dir='ltr'><strong>Annuuciacionem</strong></span> <span class='ocrx_word' id='word_1_40' title='bbox 1517 1778 1694 1859; x_wconf 65' lang='lat' dir='ltr'><strong>Domini:</strong></span> 
     </span>
    </p>
   </div>
   <div class='ocr_carea' id='block_1_5' title="bbox 871 2044 2296 2284">
    <p class='ocr_par' dir='ltr' id='par_1_5' title="bbox 871 2044 2296 2284">
     <span class='ocr_line' id='line_1_8' title="bbox 926 2044 2296 2155; baseline 0.002 -34"><span class='ocrx_word' id='word_1_41' title='bbox 926 2044 1050 2121; x_wconf 88' lang='lat' dir='ltr'><strong>XLIV.</strong></span> <span class='ocrx_word' id='word_1_42' title='bbox 1082 2044 1198 2132; x_wconf 87' lang='lat' dir='ltr'><strong>Cum,</strong></span> <span class='ocrx_word' id='word_1_43' title='bbox 1226 2044 1263 2120; x_wconf 93' lang='lat' dir='ltr'><strong>in</strong></span> <span class='ocrx_word' id='word_1_44' title='bbox 1291 2072 1399 2121; x_wconf 88' lang='lat' dir='ltr'><strong>causa</strong></span> <span class='ocrx_word' id='word_1_45' title='bbox 1425 2061 1528 2121; x_wconf 89' lang='lat' dir='ltr'><strong>mota</strong></span> <span class='ocrx_word' id='word_1_46' title='bbox 1552 2072 1678 2123; x_wconf 89' lang='lat' dir='ltr'><strong>coram</strong></span> <span class='ocrx_word' id='word_1_47' title='bbox 1702 2045 1907 2123; x_wconf 84' lang='lat' dir='ltr'><strong>senescallo</strong></span> <span class='ocrx_word' id='word_1_48' title='bbox 1932 2062 2063 2123; x_wconf 91' lang='lat' dir='ltr'><strong>nostro</strong></span> <span class='ocrx_word' id='word_1_49' title='bbox 2087 2047 2296 2155; x_wconf 75' lang='lat' dir='ltr'><strong>Petragori-</strong></span> 
     </span>
     <span class='ocr_line' id='line_1_9' title="bbox 871 2174 2295 2284; baseline 0.004 -35"><span class='ocrx_word' id='word_1_50' title='bbox 871 2174 990 2263; x_wconf 82' lang='lat' dir='ltr'><strong>censi,</strong></span> <span class='ocrx_word' id='word_1_51' title='bbox 1009 2174 1106 2253; x_wconf 86' lang='lat' dir='ltr'><strong>inter</strong></span> <span class='ocrx_word' id='word_1_52' title='bbox 1119 2193 1402 2281; x_wconf 83' lang='lat' dir='ltr'><strong>procuratorem</strong></span> <span class='ocrx_word' id='word_1_53' title='bbox 1419 2192 1608 2266; x_wconf 89' lang='lat' dir='ltr'><strong>nostrum,</strong></span> <span class='ocrx_word' id='word_1_54' title='bbox 1631 2205 1700 2282; x_wconf 94' lang='lat' dir='ltr'><strong>pro</strong></span> <span class='ocrx_word' id='word_1_55' title='bbox 1715 2176 1841 2267; x_wconf 89' lang='lat' dir='ltr'><strong>nobis,</strong></span> <span class='ocrx_word' id='word_1_56' title='bbox 1860 2205 1904 2253; x_wconf 84' lang='lat' dir='ltr'><strong>ex</strong></span> <span class='ocrx_word' id='word_1_57' title='bbox 1917 2205 1994 2254; x_wconf 90' lang='lat' dir='ltr'><strong>una</strong></span> <span class='ocrx_word' id='word_1_58' title='bbox 2009 2193 2132 2284; x_wconf 80' lang='lat' dir='ltr'><strong>parte,</strong></span> <span class='ocrx_word' id='word_1_59' title='bbox 2148 2195 2187 2254; x_wconf 86' lang='lat' dir='ltr'><strong>et</strong></span> <span class='ocrx_word' id='word_1_60' title='bbox 2201 2181 2295 2284; x_wconf 85' lang='lat' dir='ltr'><strong>Ray·</strong></span> 
     </span>
    </p>
   </div>
   <div class='ocr_carea' id='block_1_6' title="bbox 866 2324 2298 5315">
    <p class='ocr_par' dir='ltr' id='par_1_6' title="bbox 866 2324 2298 5315">
     <span class='ocr_line' id='line_1_10' title="bbox 870 2324 2298 2432; baseline 0.003 -33"><span class='ocrx_word' id='word_1_61' title='bbox 870 2324 1058 2402; x_wconf 90' lang='lat' dir='ltr'><strong>mundum</strong></span> <span class='ocrx_word' id='word_1_62' title='bbox 1082 2324 1237 2416; x_wconf 86' lang='lat' dir='ltr'><strong>Alacris,</strong></span> <span class='ocrx_word' id='word_1_63' title='bbox 1266 2352 1309 2401; x_wconf 85' lang='lat' dir='ltr'><strong>ex</strong></span> <span class='ocrx_word' id='word_1_64' title='bbox 1332 2324 1465 2416; x_wconf 85' lang='lat' dir='ltr'><strong>altera,</strong></span> <span class='ocrx_word' id='word_1_65' title='bbox 1490 2352 1605 2431; x_wconf 86' lang='lat' dir='ltr'><strong>super</strong></span> <span class='ocrx_word' id='word_1_66' title='bbox 1625 2326 1699 2403; x_wconf 90' lang='lat' dir='ltr'><strong>boe</strong></span> <span class='ocrx_word' id='word_1_67' title='bbox 1724 2324 1828 2432; x_wconf 89' lang='lat' dir='ltr'><strong>quod</strong></span> <span class='ocrx_word' id='word_1_68' title='bbox 1850 2325 1953 2401; x_wconf 87' lang='lat' dir='ltr'><strong>idem</strong></span> <span class='ocrx_word' id='word_1_69' title='bbox 1973 2342 2192 2430; x_wconf 89' lang='lat' dir='ltr'><strong>procurator</strong></span> <span class='ocrx_word' id='word_1_70' title='bbox 2209 2330 2298 2403; x_wconf 81' lang='lat' dir='ltr'><strong>nos&#39;·</strong></span> 
     </span>
     <span class='ocr_line' id='line_1_11' title="bbox 869 2454 2294 2563; baseline 0.003 -33"><span class='ocrx_word' id='word_1_71' title='bbox 869 2472 928 2531; x_wconf 86' lang='lat' dir='ltr'><strong>ter</strong></span> <span class='ocrx_word' id='word_1_72' title='bbox 943 2454 1129 2534; x_wconf 78' lang='lat' dir='ltr'><strong>asserebat</strong></span> <span class='ocrx_word' id='word_1_73' title='bbox 1148 2454 1253 2561; x_wconf 91' lang='lat' dir='ltr'><strong>quod</strong></span> <span class='ocrx_word' id='word_1_74' title='bbox 1272 2454 1394 2534; x_wconf 90' lang='lat' dir='ltr'><strong>dietus</strong></span> <span class='ocrx_word' id='word_1_75' title='bbox 1412 2456 1674 2563; x_wconf 77' lang='lat' dir='ltr'><strong>Raymundus,</strong></span> <span class='ocrx_word' id='word_1_76' title='bbox 1694 2458 1735 2533; x_wconf 90' lang='lat' dir='ltr'><strong>in</strong></span> <span class='ocrx_word' id='word_1_77' title='bbox 1753 2457 1919 2563; x_wconf 87' lang='lat' dir='ltr'><strong>quodam</strong></span> <span class='ocrx_word' id='word_1_78' title='bbox 1935 2455 2048 2533; x_wconf 84' lang='lat' dir='ltr'><strong>furno</strong></span> <span class='ocrx_word' id='word_1_79' title='bbox 2067 2474 2197 2534; x_wconf 82' lang='lat' dir='ltr'><strong>nostro</strong></span> <span class='ocrx_word' id='word_1_80' title='bbox 2221 2458 2294 2534; x_wconf 90' lang='lat' dir='ltr'><strong>sito</strong></span> 
     </span>
     <span class='ocr_line' id='line_1_12' title="bbox 869 2586 2294 2694; baseline 0.002 -34"><span class='ocrx_word' id='word_1_81' title='bbox 869 2587 969 2693; x_wconf 90' lang='lat' dir='ltr'><strong>apud</strong></span> <span class='ocrx_word' id='word_1_82' title='bbox 996 2590 1228 2675; x_wconf 71' lang='lat' dir='ltr'><strong>musarum,</strong></span> <span class='ocrx_word' id='word_1_83' title='bbox 1250 2615 1367 2694; x_wconf 86' lang='lat' dir='ltr'><strong>prope</strong></span> <span class='ocrx_word' id='word_1_84' title='bbox 1389 2604 1538 2693; x_wconf 87' lang='lat' dir='ltr'><strong>portam</strong></span> <span class='ocrx_word' id='word_1_85' title='bbox 1561 2605 1727 2664; x_wconf 88' lang='lat' dir='ltr'><strong>vocatam</strong></span> <span class='ocrx_word' id='word_1_86' title='bbox 1752 2588 1799 2664; x_wconf 87' lang='lat' dir='ltr'><strong>de</strong></span> <span class='ocrx_word' id='word_1_87' title='bbox 1818 2586 2000 2677; x_wconf 81' lang='lat' dir='ltr'><strong>Ecclesia,</strong></span> <span class='ocrx_word' id='word_1_88' title='bbox 2022 2588 2062 2662; x_wconf 92' lang='lat' dir='ltr'><strong>in</strong></span> <span class='ocrx_word' id='word_1_89' title='bbox 2082 2588 2200 2663; x_wconf 92' lang='lat' dir='ltr'><strong>domo</strong></span> <span class='ocrx_word' id='word_1_90' title='bbox 2220 2592 2294 2694; x_wconf 90' lang='lat' dir='ltr'><strong>que</strong></span> 
     </span>
     <span class='ocr_line' id='line_1_13' title="bbox 870 2717 2297 2825; baseline 0 -32"><span class='ocrx_word' id='word_1_91' title='bbox 870 2717 1129 2795; x_wconf 87' lang='lat' dir='ltr'><strong>confrontatur</strong></span> <span class='ocrx_word' id='word_1_92' title='bbox 1157 2745 1244 2793; x_wconf 91' lang='lat' dir='ltr'><strong>cum</strong></span> <span class='ocrx_word' id='word_1_93' title='bbox 1272 2717 1407 2821; x_wconf 88' lang='lat' dir='ltr'><strong>portali</strong></span> <span class='ocrx_word' id='word_1_94' title='bbox 1437 2717 1537 2795; x_wconf 86' lang='lat' dir='ltr'><strong>dicte</strong></span> <span class='ocrx_word' id='word_1_95' title='bbox 1565 2736 1693 2823; x_wconf 82' lang='lat' dir='ltr'><strong>porte,</strong></span> <span class='ocrx_word' id='word_1_96' title='bbox 1721 2718 1901 2794; x_wconf 87' lang='lat' dir='ltr'><strong>utebatur</strong></span> <span class='ocrx_word' id='word_1_97' title='bbox 1929 2717 2096 2795; x_wconf 81' lang='lat' dir='ltr'><strong>furneria</strong></span> <span class='ocrx_word' id='word_1_98' title='bbox 2126 2717 2174 2793; x_wconf 91' lang='lat' dir='ltr'><strong>de</strong></span> <span class='ocrx_word' id='word_1_99' title='bbox 2203 2744 2297 2825; x_wconf 91' lang='lat' dir='ltr'><strong>quo-</strong></span> 
     </span>
     <span class='ocr_line' id='line_1_14' title="bbox 868 2846 2297 2957; baseline 0.001 -32"><span class='ocrx_word' id='word_1_100' title='bbox 868 2850 1022 2954; x_wconf 89' lang='lat' dir='ltr'><strong>quendo</strong></span> <span class='ocrx_word' id='word_1_101' title='bbox 1043 2877 1180 2954; x_wconf 90' lang='lat' dir='ltr'><strong>panem</strong></span> <span class='ocrx_word' id='word_1_102' title='bbox 1198 2865 1236 2925; x_wconf 86' lang='lat' dir='ltr'><strong>et</strong></span> <span class='ocrx_word' id='word_1_103' title='bbox 1256 2849 1444 2954; x_wconf 82' lang='lat' dir='ltr'><strong>portando</strong></span> <span class='ocrx_word' id='word_1_104' title='bbox 1467 2866 1505 2926; x_wconf 88' lang='lat' dir='ltr'><strong>et</strong></span> <span class='ocrx_word' id='word_1_105' title='bbox 1523 2848 1754 2957; x_wconf 88' lang='lat' dir='ltr'><strong>reportando</strong></span> <span class='ocrx_word' id='word_1_106' title='bbox 1772 2849 1812 2924; x_wconf 90' lang='lat' dir='ltr'><strong>in</strong></span> <span class='ocrx_word' id='word_1_107' title='bbox 1833 2848 1934 2925; x_wconf 92' lang='lat' dir='ltr'><strong>dicto</strong></span> <span class='ocrx_word' id='word_1_108' title='bbox 1954 2846 2066 2925; x_wconf 81' lang='lat' dir='ltr'><strong>furno</strong></span> <span class='ocrx_word' id='word_1_109' title='bbox 2083 2850 2221 2955; x_wconf 84' lang='lat' dir='ltr'><strong>pa&#39;nem</strong></span> <span class='ocrx_word' id='word_1_110' title='bbox 2236 2878 2297 2926; x_wconf 94' lang='lat' dir='ltr'><strong>co-</strong></span> 
     </span>
     <span class='ocr_line' id='line_1_15' title="bbox 868 2978 2298 3086; baseline 0 -31"><span class='ocrx_word' id='word_1_111' title='bbox 868 2978 1087 3084; x_wconf 89' lang='lat' dir='ltr'><strong>quentibus,</strong></span> <span class='ocrx_word' id='word_1_112' title='bbox 1107 3008 1149 3055; x_wconf 91' lang='lat' dir='ltr'><strong>ac</strong></span> <span class='ocrx_word' id='word_1_113' title='bbox 1167 2980 1413 3085; x_wconf 87' lang='lat' dir='ltr'><strong>percipiendo</strong></span> <span class='ocrx_word' id='word_1_114' title='bbox 1433 2980 1531 3057; x_wconf 92' lang='lat' dir='ltr'><strong>duos</strong></span> <span class='ocrx_word' id='word_1_115' title='bbox 1549 2980 1722 3058; x_wconf 88' lang='lat' dir='ltr'><strong>tortellos</strong></span> <span class='ocrx_word' id='word_1_116' title='bbox 1743 2981 1789 3056; x_wconf 91' lang='lat' dir='ltr'><strong>de</strong></span> <span class='ocrx_word' id='word_1_117' title='bbox 1810 2978 1984 3086; x_wconf 87' lang='lat' dir='ltr'><strong>quolibet</strong></span> <span class='ocrx_word' id='word_1_118' title='bbox 2001 2979 2054 3055; x_wconf 92' lang='lat' dir='ltr'><strong>ibi</strong></span> <span class='ocrx_word' id='word_1_119' title='bbox 2074 3008 2212 3086; x_wconf 82' lang='lat' dir='ltr'><strong>panem</strong></span> <span class='ocrx_word' id='word_1_120' title='bbox 2233 2981 2298 3056; x_wconf 83' lang='lat' dir='ltr'><strong>‹le-</strong></span> 
     </span>
     <span class='ocr_line' id='line_1_16' title="bbox 870 3109 2296 3216; baseline -0.002 -29"><span class='ocrx_word' id='word_1_121' title='bbox 870 3127 1105 3216; x_wconf 90' lang='lat' dir='ltr'><strong>quoquente‚</strong></span> <span class='ocrx_word' id='word_1_122' title='bbox 1134 3139 1220 3187; x_wconf 92' lang='lat' dir='ltr'><strong>cum</strong></span> <span class='ocrx_word' id='word_1_123' title='bbox 1238 3111 1303 3216; x_wconf 85' lang='lat' dir='ltr'><strong>jus</strong></span> <span class='ocrx_word' id='word_1_124' title='bbox 1322 3112 1395 3189; x_wconf 93' lang='lat' dir='ltr'><strong>boc</strong></span> <span class='ocrx_word' id='word_1_125' title='bbox 1414 3109 1578 3188; x_wconf 83' lang='lat' dir='ltr'><strong>faciendi</strong></span> <span class='ocrx_word' id='word_1_126' title='bbox 1598 3139 1676 3188; x_wconf 91' lang='lat' dir='ltr'><strong>non</strong></span> <span class='ocrx_word' id='word_1_127' title='bbox 1698 3110 1871 3200; x_wconf 87' lang='lat' dir='ltr'><strong>baberet,</strong></span> <span class='ocrx_word' id='word_1_128' title='bbox 1893 3126 1937 3187; x_wconf 85' lang='lat' dir='ltr'><strong>ut</strong></span> <span class='ocrx_word' id='word_1_129' title='bbox 1956 3111 2058 3187; x_wconf 88' lang='lat' dir='ltr'><strong>idem</strong></span> <span class='ocrx_word' id='word_1_130' title='bbox 2079 3126 2296 3215; x_wconf 88' lang='lat' dir='ltr'><strong>procurator</strong></span> 
     </span>
     <span class='ocr_line' id='line_1_17' title="bbox 870 3240 2292 3347; baseline 0.001 -31"><span class='ocrx_word' id='word_1_131' title='bbox 870 3240 1033 3332; x_wconf 86' lang='lat' dir='ltr'><strong>dicebat,</strong></span> <span class='ocrx_word' id='word_1_132' title='bbox 1056 3258 1187 3346; x_wconf 82' lang='lat' dir='ltr'><strong>petens</strong></span> <span class='ocrx_word' id='word_1_133' title='bbox 1208 3268 1295 3317; x_wconf 88' lang='lat' dir='ltr'><strong>eum</strong></span> <span class='ocrx_word' id='word_1_134' title='bbox 1316 3241 1511 3347; x_wconf 83' lang='lat' dir='ltr'><strong>prohibe‘ri</strong></span> <span class='ocrx_word' id='word_1_135' title='bbox 1531 3269 1580 3318; x_wconf 90' lang='lat' dir='ltr'><strong>ne</strong></span> <span class='ocrx_word' id='word_1_136' title='bbox 1600 3241 1698 3318; x_wconf 88' lang='lat' dir='ltr'><strong>dicta</strong></span> <span class='ocrx_word' id='word_1_137' title='bbox 1716 3240 1883 3318; x_wconf 86' lang='lat' dir='ltr'><strong>furucria</strong></span> <span class='ocrx_word' id='word_1_138' title='bbox 1899 3240 1947 3315; x_wconf 89' lang='lat' dir='ltr'><strong>de</strong></span> <span class='ocrx_word' id='word_1_139' title='bbox 1967 3257 2092 3316; x_wconf 83' lang='lat' dir='ltr'><strong>cetero</strong></span> <span class='ocrx_word' id='word_1_140' title='bbox 2111 3256 2292 3328; x_wconf 86' lang='lat' dir='ltr'><strong>uteretur,</strong></span> 
     </span>
     <span class='ocr_line' id='line_1_18' title="bbox 868 3368 2294 3478; baseline 0.001 -32"><span class='ocrx_word' id='word_1_141' title='bbox 868 3368 941 3447; x_wconf 82' lang='lat' dir='ltr'><strong>lata</strong></span> <span class='ocrx_word' id='word_1_142' title='bbox 965 3370 1098 3449; x_wconf 83' lang='lat' dir='ltr'><strong>luisset</strong></span> <span class='ocrx_word' id='word_1_143' title='bbox 1124 3370 1320 3450; x_wconf 90' lang='lat' dir='ltr'><strong>diffinitiva</strong></span> <span class='ocrx_word' id='word_1_144' title='bbox 1346 3373 1535 3451; x_wconf 83' lang='lat' dir='ltr'><strong>sentencia</strong></span> <span class='ocrx_word' id='word_1_145' title='bbox 1558 3402 1627 3478; x_wconf 91' lang='lat' dir='ltr'><strong>per</strong></span> <span class='ocrx_word' id='word_1_146' title='bbox 1652 3371 1796 3449; x_wconf 87' lang='lat' dir='ltr'><strong>dietum</strong></span> <span class='ocrx_word' id='word_1_147' title='bbox 1822 3370 2071 3448; x_wconf 81' lang='lat' dir='ltr'><strong>senescallum</strong></span> <span class='ocrx_word' id='word_1_148' title='bbox 2092 3397 2162 3476; x_wconf 94' lang='lat' dir='ltr'><strong>pro</strong></span> <span class='ocrx_word' id='word_1_149' title='bbox 2185 3370 2294 3447; x_wconf 90' lang='lat' dir='ltr'><strong>nobis</strong></span> 
     </span>
     <span class='ocr_line' id='line_1_19' title="bbox 869 3500 2293 3611; baseline -0.001 -34"><span class='ocrx_word' id='word_1_150' title='bbox 869 3519 906 3578; x_wconf 85' lang='lat' dir='ltr'><strong>et</strong></span> <span class='ocrx_word' id='word_1_151' title='bbox 932 3520 1060 3580; x_wconf 88' lang='lat' dir='ltr'><strong>contra</strong></span> <span class='ocrx_word' id='word_1_152' title='bbox 1085 3504 1229 3581; x_wconf 83' lang='lat' dir='ltr'><strong>dictum</strong></span> <span class='ocrx_word' id='word_1_153' title='bbox 1257 3504 1541 3611; x_wconf 86' lang='lat' dir='ltr'><strong>Raymundum,</strong></span> <span class='ocrx_word' id='word_1_154' title='bbox 1568 3504 1691 3580; x_wconf 88' lang='lat' dir='ltr'><strong>dictus</strong></span> <span class='ocrx_word' id='word_1_155' title='bbox 1715 3502 1960 3611; x_wconf 83' lang='lat' dir='ltr'><strong>Raymundus</strong></span> <span class='ocrx_word' id='word_1_156' title='bbox 1980 3530 1999 3577; x_wconf 87' lang='lat' dir='ltr'><strong>a</strong></span> <span class='ocrx_word' id='word_1_157' title='bbox 2020 3500 2188 3607; x_wconf 88' lang='lat' dir='ltr'><strong>predicta</strong></span> <span class='ocrx_word' id='word_1_158' title='bbox 2206 3528 2293 3577; x_wconf 87' lang='lat' dir='ltr'><strong>sen-</strong></span> 
     </span>
     <span class='ocr_line' id='line_1_20' title="bbox 867 3630 2292 3742; baseline -0.001 -32"><span class='ocrx_word' id='word_1_159' title='bbox 867 3634 1005 3727; x_wconf 82' lang='lat' dir='ltr'><strong>tencia,</strong></span> <span class='ocrx_word' id='word_1_160' title='bbox 1028 3652 1208 3741; x_wconf 84' lang='lat' dir='ltr'><strong>tanquam</strong></span> <span class='ocrx_word' id='word_1_161' title='bbox 1228 3636 1274 3715; x_wconf 87' lang='lat' dir='ltr'><strong>ab</strong></span> <span class='ocrx_word' id='word_1_162' title='bbox 1294 3635 1443 3742; x_wconf 88' lang='lat' dir='ltr'><strong>iniqua,</strong></span> <span class='ocrx_word' id='word_1_163' title='bbox 1467 3636 1515 3712; x_wconf 90' lang='lat' dir='ltr'><strong>ad</strong></span> <span class='ocrx_word' id='word_1_164' title='bbox 1544 3663 1615 3712; x_wconf 89' lang='lat' dir='ltr'><strong>nos</strong></span> <span class='ocrx_word' id='word_1_165' title='bbox 1640 3633 1851 3741; x_wconf 84' lang='lat' dir='ltr'><strong>appellans,</strong></span> <span class='ocrx_word' id='word_1_166' title='bbox 1869 3632 2039 3741; x_wconf 88' lang='lat' dir='ltr'><strong>judicem</strong></span> <span class='ocrx_word' id='word_1_167' title='bbox 2060 3631 2131 3709; x_wconf 91' lang='lat' dir='ltr'><strong>sibi</strong></span> <span class='ocrx_word' id='word_1_168' title='bbox 2153 3630 2232 3708; x_wconf 86' lang='lat' dir='ltr'><strong>dari</strong></span> <span class='ocrx_word' id='word_1_169' title='bbox 2252 3633 2292 3709; x_wconf 92' lang='lat' dir='ltr'><strong>in</strong></span> 
     </span>
     <span class='ocr_line' id='line_1_21' title="bbox 869 3761 2293 3875; baseline -0.004 -32"><span class='ocrx_word' id='word_1_170' title='bbox 869 3794 977 3843; x_wconf 88' lang='lat' dir='ltr'><strong>causa</strong></span> <span class='ocrx_word' id='word_1_171' title='bbox 996 3766 1264 3874; x_wconf 86' lang='lat' dir='ltr'><strong>appellacionis</strong></span> <span class='ocrx_word' id='word_1_172' title='bbox 1286 3766 1510 3875; x_wconf 88' lang='lat' dir='ltr'><strong>hujusmodi</strong></span> <span class='ocrx_word' id='word_1_173' title='bbox 1533 3766 1763 3871; x_wconf 57' lang='lat' dir='ltr'><strong>impetrarim</strong></span> <span class='ocrx_word' id='word_1_174' title='bbox 1785 3764 1850 3871; x_wconf 92' lang='lat' dir='ltr'><strong>qui</strong></span> <span class='ocrx_word' id='word_1_175' title='bbox 1867 3763 2001 3871; x_wconf 80' lang='lat' dir='ltr'><strong>judex,</strong></span> <span class='ocrx_word' id='word_1_176' title='bbox 2022 3761 2161 3839; x_wconf 87' lang='lat' dir='ltr'><strong>vocatis</strong></span> <span class='ocrx_word' id='word_1_177' title='bbox 2179 3761 2293 3866; x_wconf 86' lang='lat' dir='ltr'><strong>parti-</strong></span> 
     </span>
     <span class='ocr_line' id='line_1_22' title="bbox 871 3893 2293 4004; baseline -0.003 -31"><span class='ocrx_word' id='word_1_178' title='bbox 871 3896 960 3989; x_wconf 86' lang='lat' dir='ltr'><strong>bus,</strong></span> <span class='ocrx_word' id='word_1_179' title='bbox 979 3926 1093 4004; x_wconf 89' lang='lat' dir='ltr'><strong>super</strong></span> <span class='ocrx_word' id='word_1_180' title='bbox 1110 3926 1239 3975; x_wconf 90' lang='lat' dir='ltr'><strong>earnm</strong></span> <span class='ocrx_word' id='word_1_181' title='bbox 1263 3894 1430 3976; x_wconf 85' lang='lat' dir='ltr'><strong>articulis</strong></span> <span class='ocrx_word' id='word_1_182' title='bbox 1447 3913 1696 4004; x_wconf 87' lang='lat' dir='ltr'><strong>per&#39;nostram</strong></span> <span class='ocrx_word' id='word_1_183' title='bbox 1717 3896 1860 3973; x_wconf 90' lang='lat' dir='ltr'><strong>curiam</strong></span> <span class='ocrx_word' id='word_1_184' title='bbox 1879 3894 1950 3971; x_wconf 90' lang='lat' dir='ltr'><strong>sibi</strong></span> <span class='ocrx_word' id='word_1_185' title='bbox 1964 3893 2088 3971; x_wconf 90' lang='lat' dir='ltr'><strong>missis</strong></span> <span class='ocrx_word' id='word_1_186' title='bbox 2101 3908 2217 3969; x_wconf 87' lang='lat' dir='ltr'><strong>testes</strong></span> <span class='ocrx_word' id='word_1_187' title='bbox 2235 3921 2293 3969; x_wconf 86' lang='lat' dir='ltr'><strong>rc-</strong></span> 
     </span>
     <span class='ocr_line' id='line_1_23' title="bbox 868 4023 2294 4136; baseline -0.003 -31"><span class='ocrx_word' id='word_1_188' title='bbox 868 4028 1027 4134; x_wconf 85' lang='lat' dir='ltr'><strong>cipiens‚</strong></span> <span class='ocrx_word' id='word_1_189' title='bbox 1053 4029 1248 4136; x_wconf 84' lang='lat' dir='ltr'><strong>inquisivit</strong></span> <span class='ocrx_word' id='word_1_190' title='bbox 1272 4057 1385 4136; x_wconf 87' lang='lat' dir='ltr'><strong>super</strong></span> <span class='ocrx_word' id='word_1_191' title='bbox 1406 4029 1712 4119; x_wconf 61' lang='lat' dir='ltr'><strong>homeritarum,</strong></span> <span class='ocrx_word' id='word_1_192' title='bbox 1734 4044 1773 4104; x_wconf 87' lang='lat' dir='ltr'><strong>et</strong></span> <span class='ocrx_word' id='word_1_193' title='bbox 1791 4027 1993 4136; x_wconf 86' lang='lat' dir='ltr'><strong>negocium</strong></span> <span class='ocrx_word' id='word_1_194' title='bbox 2012 4023 2222 4132; x_wconf 82' lang='lat' dir='ltr'><strong>perfectum</strong></span> <span class='ocrx_word' id='word_1_195' title='bbox 2246 4024 2294 4101; x_wconf 83' lang='lat' dir='ltr'><strong>ad</strong></span> 
     </span>
     <span class='ocr_line' id='line_1_24' title="bbox 867 4156 2295 4267; baseline -0.003 -32"><span class='ocrx_word' id='word_1_196' title='bbox 867 4161 1008 4239; x_wconf 87' lang='lat' dir='ltr'><strong>curiam</strong></span> <span class='ocrx_word' id='word_1_197' title='bbox 1026 4179 1192 4239; x_wconf 86' lang='lat' dir='ltr'><strong>nostram</strong></span> <span class='ocrx_word' id='word_1_198' title='bbox 1209 4162 1375 4238; x_wconf 88' lang='lat' dir='ltr'><strong>remisit:</strong></span> <span class='ocrx_word' id='word_1_199' title='bbox 1392 4161 1490 4239; x_wconf 89' lang='lat' dir='ltr'><strong>Visis</strong></span> <span class='ocrx_word' id='word_1_200' title='bbox 1503 4160 1630 4267; x_wconf 86' lang='lat' dir='ltr'><strong>igitur,</strong></span> <span class='ocrx_word' id='word_1_201' title='bbox 1647 4187 1716 4266; x_wconf 90' lang='lat' dir='ltr'><strong>per</strong></span> <span class='ocrx_word' id='word_1_202' title='bbox 1731 4157 1872 4235; x_wconf 90' lang='lat' dir='ltr'><strong>curiam</strong></span> <span class='ocrx_word' id='word_1_203' title='bbox 1892 4172 2079 4244; x_wconf 86' lang='lat' dir='ltr'><strong>nostram,</strong></span> <span class='ocrx_word' id='word_1_204' title='bbox 2099 4172 2178 4231; x_wconf 87' lang='lat' dir='ltr'><strong>tam</strong></span> <span class='ocrx_word' id='word_1_205' title='bbox 2196 4156 2295 4261; x_wconf 91' lang='lat' dir='ltr'><strong>prin·</strong></span> 
     </span>
     <span class='ocr_line' id='line_1_25' title="bbox 867 4286 2294 4400; baseline -0.004 -33"><span class='ocrx_word' id='word_1_206' title='bbox 867 4292 994 4397; x_wconf 88' lang='lat' dir='ltr'><strong>cipalis</strong></span> <span class='ocrx_word' id='word_1_207' title='bbox 1009 4322 1117 4371; x_wconf 87' lang='lat' dir='ltr'><strong>cause</strong></span> <span class='ocrx_word' id='word_1_208' title='bbox 1133 4320 1246 4399; x_wconf 85' lang='lat' dir='ltr'><strong>quarn</strong></span> <span class='ocrx_word' id='word_1_209' title='bbox 1267 4290 1534 4400; x_wconf 88' lang='lat' dir='ltr'><strong>appellacionis</strong></span> <span class='ocrx_word' id='word_1_210' title='bbox 1554 4291 1751 4397; x_wconf 88' lang='lat' dir='ltr'><strong>utriusque</strong></span> <span class='ocrx_word' id='word_1_211' title='bbox 1771 4288 1888 4395; x_wconf 87' lang='lat' dir='ltr'><strong>patris</strong></span> <span class='ocrx_word' id='word_1_212' title='bbox 1902 4286 2160 4395; x_wconf 88' lang='lat' dir='ltr'><strong>processibus,</strong></span> <span class='ocrx_word' id='word_1_213' title='bbox 2178 4304 2217 4363; x_wconf 84' lang='lat' dir='ltr'><strong>et</strong></span> <span class='ocrx_word' id='word_1_214' title='bbox 2236 4288 2294 4364; x_wconf 91' lang='lat' dir='ltr'><strong>di·</strong></span> 
     </span>
     <span class='ocr_line' id='line_1_26' title="bbox 867 4417 2289 4529; baseline -0.001 -32"><span class='ocrx_word' id='word_1_215' title='bbox 867 4421 1027 4527; x_wconf 84' lang='lat' dir='ltr'><strong>ligenter</strong></span> <span class='ocrx_word' id='word_1_216' title='bbox 1047 4425 1280 4515; x_wconf 79' lang='lat' dir='ltr'><strong>examinatis,</strong></span> <span class='ocrx_word' id='word_1_217' title='bbox 1301 4424 1596 4529; x_wconf 87' lang='lat' dir='ltr'><strong>pronunciatum</strong></span> <span class='ocrx_word' id='word_1_218' title='bbox 1615 4423 1704 4511; x_wconf 83' lang='lat' dir='ltr'><strong>luit,</strong></span> <span class='ocrx_word' id='word_1_219' title='bbox 1726 4448 1797 4528; x_wconf 86' lang='lat' dir='ltr'><strong>per</strong></span> <span class='ocrx_word' id='word_1_220' title='bbox 1815 4420 1918 4497; x_wconf 87' lang='lat' dir='ltr'><strong>curie</strong></span> <span class='ocrx_word' id='word_1_221' title='bbox 1938 4436 2065 4497; x_wconf 88' lang='lat' dir='ltr'><strong>nostre</strong></span> <span class='ocrx_word' id='word_1_222' title='bbox 2080 4417 2289 4526; x_wconf 86' lang='lat' dir='ltr'><strong>judicium,</strong></span> 
     </span>
     <span class='ocr_line' id='line_1_27' title="bbox 867 4547 2291 4659; baseline -0.003 -32"><span class='ocrx_word' id='word_1_223' title='bbox 867 4551 964 4627; x_wconf 85' lang='lat' dir='ltr'><strong>male</strong></span> <span class='ocrx_word' id='word_1_224' title='bbox 986 4554 1278 4657; x_wconf 89' lang='lat' dir='ltr'><strong>pronunciatum</strong></span> <span class='ocrx_word' id='word_1_225' title='bbox 1312 4580 1379 4659; x_wconf 92' lang='lat' dir='ltr'><strong>per</strong></span> <span class='ocrx_word' id='word_1_226' title='bbox 1407 4554 1558 4630; x_wconf 86' lang='lat' dir='ltr'><strong>&#39;dictum</strong></span> <span class='ocrx_word' id='word_1_227' title='bbox 1584 4550 1836 4629; x_wconf 85' lang='lat' dir='ltr'><strong>senescallum</strong></span> <span class='ocrx_word' id='word_1_228' title='bbox 1866 4568 1905 4628; x_wconf 90' lang='lat' dir='ltr'><strong>et</strong></span> <span class='ocrx_word' id='word_1_229' title='bbox 1937 4551 2035 4628; x_wconf 88' lang='lat' dir='ltr'><strong>bene</strong></span> <span class='ocrx_word' id='word_1_230' title='bbox 2061 4547 2291 4656; x_wconf 89' lang='lat' dir='ltr'><strong>appellatum</strong></span> 
     </span>
     <span class='ocr_line' id='line_1_28' title="bbox 866 4676 2289 4788; baseline -0.008 -27"><span class='ocrx_word' id='word_1_231' title='bbox 866 4703 934 4788; x_wconf 80' lang='lat' dir='ltr'><strong>per</strong></span> <span class='ocrx_word' id='word_1_232' title='bbox 954 4681 1096 4759; x_wconf 87' lang='lat' dir='ltr'><strong>dietum</strong></span> <span class='ocrx_word' id='word_1_233' title='bbox 1114 4682 1380 4786; x_wconf 83' lang='lat' dir='ltr'><strong>Raymundum</strong></span> <span class='ocrx_word' id='word_1_234' title='bbox 1395 4682 1527 4771; x_wconf 81' lang='lat' dir='ltr'><strong>fuisse,</strong></span> <span class='ocrx_word' id='word_1_235' title='bbox 1549 4701 1588 4760; x_wconf 87' lang='lat' dir='ltr'><strong>ct</strong></span> <span class='ocrx_word' id='word_1_236' title='bbox 1606 4683 1680 4761; x_wconf 86' lang='lat' dir='ltr'><strong>luit</strong></span> <span class='ocrx_word' id='word_1_237' title='bbox 1698 4682 1822 4759; x_wconf 84' lang='lat' dir='ltr'><strong>dictus</strong></span> <span class='ocrx_word' id='word_1_238' title='bbox 1837 4679 2078 4788; x_wconf 88' lang='lat' dir='ltr'><strong>Raymundus</strong></span> <span class='ocrx_word' id='word_1_239' title='bbox 2099 4676 2148 4753; x_wconf 92' lang='lat' dir='ltr'><strong>ab</strong></span> <span class='ocrx_word' id='word_1_240' title='bbox 2168 4676 2289 4781; x_wconf 89' lang='lat' dir='ltr'><strong>impe-</strong></span> 
     </span>
     <span class='ocr_line' id='line_1_29' title="bbox 866 4806 2288 4922; baseline -0.005 -32"><span class='ocrx_word' id='word_1_241' title='bbox 866 4815 1004 4891; x_wconf 86' lang='lat' dir='ltr'><strong>ticione</strong></span> <span class='ocrx_word' id='word_1_242' title='bbox 1024 4812 1115 4891; x_wconf 88' lang='lat' dir='ltr'><strong>dicti</strong></span> <span class='ocrx_word' id='word_1_243' title='bbox 1134 4814 1386 4919; x_wconf 86' lang='lat' dir='ltr'><strong>procuratoris</strong></span> <span class='ocrx_word' id='word_1_244' title='bbox 1406 4813 1543 4903; x_wconf 89' lang='lat' dir='ltr'><strong>nostri,</strong></span> <span class='ocrx_word' id='word_1_245' title='bbox 1564 4842 1634 4922; x_wconf 87' lang='lat' dir='ltr'><strong>per</strong></span> <span class='ocrx_word' id='word_1_246' title='bbox 1652 4816 1757 4893; x_wconf 90' lang='lat' dir='ltr'><strong>idem</strong></span> <span class='ocrx_word' id='word_1_247' title='bbox 1768 4812 1979 4918; x_wconf 86' lang='lat' dir='ltr'><strong>judicium,</strong></span> <span class='ocrx_word' id='word_1_248' title='bbox 1997 4835 2111 4914; x_wconf 87' lang='lat' dir='ltr'><strong>snper</strong></span> <span class='ocrx_word' id='word_1_249' title='bbox 2129 4806 2203 4884; x_wconf 93' lang='lat' dir='ltr'><strong>boc</strong></span> <span class='ocrx_word' id='word_1_250' title='bbox 2221 4806 2288 4883; x_wconf 91' lang='lat' dir='ltr'><strong>ab·</strong></span> 
     </span>
     <span class='ocr_line' id='line_1_30' title="bbox 866 4944 1024 5023; baseline 0 -1"><span class='ocrx_word' id='word_1_251' title='bbox 866 4944 1024 5023; x_wconf 83' lang='lat' dir='ltr'><strong>solutus.</strong></span> 
     </span>
     <span class='ocr_line' id='line_1_31' title="bbox 919 5076 1672 5184; baseline 0 -31"><span class='ocrx_word' id='word_1_252' title='bbox 919 5076 1020 5153; x_wconf 85' lang='lat' dir='ltr'><strong>Jovis</strong></span> <span class='ocrx_word' id='word_1_253' title='bbox 1039 5094 1124 5184; x_wconf 85' lang='lat' dir='ltr'><strong>post</strong></span> <span class='ocrx_word' id='word_1_254' title='bbox 1141 5078 1486 5163; x_wconf 83' lang='lat' dir='ltr'><strong>Annunciacionem</strong></span> <span class='ocrx_word' id='word_1_255' title='bbox 1506 5077 1672 5157; x_wconf 87' lang='lat' dir='ltr'><strong>Domini.</strong></span> 
     </span>
     <span class='ocr_line' id='line_1_32' title="bbox 920 5206 1383 5315; baseline -0.004 -28"><span class='ocrx_word' id='word_1_256' title='bbox 920 5206 1151 5287; x_wconf 81' lang='lat' dir='ltr'><strong>Rosselletus</strong></span> <span class='ocrx_word' id='word_1_257' title='bbox 1170 5209 1383 5315; x_wconf 89' lang='lat' dir='ltr'><strong>reportavit.</strong></span> 
     </span>
    </p>
   </div>
   <div class='ocr_carea' id='block_1_7' title="bbox 921 5464 2290 5569">
    <p class='ocr_par' dir='ltr' id='par_1_7' title="bbox 921 5464 2290 5569">
     <span class='ocr_line' id='line_1_33' title="bbox 921 5464 2290 5569; baseline -0.01 -17"><span class='ocrx_word' id='word_1_258' title='bbox 921 5474 1027 5551; x_wconf 84' lang='lat' dir='ltr'>XLV.</span> <span class='ocrx_word' id='word_1_259' title='bbox 1059 5473 1155 5552; x_wconf 90' lang='lat' dir='ltr'><strong>Cum</strong></span> <span class='ocrx_word' id='word_1_260' title='bbox 1174 5500 1284 5549; x_wconf 80' lang='lat' dir='ltr'><strong>causa</strong></span> <span class='ocrx_word' id='word_1_261' title='bbox 1307 5489 1409 5550; x_wconf 87' lang='lat' dir='ltr'><strong>mota</strong></span> <span class='ocrx_word' id='word_1_262' title='bbox 1432 5472 1574 5551; x_wconf 81' lang='lat' dir='ltr'><strong>luisset</strong></span> <span class='ocrx_word' id='word_1_263' title='bbox 1586 5498 1712 5549; x_wconf 89' lang='lat' dir='ltr'><strong>coram</strong></span> <span class='ocrx_word' id='word_1_264' title='bbox 1731 5466 1937 5545; x_wconf 84' lang='lat' dir='ltr'><strong>senescallo</strong></span> <span class='ocrx_word' id='word_1_265' title='bbox 1962 5480 2091 5543; x_wconf 87' lang='lat' dir='ltr'><strong>nostro</strong></span> <span class='ocrx_word' id='word_1_266' title='bbox 2110 5464 2290 5569; x_wconf 73' lang='lat' dir='ltr'><strong>Petrego-</strong></span> 
     </span>
    </p>
   </div>
   <div class='ocr_carea' id='block_1_8' title="bbox 0 0 2914 7289">
    <p class='ocr_par' dir='ltr' id='par_1_8' title="bbox 0 0 2914 7289">
     <span class='ocr_line' id='line_1_34' title="bbox 0 0 2914 7289; baseline 0 0"><span class='ocrx_word' id='word_1_267' title='bbox 0 0 2914 7289; x_wconf 95' lang='lat' dir='ltr'><strong> </strong></span> 
     </span>
    </p>
   </div>
  </div>
 </body>
</html>
