5817 7292
911 1048 984 1124 652
1501 1050 1588 1129 LES
1618 1054 1760 1130 OLlM.

684 1192 813 1327 Ρωῗξῦῑ
826 1190 872 1261 ¹V·
910 1218 1003 1270 num
1022 1192 1148 1305 Regis,
1171 1194 1395 1304 adplenum
1417 1194 1487 1275 sibi
1506 1196 1677 1287 liberari;
1698 1195 1800 1274 dicto
1820 1194 2020 1275 castellano
2039 1196 2080 1274 in
2099 1205 2327 1285 contrarium

802 1313 808 1329 ⁸
911 1322 1057 1403 dicente
1072 1326 1178 1434 quod
1196 1327 1276 1434 ipse
1296 1343 1374 1404 erat
1394 1328 1433 1404 in
1448 1327 1583 1405 saisina
1598 1325 1771 1435 exigendi
1786 1326 1988 1434 pedagium
2008 1345 2046 1405 et
2060 1335 2326 1443 pontanagium

910 1454 957 1531 dc
977 1456 1153 1535 omnibus
1167 1456 1278 1535 bonis
1293 1486 1367 1564 que
1387 1454 1623 1536 ducebantur
1638 1486 1706 1564 per
1721 1473 1860 1538 terram
1876 1474 1915 1534 et
1932 1486 2086 1565 aquam,
2101 1489 2171 1566 per
2184 1461 2327 1543 distric-
2374 1535 2380 1545 .

894 1580 969 1662 ltus
985 1586 1173 1693 ejusdem,
1190 1604 1228 1665 et
1241 1588 1409 1696 gagiandi
1425 1614 1556 1666 omnes
1568 1602 1807 1665 transeuntes
1817 1614 1887 1694 per
1904 1588 2025 1667 dictos
2041 1589 2233 1673 danaus
2246 1596 2327 1673 abs·

907 1742 982 1819 que
1006 1719 1239 1822 prestacione
1267 1718 1434 1825 predicta
1466 1736 1504 1796 et
1529 1718 1738 1824 specialiter
1760 1717 1809 1795 de
1839 1716 1951 1797 bonis
1973 1722 2250 1826 pertinentibus
2276 1728 2325 1805 ad

907 1843 1027 1925 dictos
1046 1849 1218 1929 abbatem
1238 1868 1275 1927 et
1295 1865 1537 1940 conventum,
1561 1878 1676 1956 quare
1694 1848 1847 1955 petebat
1864 1850 1996 1954 prisias
2018 1850 2131 1930 factas
2148 1853 2196 1931 de
2214 1856 2323 1933 bonis

907 1966 1074 2082 ipsorum
1092 1979 1376 2089 religiosorum,
1398 1980 1590 2057 occasione
1611 1954 1759 2086 pedagii
1779 2008 1847 2057 seu
1857 1982 2072 2089 pontanagii
2091 2011 2168 2061 non
2189 1986 2318 2077 soluti,

907 2134 974 2212 per
991 2107 1132 2187 dictum
1149 2110 1407 2201 castellanum,
1428 2111 1476 2187 dc
1496 2110 1636 2217 quibus
1655 2108 1750 2186 facta
1765 2126 1822 2187 est
1833 2110 2070 2189 recredencia
2082 2142 2151 2220 per
2165 2144 2316 2193 manum

906 2235 1050 2315 domini
1061 2241 1185 2348 Regis,
1198 2258 1354 2349 propter
1368 2241 1649 2347 opposicionem
1664 2240 1832 2346 ipsorum
1846 2239 2117 2349 religiosorum,
2131 2244 2200 2322 sibi
2215 2246 2330 2325 resti·'

904 2366 960 2445 tui
975 2368 1022 2445 ad
1037 2363 1111 2447 boc
1124 2387 1167 2447 ut
1181 2370 1298 2478 possit
1312 2370 1476 2477 gaudere
1494 2370 1627 2447 saisina
1644 2399 1709 2447 sua
1723 2369 1891 2475 predicta
1907 2400 1916 2446 ε
1932 2371 2105 2477 lnquesta
2119 2402 2229 2480 super
2242 2376 2317 2453 boc

902 2496 997 2576 facta
1017 2501 1122 2577 etad
1133 2502 1273 2579 curiam
1293 2517 1458 2579 nostram
1473 2502 1521 2578 ad
1532 2501 1781 2609 judicandum
1792 2518 1996 2607 reportata,
2013 2503 2090 2580 visa
2104 2522 2143 2581 et
2161 2505 2316 2616 diligen-

901 2643 960 2704 ter
984 2631 1207 2724 examinata,
1241 2632 1329 2739 quia
1354 2632 1547 2709 inventurn
1574 2650 1630 2709 est
1654 2632 1798 2710 dictum
1826 2631 2069 2711 castellanum
2094 2634 2318 2713 sufficienter

902 2760 1077 2866 probasse
1093 2762 1264 2841 saisinam
1279 2792 1385 2840 suam
1405 2762 1627 2869 predictam,
1646 2779 1683 2840 et
1706 2762 1820 2839 nichil
1841 2763 1889 2840 de
1908 2764 2043 2841 saisina
2060 2766 2228 2871 predicta
2243 2765 2319 2844 dic-

893 2908 1028 2971 torum
1047 2894 1309 3003 religiosorum
1330 2891 1409 2971 fore
1428 2891 1647 2999 probatum,
1668 2922 1737 3000 per
1753 2894 1856 2970 curie
1876 2912 2003 2972 nostre
2018 2894 2223 3003 judicium,
2248 2896 2317 2976 fuit

901 3022 1045 3103 dictum
1062 3025 1164 3133 quod
1181 3024 1281 3103 bona
1297 3041 1402 3131 capta
1419 3053 1488 3131 per
1502 3024 1645 3102 dictum
1659 3023 1918 3115 castellanum,
1937 3024 2139 3132 dequibus
2155 3027 2247 3105 lacta
2262 3042 2318 3105 est

899 3156 1155 3249 recredencia,
1175 3182 1243 3263 per
1254 3184 1408 3233 manum
1424 3172 1606 3250 nostram,
1626 3155 1770 3233 eisdem
1789 3153 1987 3264 religiosis,
2003 3156 2105 3235 dicto
2117 3158 2315 3235 castellano

899 3285 1153 3377 restituentur,
1175 3304 1219 3365 ut
1237 3287 1354 3393 possit
1371 3285 1536 3395 gaudere
1556 3286 1690 3363 saisina
1709 3314 1774 3365 sua
1791 3286 1957 3392 predicta
1975 3303 2101 3363 contra
2122 3288 2241 3365 dictos
2259 3316 2317 3363 re

785 3467 788 3477 κ
898 3411 1071 3523 ligiosos,
1088 3416 1287 3523 questione
1302 3404 1541 3523 proprietatis
1553 3415 1696 3493 eisdem
1710 3416 1892 3526 religiosis
1905 3442 2016 3522 super
2029 3414 2100 3493 boc
2114 3434 2307 3507 reservata

954 3546 1082 3626 Martis
1096 3563 1182 3654 post
1197 3544 1611 3654 Sanctum-Georgium.

953 3676 1060 3754 Crcci
1079 3676 1290 3783 reportavit.

952 3940 1060 4019 XXll.
1091 3940 1189 4019 Cum
1211 3941 1308 4020 inter
1326 3940 1577 4022 Guillelmum
1596 3941 1748 4030 Pizdoe,
1770 3971 1840 4021 suo
1860 3959 1899 4020 et
1918 3944 2054 4033 Maria,
2082 3943 2206 4019 uxoris
2224 3968 2310 4028 sue,

896 4070 1070 4159 nomine,
1094 4100 1138 4149 ex
1158 4102 1232 4150 una
1253 4090 1373 4179 parte,
1405 4091 1442 4150 ct
1467 4074 1679 4186 lohannem
1699 4073 1905 4165 Lebrcton‚
1932 4072 2191 4181 pelliparium,
2217 4073 2313 4149 cives

895 4202 1134 4293 Parisicnses,
1164 4232 1206 4280 ex
1226 4202 1356 4292 altera,
1374 4231 1500 4281 coram
1522 4203 1720 4282 Parisieusi
1742 4202 1950 4311 preposito,
1975 4203 2021 4282 lis
2041 4222 2145 4282 mota
2163 4202 2309 4292 fuisset,

894 4332 1043 4411 racione
1063 4334 1259 4443 cujusdam
1277 4333 1378 4442 pacis
1398 4335 1496 4413 iuter
1514 4333 1630 4411 dictas
1642 4350 1767 4440 partes
1781 4334 2005 4413 concordate
2025 4351 2065 4411 et
2086 4334 2250 4423 firmate,
2270 4350 2313 4409 ut

894 4461 1099 4557 dicebatur,
1116 4492 1229 4573 super
1244 4464 1381 4544 debato
1403 4464 1635 4543 interdictas
1646 4482 1770 4571 partes
1781 4466 1991 4570 pendente,
2003 4465 2154 4542 racione
2167 4492 2311 4544 succes-

892 4594 1008 4672 sionis
1023 4595 1199 4673 deluncte
1212 4596 1400 4685 Johannc,
1421 4595 1616 4704 quondam
1633 4596 1760 4675 uxoris
1778 4596 1867 4674 dicti
1880 4596 2077 4685 lobannis,
2098 4596 2308 4702 sororisque

893 4725 990 4803 dicte
1004 4726 1137 4817 Maria,
1158 4744 1195 4804 et
1213 4756 1328 4835 super
1341 4744 1475 4805 tenore
1495 4726 1594 4803 dicte
1608 4724 1724 4832 pacis,
1743 4726 1790 4803 de
1810 4726 1917 4834 cujus
1932 4725 2052 4805 sorma
2071 4726 2169 4805 dicte
2187 4742 2308 4832 partes

891 4854 1154 4936 discordabant
1173 4858 1273 4948 inter
1292 4886 1351 4950 se,
1373 4856 1642 4936 concordatum
1660 4855 1792 4935 fuisset
1811 4857 1912 4933 inter
1932 4884 2014 4945 eas,
2036 4885 2106 4962 pro
2124 4856 2225 4933 bono
2243 4882 2311 4960 pa-

890 4986 958 5079 cs,
973 4985 1077 5093 quoa
1088 4987 1317 5068 curramus
1333 4970 1380 5067 ae
1396 4988 1639 5080 aaronem,
1654 4986 1766 5065 mins
1780 4985 1926 5065 domini
1941 4988 2066 5097 aega,
2083 4985 2310 5095 reginardus

887 5114 1039 5198 Rarboti
1055 5119 1192 5211 senior,
1208 5138 1245 5197 et
1258 5119 1450 5198 lohannes
1465 5120 1584 5198 Amici
1599 5120 1647 5198 de
1662 5117 1901 5211 Cormeilles,
1919 5146 1963 5197 ex
1978 5136 2084 5226 parte
2097 5118 2190 5197 dicti
2202 5116 2310 5197 Guil-

888 5248 992 5327 lelmi
1011 5249 1165 5339 Pizdoe,
1185 5252 1340 5327 nomine
1354 5266 1432 5358 quo
1448 5280 1562 5358 supra
1580 5250 1707 5340 electi,
1724 5249 1939 5356 Stephanus
1954 5248 2133 5336 barbate,
2153 5249 2310 5355 Stepha-

886 5406 957 5457 nus
967 5380 1129 5461 Marcelli
1144 5399 1181 5459 et
1198 5382 1386 5460 lohannes
1406 5381 1603 5471 Genciani,
1626 5411 1670 5459 ex
1687 5397 1792 5487 parte
1808 5381 1899 5459 dicti
1917 5381 2100 5461 lobannis
2110 5380 2148 5458 lc
2165 5382 2308 5460 Breton
2325 5454 2331 5464 .
