5817 7292
1054 1094 1320 1204 suoutrss
1345 1111 1408 1187 nr
1434 1095 1637 1190 mouns.
1975 1105 2049 1184 sto

639 1250 747 1328 niaco
766 1270 806 1328 et
826 1254 874 1330 de
894 1255 1044 1344 Turno,
1070 1273 1114 1333 ut
1132 1255 1204 1362 ipsi
1235 1284 1322 1334 cum
1348 1256 1461 1332 arnus
1487 1255 1586 1334 irent
1605 1254 1646 1330 in
1674 1249 1817 1329 dictum
1845 1249 2049 1328 exercitum
2081 1261 2211 1316 aarum
2229 1257 2272 1322 1v,

637 1407 724 1456 cum
745 1380 828 1460 aliis
845 1384 1020 1490 gentibus
1039 1385 1250 1464 castellanie
1270 1385 1362 1464 dicti
1380 1384 1544 1478 domini,
1565 1381 1754 1460 turbando
1773 1379 1812 1456 in
1829 1379 1909 1458 boc
1925 1394 1962 1457 et
1979 1379 2051 1456 im·
2150 1349 2212 1393 Μ’

639 1510 830 1615 pediendo
850 1513 994 1591 dictum
1019 1516 1186 1622 priorem
1206 1516 1246 1593 in
1265 1545 1333 1595 sua
1354 1517 1507 1610 saisina,
1531 1517 1570 1592 in
1591 1543 1664 1622 qua
1683 1510 1830 1591 dicebat
1850 1539 1888 1587 se
1908 1528 1946 1587 et
1964 1537 2052 1588 suos

637 1657 890 1722 antecessores
909 1644 1022 1725 luisse
1042 1663 1081 1726 et
1097 1674 1194 1740 esse,
1210 1645 1385 1726 videlicet
1401 1647 1635 1755 precipiendi
1654 1645 1762 1724 dictis
1782 1640 1994 1748 hospitibus
2010 1657 2053 1716 ut

636 1771 707 1878 ipsi
727 1774 826 1850 irent
845 1774 895 1852 ad
914 1793 1086 1855 nostrum
1111 1780 1314 1866 exercitum
1334 1808 1401 1857 seu
1423 1780 1472 1858 ad
1492 1779 1595 1856 aliud
1616 1793 1787 1855 nostrum
1812 1777 2050 1862 mandatum,

637 1929 723 1978 cnm
741 1903 891 2010 expedit
904 1906 964 1984 vel
982 1908 1070 1986 alias
1089 1909 1291 2016 expedivit,
1311 1929 1350 1988 et
1365 1909 1512 1988 levandi
1529 1909 1798 1988 subvenciones
1813 1933 1833 1981 a
1850 1902 1958 1980 dictis
1971 1901 2054 1981 hos·

635 2031 779 2137 pitibus
795 2037 1114 2145 quandocumque
1134 2040 1416 2146 casus-requirit
1431 2039 1490 2118 vel
1510 2039 1599 2118 alias
1618 2037 1829 2145 requisivit,
1848 2034 1948 2112 etde
1968 2061 2052 2139 pre-

635 2160 745 2240 dictis
763 2164 811 2242 sit
828 2182 867 2242 et
884 2165 1000 2246 luerit
1017 2170 1138 2248 dictus
1154 2171 1270 2277 prior,
1288 2188 1331 2248 nt
1351 2169 1515 2260 dicebat,
1535 2168 1656 2260 solus,
1678 2197 1746 2275 per
1765 2193 1804 2244 se
1822 2182 1860 2244 et
1878 2192 1966 2242 suos
1987 2193 2053 2241 an·

634 2309 855 2390 lecessores,
875 2298 916 2376 in
935 2300 1037 2377 bona
1054 2301 1206 2390 saisina,
1222 2329 1340 2407 quare
1358 2302 1513 2406 petebat
1531 2299 1668 2378 dictam
1688 2296 1962 2384 tnrbacionem,
1984 2321 2053 2372 seu

635 2423 969 2530 impedimentum,
990 2429 1062 2508 sihi
1080 2429 1213 2509 laetam
1235 2431 1283 2510 de
1303 2459 1399 2512 novo
1423 2459 1492 2538 per
1511 2431 1655 2508 dictum
1677 2427 1875 2506 dominum
1894 2423 1952 2502 vel
1970 2423 2052 2532 ejus

633 2572 780 2662 gentes,
798 2559 984 2649 amoveri,
1000 2576 1039 2636 et
1056 2589 1096 2638 se
1111 2561 1151 2636 in
1168 2589 1235 2638 sua
1253 2562 1388 2640 saisina
1402 2560 1571 2666 predicta
1583 2558 1737 2648 servari,
1755 2573 1793 2634 et
1807 2555 1950 2634 dictum
1969 2582 2053 2660 pre·

634 2702 785 2790 ceptum
809 2688 918 2766 dictis
946 2689 1162 2795 hospitibus
1182 2690 1321 2768 factum
1350 2690 1398 2768 de
1424 2689 1550 2769 eundo
1578 2689 1627 2766 ad
1649 2702 1822 2766 nostrum
1850 2685 2051 2763 exercitum

634 2817 819 2905 revocari,
835 2816 1007 2923 predicto
1022 2818 1179 2897 domino
1194 2819 1423 2898 contrarium
1437 2835 1644 2904 asserente,
1663 2815 1867 2893 addicente
1883 2842 1921 2891 se
1936 2812 2051 2893 luisse
2127 2821 2133 2830 '

612 2979 617 2986 ¹
635 2959 673 3022 et
685 2972 783 3035 esse,
798 2974 915 3053 perse
926 2964 965 3024 et
976 2975 1046 3055 per
1059 2976 1148 3027 suos
1160 2965 1428 3039 antecessores,
1444 2948 1484 3026 in
1499 2947 1599 3026 bona
1609 2945 1745 3052 saisina
1754 2943 1914 3022 faciendi
1926 2961 1963 3022 et
1972 2972 2052 3050 per

633 3073 798 3180 cipiendi
813 3076 999 3182 predicta,
1019 3095 1114 3156 etse
1130 3077 1271 3156 absolvi
1283 3095 1435 3184 petente
1453 3077 1501 3155 ab
1519 3076 1759 3184 impeticione
1774 3074 1941 3182 predicta
1960 3074 2050 3155 dicti

632 3206 787 3312 prioris;
805 3207 946 3312 quibus
966 3233 988 3282 a
1008 3206 1118 3284 dictis
1141 3207 1311 3313 partibus
1333 3207 1424 3284 binc
1449 3225 1489 3285 et
1511 3207 1599 3286 inde
1621 3205 1823 3314 propositis
1848 3222 1886 3282 et
1903 3205 2047 3312 petitis,

631 3336 770 3414 auditis
783 3335 997 3414 racionibus
1009 3353 1048 3414 et
1059 3336 1351 3444 allegacionibns
1365 3336 1603 3430 earumdem,
1618 3336 1740 3414 dictus
1753 3334 1967 3442 prepositus
1980 3334 2050 3411 dif-

630 3465 774 3544 finitive
790 3465 1044 3572 pronuntiavit
1063 3467 1208 3544 dictum
1228 3466 1394 3573 priorem
1414 3466 1669 3544 intencionem
1693 3494 1800 3543 suam
1822 3452 2067 3543 sufficienter'

629 3596 823 3703 probasse,
853 3596 996 3674 dictum
1023 3598 1225 3675 dominum
1253 3598 1380 3676 eidem
1406 3597 1527 3704 priori
1549 3596 1588 3675 in
1611 3597 1789 3704 predictis
1813 3625 1881 3703 per
1905 3595 2048 3674 dictum

630 3721 798 3831 priorem
818 3726 944 3833 petitis
960 3727 1240 3806 sentencialiter
1263 3727 1640 3834 condempnandum
1660 3755 1737 3834 quo
1754 3726 1943 3836 judicato,
1969 3744 2050 3804 tan·

630 3885 745 3961 quam
758 3855 851 3932 falso
866 3872 904 3932 et
919 3886 1048 3962 pravo,
1066 3887 1137 3965 per
1151 3858 1296 3936 dictum
1311 3858 1509 3936 dominum
1528 3858 1576 3935 ad
1593 3875 1758 3936 nostram
1774 3856 1915 3934 curiam
1930 3857 2050 3933 extitit

630 3984 861 4091 appellatum
871 3965 994 4066 :Visis
1006 3987 1122 4092 igitur
1136 3987 1237 4066 dicte
1251 4016 1360 4067 cause
1375 3986 1614 4094 processibus
1630 4005 1668 4065 et
1675 3987 1846 4096 judicato
1858 3985 2046 4093 predicto,

630 4141 699 4220 per
711 4115 815 4194 curis
829 4133 957 4194 nostre
968 4116 1176 4224 judicium,
1195 4118 1341 4196 dictum
1355 4117 1429 4195 luit
1442 4135 1483 4195 et
1495 4117 1785 4225 pronunciatum
1803 4116 1946 4194 dictum
1962 4146 2048 4224 pre·

630 4247 797 4350 positum
813 4245 913 4324 bene
922 4246 1129 4354 judicasse,
1151 4265 1190 4326 et
1206 4248 1420 4356 predictum
1438 4247 1639 4326 dominum
1651 4247 1749 4324 male
1766 4247 1987 4355 appellasse,
2010 4265 2047 4324 et

629 4376 737 4482 quod
752 4375 831 4482 ipse
850 4376 924 4454 boc
942 4379 1175 4469 emendabit,
1196 4379 1296 4458 salvo
1316 4396 1355 4458 et
1372 4396 1522 4457 retento
1541 4378 1642 4456 dicto
1657 4378 1813 4457 domino
1829 4379 1933 4485 quod
1949 4379 2044 4485 ipse,

629 4507 670 4583 in
679 4506 984 4597 suacastellania,
997 4537 1083 4586 cum
1098 4534 1194 4616 opus
1205 4508 1336 4600 fuerit,
1350 4527 1558 4592 monstram
1570 4508 1784 4617 generalem
1796 4508 1914 4616 possit
1925 4507 2044 4586 facere

627 4637 859 4743 proclamari.

684 4768 815 4846 Martis
833 4787 921 4876 post
937 4769 1270 4850 Circumcisionem
1288 4771 1454 4852 Domini.

683 4901 735 4978 Μ.
754 4901 786 4976 J.
805 4899 1020 4980 Anthonius
1037 4900 1252 5009 reportavit.

680 5158 809 5236 xxxi.
842 5161 942 5240 Cum
968 5161 1082 5242 irater
1104 5163 1353 5254 Amblardus,
1389 5167 1492 5272 prior
1520 5167 1706 5273 prioratus
1736 5165 1783 5244 de
1809 5165 2043 5254 Cardeliaco,

625 5287 737 5367 nobis
758 5292 986 5398 exposuisset
1012 5295 1135 5402 quod,
1162 5296 1244 5403 ipso
1269 5296 1450 5376 existente
1475 5299 1513 5374 in
1535 5298 1687 5405 pacifica
1706 5297 1940 5404 possessione
1961 5324 2045 5401 pre-

626 5415 716 5494 dicti
730 5420 934 5526 prioratus,
951 5452 995 5501 οι
1009 5423 1214 5504 collacione
1230 5426 1302 5507 sibi
1315 5424 1407 5506 lacta
1420 5455 1488 5534 per
1502 5428 1676 5508 abbatem
1692 5427 1847 5537 Figiaci,
1864 5426 1911 5503 ad
1930 5449 2042 5531 quem
