5817 7292
1008 1050 1276 1159 snoutres
1302 1070 1365 1141 ev
1392 1054 1599 1146 esoces.
1939 1074 2011 1146 osv

594 1207 768 1295 trarium,
783 1208 912 1285 multis
924 1196 1148 1302 rationibus,
1162 1226 1395 1319 proponente
1412 1208 1554 1287 dictum
1567 1210 1760 1288 Nicolaum
1776 1209 1824 1287 ad
1836 1212 2014 1316 premissa
2043 1228 2180 1283 -vmmsr
2194 1230 2238 1293 tv,

595 1337 756 1443 petenda
771 1367 847 1416 non
864 1337 1004 1416 debere
1023 1339 1187 1429 admitti,
1205 1355 1242 1417 et
1257 1340 1394 1419 dictam
1414 1341 1573 1418 domum
1590 1370 1632 1417 ex
1648 1341 1753 1449 justo
1771 1355 1810 1415 et
1828 1340 2014 1447 legittimo
2114 1321 2177 1363 Μ’

590 1460 723 1558 titulo,
745 1469 921 1547 videlicet
939 1498 982 1547 ex
1003 1498 1111 1547 causa
1128 1470 1345 1551 donacionis
1367 1500 1387 1549 a
1408 1472 1509 1549 dicto
1528 1472 1706 1580 magistro
1723 1472 1869 1577 Rogero
1890 1471 2014 1549 eidem

596 1598 654 1675 vel
675 1599 708 1676 ei
729 1627 750 1676 a
771 1628 849 1706 quo
869 1626 1017 1677 causum
1039 1600 1167 1693 habet,
1189 1600 1300 1709 longe
1321 1618 1407 1681 ante
1429 1602 1566 1680 dictam
1585 1601 1848 1679 vendicionem
1863 1597 2013 1692 factam,

595 1730 799 1834 pertinere,
821 1747 860 1807 et
878 1758 936 1822 se,
954 1758 998 1809 ex
1016 1731 1117 1807 dicto
1129 1731 1259 1824 titulo,
1278 1761 1358 1810 esse
1375 1751 1413 1810 et
1431 1760 1501 1841 per
1517 1748 1665 1809 tantum
1679 1749 1831 1838 tempus
1848 1728 1963 1809 luisse
1976 1730 2016 1806 in

596 1860 730 1937 saisina
746 1860 844 1939 dicte
867 1861 1002 1939 domus
1014 1878 1051 1938 et
1061 1862 1378 1967 pertinenciarum
1393 1862 1575 1969 ejusdem,
1595 1861 1700 1969 qnod
1715 1859 1888 1939 sufficere
1903 1860 2018 1938 debe—

595 1989 660 2066 bet
685 2006 724 2067 et
748 1988 886 2068 sufficit
916 1990 963 2067 ad
992 2019 1122 2067 verum
1148 1991 1361 2068 dominium
1389 2009 1427 2069 et
1451 1993 1725 2098 possessionem
1755 1989 2013 2077 retinendum,

595 2146 711 2223 quare
739 2118 887 2195 dicebat
912 2120 1009 2195 dicte
1035 2120 1241 2197 Thomassa
1262 2148 1302 2197 se
1322 2121 1369 2197 ab
1390 2120 1633 2226 impeticione
1657 2119 1745 2199 dicti
1765 2120 1925 2229 Nicolay,
1947 2150 2016 2227 per

595 2248 823 2327 sentenciam
839 2248 927 2325 dicti
939 2249 1130 2355 prepositi,
1145 2248 1320 2356 [debere]
1330 2278 1443 2358 super
1453 2250 1528 2327 hoc
1537 2251 1774 2361 absolvisqui
1784 2251 2012 2358 prepositus,

595 2376 733 2455 auditis
747 2376 857 2454 dictis
869 2378 1055 2484 partibus,
1074 2377 1211 2456 dictam
1224 2379 1395 2469 domum,
1413 2408 1500 2456 cnm
1511 2407 1580 2457 suo
1589 2380 1741 2486 jardinc
1755 2397 1792 2457 et
1806 2408 1938 2459 eorum
1951 2410 2017 2488 ap-

594 2507 830 2613 pendenciis,
849 2508 897 2584 ad
914 2508 1058 2585 dictum
1073 2507 1285 2599 Nicolaum,
1301 2528 1494 2614 tamquam
1506 2508 1722 2599 dominum,
1740 2538 1784 2586 ex
1797 2511 1917 2588 causis
1929 2539 2016 2616 pre·
2127 2502 2131 2508 ’

595 2636 724 2727 dictis,
745 2638 950 2743 pertinere,
975 2666 1053 2716 non
1072 2638 1307 2715 obstantibus
1329 2638 1531 2744 propositis
1553 2669 1597 2715 ex
1621 2640 1793 2733 adverso,
1815 2668 2013 2746 persuum

591 2766 780 2874 judicium
801 2767 1022 2858 declaravit;
1044 2796 1064 2845 a
1083 2796 1159 2875 quo
1174 2769 1360 2876 judicato,
1381 2786 1574 2875 tamquam
1597 2768 1688 2846 salso
1709 2787 1747 2846 et
1765 2796 1893 2876 pravo,
1916 2770 2015 2847 dicta

595 2897 801 2975 Thomassa
812 2897 861 2974 ad
869 2895 1049 2975 ballivum
1063 2897 1151 2976 dicti
1163 2898 1326 3005 episcopi
1341 2897 1551 3005 appellavit;
1561 2899 1628 3005 qui
1639 2896 1813 2991 ballivus,
1824 2928 2014 3009 persuum

590 3026 802 3135 judicium,
828 3028 1057 3105 sentenciam
1083 3027 1173 3105 dicti
1197 3027 1378 3134 prepositi
1398 3026 1656 3119 confirmavit,
1681 3058 1801 3137 aquo
1823 3030 2012 3138 judicato,

594 3172 788 3265 tamquam
807 3185 829 3234 a
848 3156 942 3235 lalso
956 3174 994 3234 et
1009 3172 1137 3264 pr'avo,
1152 3158 1250 3235 dicta
1264 3158 1470 3235 Tlromassa
1485 3157 1533 3235 ad
1553 3176 1719 3236 nostram
1732 3162 1875 3237 curiam
1889 3162 2016 3269 appel-

596 3284 709 3364 lavit:
734 3287 831 3366 Visis
855 3288 985 3395 igitur,
1009 3316 1076 3395 per
1100 3289 1243 3365 curiam
1267 3305 1451 3376 nostram,
1477 3289 1566 3365 actis
1591 3306 1630 3367 et
1652 3282 1890 3395 processibus
1915 3292 2014 3369 dicte

594 3446 722 3507 cause,
750 3418 1061 3524 deposicionibus
1076 3420 1231 3496 testium
1256 3433 1293 3493 et
1317 3417 1451 3495 litteris
1476 3419 1516 3494 in
1537 3419 1696 3496 modum
1724 3420 1963 3527 probacionis
1994 3450 2015 3497 a

594 3549 763 3653 partibus
794 3549 987 3655 productis
1020 3549 1170 3655 plenius
1198 3546 1415 3636 intellectis,
1449 3550 1538 3654 qnia
1567 3549 1760 3628 inventum
1793 3567 1850 3628 est
1876 3551 2014 3628 dictam

595 3679 858 3767 Thomassam,
876 3707 920 3755 ex
932 3677 1117 3783 legittimo
1132 3676 1256 3765 titulo,
1278 3678 1318 3753 iu
1331 3678 1567 3782 possessione
1588 3677 1687 3755 dicte
1703 3680 1858 3765 domus,
1873 3680 2013 3785 jardini

596 3826 634 3885 et
652 3806 971 3914 pertinenciarum
987 3807 1180 3914 ejusdem,
1202 3806 1313 3915 longe
1333 3823 1418 3883 ante
1440 3807 1577 3883 dictam
1599 3805 1862 3883 vendicionem
1881 3806 2013 3886 lactem

595 3939 644 4017 de
673 3938 864 4044 premissis
889 3936 1014 4014 eidem
1036 3936 1205 4027 Nicolao,
1228 3936 1412 4042 extitisse,
1431 3963 1500 4041 per
1523 3936 1626 4013 curie
1648 3951 1775 4013 nostre
1798 3937 2010 4045 judicium,

596 4066 739 4145 dictum
758 4066 831 4145 luit
850 4068 971 4145 dictos
985 4067 1219 4176 prepositum
1238 4084 1276 4145 et
1289 4066 1469 4145 ballivum
1481 4066 1580 4144 male
1592 4065 1800 4172 judicasse,
1822 4084 1860 4145 et
1874 4068 2011 4146 dictam

595 4197 840 4277 Thomassam
859 4199 958 4276 bene
986 4197 1207 4305 appellasse,
1232 4214 1271 4275 et
1288 4198 1406 4303 ipsam
1431 4197 1470 4272 in
1489 4195 1722 4302 possessione
1742 4198 2012 4302 premissorum

595 4354 788 4407 remanere
803 4327 963 4416 debere,
985 4346 1021 4407 et
1041 4328 1145 4436 quod
1166 4329 1288 4407 dictus
1306 4328 1466 4405 ballivus
1480 4327 1554 4405 hoc
1567 4328 1796 4410 emendabit.

650 4458 807 4537 Veneris
820 4475 905 4537 ente
920 4459 1179 4540 Pentecosten.

651 4590 753 4696 Roya
763 4588 975 4695 reportavit.

650 4852 774 4931 XXVI.
805 4852 888 4931 Lite
912 4870 1031 4942 mota,
1058 4881 1184 4932 coram
1211 4855 1401 4961 preposito
1422 4852 1698 4945 Aurelianensi,
1719 4855 1816 4932 inter
1840 4884 2014 4963 procura-

593 4998 717 5061 torem
737 5000 927 5075 nostrum,
944 5012 990 5062 ex
1007 5002 1111 5091 parte
1133 5014 1223 5074 una,
1243 5003 1281 5063 et
1294 4985 1540 5065 Lancelotum
1559 4988 1682 5077 Barat,
1698 4986 1876 5076 militem,
1896 5014 1940 5063 er
1958 4988 2013 5065 al·

594 5126 689 5201 tera,
703 5138 816 5218 snper
829 5142 874 5191 eo
889 5114 995 5223 quod
1005 5116 1108 5193 idem
1118 5134 1348 5223 procurator,
1361 5108 1489 5195 nostro
1500 5116 1653 5194 nomine
1665 5116 1899 5223 proponebat
1908 5115 2013 5222 quod

597 5238 719 5317 dictus
737 5241 846 5321 miles
865 5244 1036 5324 indebite
1055 5246 1243 5325 nitebatur
1261 5246 1382 5325 levare
1401 5248 1589 5354 quandam
1609 5264 1816 5325 costumam
1833 5274 1853 5320 a
1871 5272 2012 5321 merca-

596 5366 739 5447 toribus
759 5375 971 5455 ementibus
987 5395 1024 5455 et
1043 5378 1288 5458 vendentibus
1307 5378 1480 5457 animalia
1500 5378 1538 5455 in
1559 5395 1722 5455 mercato
1737 5373 2008 5466 Aurelianensi,

703 5552 754 5595 ees
774 5554 856 5596 omu¹
881 5558 926 5599 sn.
1864 5534 1905 5598 8³
