5817 7292
892 1110 964 1184 lor
1469 1119 1559 1193 Les
1585 1122 1733 1198 otltt.

656 1252 850 1392 ,resiliant
945 1252 1051 1331 Creci
1073 1257 1286 1363 reportavit.

944 1389 1048 1466 ls'tnd
1067 1392 1282 1499 judicatum
1307 1420 1480 1473 excausa
1509 1423 1585 1475 non
1604 1397 1681 1476 tuit
1699 1398 1954 1506 publicatum,
1979 1432 2051 1481 nec
2074 1406 2123 1485 de
2152 1408 2225 1487 boc
2250 1412 2316 1489 liat

887 1522 1011 1604 littera
1031 1528 1078 1605 ad
1096 1553 1263 1639 presens.
1287 1530 1348 1608 Sic
1366 1532 1535 1640 precepit
1553 1531 1668 1610 michi
1688 1534 1871 1611 dominus
1890 1532 1936 1613 G.
1959 1535 2008 1613 de
2028 1539 2249 1648 Nogareto¹.

943 1804 1019 1883 XV.
1051 1802 1148 1881 Cum
1174 1798 1381 1907 capitulum
1409 1816 1446 1876 et
1470 1812 1603 1874 cantor
1625 1797 1977 1877 Sancti-Frontonis
2001 1800 2315 1912 Petragoricensis

886 1935 997 2015 nobis
1013 1932 1208 2041 conquesti
1222 1929 1381 2009 tuissent
1395 1929 1517 2038 quod,
1537 1928 1625 2007 licet
1640 1930 1687 2007 ab
1701 1928 1898 2007 audiencia
1912 1932 2017 2010 narie
2027 1932 2200 2011 ceteram
2214 1936 2313 2015 dicte
2416 1952 2423 1965 “

886 2066 1058 2155 ecclesie,
1080 2083 1154 2172 qne
1174 2079 1328 2142 tenetur
1346 2062 1385 2139 in
1403 2062 1600 2169 parrochia
1620 2061 1968 2140 Sancti-Frontonis
1984 2065 2163 2172 predicti,
2183 2068 2232 2145 ad
2246 2097 2313 2147 au·

886 2198 1072 2279 dienciam
1089 2196 1191 2275 curie
1205 2188 1297 2271 dicti
1313 2192 1483 2304 capituli,
1499 2192 1734 2271 consueverit
1746 2193 1946 2301 appellari,
1959 2195 2160 2303 ipsumque
2172 2200 2311 2305 capitu-

886 2332 968 2411 lum
993 2362 1013 2407 a
1034 2346 1138 2407 tanto
1158 2346 1327 2436 tempore
1348 2325 1395 2405 de
1416 2324 1523 2434 cujus
1542 2324 1730 2404 contrario
1748 2326 1933 2405 memoria
1952 2354 2029 2405 om
2048 2329 2185 2420 existit,
2203 2330 2253 2407 sit
2269 2348 2309 2409 et

883 2462 998 2542 luerit
1020 2460 1060 2539 in
1085 2460 1319 2568 possessione
1343 2454 1497 2564 pacifica
1519 2457 1775 2566 cognoscendi
1796 2458 1844 2535 de
1869 2458 1989 2537 causis
2007 2459 2307 2567 appellacionum

884 2592 1103 2702 hujusmodi
1130 2608 1168 2669 et
1197 2587 1408 2667 diffiniendi
1435 2588 1603 2680 easdem,
1627 2607 1673 2666 ut
1698 2585 1848 2681 dicunt,
1872 2590 2115 2699 inquisitores
2138 2620 2261 2699 nuper
2286 2624 2307 2670 a

884 2724 993 2802 nobis
1014 2722 1052 2799 in
1072 2720 1289 2801 senescallia
1308 2718 1602 2827 petragoricensi
1624 2718 1795 2827 deputati
1815 2720 2082 2816 inhibuerunt,
2096 2740 2141 2801 ut
2155 2722 2304 2814 dicitur,

881 2852 1106 2961 generaliter
1123 2868 1164 2931 et
1184 2853 1232 2931 de
1252 2852 1466 2940 novariae
1485 2877 1596 2929 causa
1619 2850 1856 2940 racionabili,
1876 2880 1927 2930 ne
1949 2852 1999 2931 de
2018 2872 2144 2933 cetero
2162 2884 2185 2933 a
2204 2858 2306 2935 curia

881 2986 1049 3066 celerarii
1065 2984 1221 3092 predicti
1236 2983 1282 3060 ad
1296 2982 1436 3061 ottriam
1452 2980 1713 3088 dicti-capituli
1725 2981 1950 3089 appelletur,
1964 3002 2019 3073 et,
2032 2985 2304 3092 siappellatnm

880 3114 1009 3206 luerit,
1031 3113 1237 3224 appellacio
1256 3112 1476 3223 hujusmodi
1496 3111 1639 3190 nullius
1657 3113 1706 3189 sit
1724 3115 1924 3205 momenti,
1938 3113 2055 3204 item,
2079 3118 2202 3223 quod,
2218 3118 2306 3198 licet

879 3274 993 3355 super
1012 3245 1308 3325 alienacionibus
1327 3272 1455 3323 rerum
1474 3239 1749 3334 immobilium,
1777 3244 1933 3323 sitarum
1952 3245 2048 3324 infra
2071 3276 2200 3327 mums
2218 3278 2302 3356 pre-

879 3378 977 3455 dicte
998 3376 1210 3485 parrochie,
1231 3374 1494 3453 conmeverins
1506 3372 1592 3451 fieri
1610 3374 1736 3451 littere
1750 3374 2038 3465 testimoniales,
2051 3376 2166 3455 unico
2176 3378 2300 3486 sigillo

878 3505 968 3585 dicti
988 3506 1141 3616 capituli
1160 3534 1228 3614 per
1246 3528 1400 3583 manum
1418 3506 1582 3583 cantoris
1598 3504 1772 3615 ejusdem
1785 3505 1942 3583 ecclesie
1963 3504 2138 3613 sigillare,
2160 3509 2301 3616 quibus

877 3636 1011 3717 litteris
1032 3638 1234 3718 adhibetur
1253 3654 1291 3715 et
1314 3638 1497 3716 hactenus
1516 3636 1690 3716 adhiberi
1715 3634 1908 3714 monuerit
1925 3635 2042 3743 plena
2061 3636 2159 3719 fides
2182 3639 2221 3717 in
2236 3640 2299 3748 jn·

876 3769 983 3849 diciis
1003 3788 1041 3848 et
1063 3788 1179 3863 extra,
1201 3786 1404 3879 cantorque
1427 3770 1620 3877 predictus
1644 3768 1947 3847 emolumentum
1972 3767 2063 3847 dicti
2085 3768 2216 3878 sigilli,
2241 3798 2299 3850 ra-

875 3903 982 3982 cione
1004 3930 1070 3981 sue
1086 3902 1251 3981 cantorie
1272 3921 1310 3980 et
1329 3929 1406 3980 non
1423 3900 1596 4010 capituli,
1615 3901 1808 4008 percipere
1828 3900 2065 3979 consueverit
2078 3902 2126 3978 de
2143 3903 2299 4012 antiqua

874 4049 912 4111 et
931 4034 1133 4142 approbata
1149 4033 1445 4123 consuetudine,
1467 4050 1513 4111 ut
1531 4033 1663 4111 asserit
1676 4032 1779 4111 idem
1800 4050 1941 4125 cantor,
1964 4048 2108 4111 atmto
2126 4048 2296 4144 tempore
2339 4100 2344 4109 .

874 4166 921 4242 de
942 4164 1050 4274 cujus
1070 4166 1256 4245 contrario
1274 4165 1464 4243 ’memoria
1483 4191 1562 4242 non
1581 4163 1724 4254 existit,
1742 4164 1838 4241 dicti
1859 4164 2103 4273 inquisitores
2116 4165 2296 4245 idribne·

871 4314 976 4389 runt,
997 4314 1040 4375 ut
1063 4296 1212 4387 dicitur,
1235 4314 1273 4375 et
1292 4296 1475 4385 decoro,
1502 4321 1551 4373 ne
1569 4296 1820 4373 instrumenta
1839 4323 1953 4403 super
1971 4295 2191 4405 hujusmodi
2210 4296 2296 4375 alie·

871 4422 1091 4507 nacionibus
1110 4452 1237 4506 rerum
1254 4426 1512 4507 immobilium
1532 4426 1630 4505 dicte
1646 4426 1735 4504 ville
1754 4426 1880 4533 sigillo
1900 4426 1990 4504 dicti
2008 4427 2162 4533 capituli
2181 4429 2294 4507 unico

871 4553 1047 4668 deinceps
1071 4556 1299 4669 sigihertum
1324 4560 1432 4652 item,
1457 4558 1581 4667 prod,
1608 4558 1700 4637 lieet
1721 4556 1936 4666 jurisdictio
1958 4559 2180 4666 tmpordis
2207 4560 2294 4639 rills

869 4688 1338 4770 Pedii-Sancti·Frontonis
1361 4690 1676 4799 Petragoricensis
1699 4688 1886 4768 incensis
1908 4677 2080 4770 civilibus
2105 4708 2144 4768 ct
2166 4691 2292 4767 crimi-

868 4816 1017 4899 nalibus
1031 4820 1149 4900 ‘nobis
1167 4838 1204 4899 et
1223 4822 1323 4901 dicto
1344 4822 1508 4929 capitulo
1523 4849 1592 4930 pro
1611 4818 1771 4898 indiviso
1790 4820 2076 4910 sitoommunis,
2092 4848 2237 4926 nosque
2253 4839 2291 4898 et

866 4951 988 5058 ipsum
1011 4951 1218 5062 capituhrm
1237 4954 1357 5033 'simus
1379 4970 1417 5031 et
1435 4952 1621 5032 fuerimus
1638 4952 1678 5029 in
1698 4952 1932 5060 possessione
1944 4951 2102 5029 ‹emandi
2122 4952 2291 5031 marios

865 5082 1038 5187 publicos
1061 5085 1108 5163 ad
1133 5084 1411 5163 conficiendum
1435 5084 1577 5164 litteras
1599 5103 1638 5163 et
1655 5086 1903 5162 instrumenta
1922 5081 2073 5189 psrblica
2087 5081 2289 5189 sigillanda

865 5215 988 5321 sigillo
1004 5219 1197 5296 communi
1217 5218 1329 5298 nobis
1349 5238 1385 5297 et
1404 5219 1568 5327 capitulo
1583 5236 1807 5309 memorato,
1822 5216 2039 5322 litterasque
2053 5215 2287 5293 concedendi

908 5399 914 5429 ¹
940 5401 984 5461 En
1003 5401 1081 5474 effet,
1102 5426 1136 5465 ce
1150 5407 1304 5490 jugement
1321 5418 1365 5467 est
1381 5404 1465 5467 barre
1479 5406 1538 5467 dia·
1614 5391 1758 5490 premiere
1766 5402 1875 5489 syllabe
1885 5414 1930 5463 est
1944 5424 1983 5463 au
1996 5412 2248 5463 commencement
2259 5414 2288 5462 et

864 5507 1052 5590 gonalement
1070 5532 1138 5577 avec
1158 5508 1187 5573 le
1211 5524 1273 5574 mot
1291 5532 1392 5582 vscsr,
1415 5510 1489 5572 dont
1510 5509 1538 5572 ln
1613 5508 1641 5570 ln
1657 5509 1789 5572 demitte
1803 5506 1860 5570 lla
1873 5506 1917 5569 lin
1931 5504 2008 5569 dela
2020 5503 2182 5588 diagonale.
