5817 7292
1049 1094 1320 1203 saoneres
1344 1115 1410 1186 nr
1436 1097 1646 1189 enonas.
1985 1121 2056 1194 aot

613 1270 621 1288 ¹
636 1279 726 1330 nem
741 1249 893 1360 Nicolay
912 1251 958 1328 sd
978 1279 1019 1330 se
1039 1254 1198 1344 remitti,
1217 1254 1297 1364 jun'
1310 1254 1524 1362 pariturum
1539 1281 1665 1334 coram
1679 1283 1745 1343 eo,
1767 1283 1881 1364 super
1895 1260 2059 1367 quodam
2100 1289 2229 1344 misma
2242 1279 2285 1340 ιν.

636 1383 734 1461 iacto
748 1383 798 1461 de
813 1410 892 1490 que
906 1383 985 1490 ipse
1005 1385 1274 1494 insequebatur
1291 1387 1475 1479 eundem,
1491 1387 1642 1464 racione
1661 1386 1857 1494 cujusdem
1871 1389 1981 1496 pueri
2002 1392 2061 1468 in·

637 1514 739 1592 venti
764 1514 902 1591 monui
922 1514 963 1592 in
986 1516 1123 1597 vivario
1144 1516 1236 1596 dicti
1253 1518 1450 1609 Johannie,
1475 1535 1513 1596 et
1533 1517 1711 1597 dominus
1729 1519 1908 1610 Karalus,
1926 1549 2062 1629 propo,

638 1673 735 1723 nens
747 1644 915 1724 eundem
929 1647 1142 1726 Iohannem
1159 1675 1240 1728 esse
1249 1649 1519 1756 justiciabilem
1535 1678 1648 1726 suum
1666 1665 1705 1726 et
1720 1649 1791 1728 suh
1808 1679 1848 1729 se
1862 1651 2062 1730 cibantem

640 1793 679 1852 et
696 1774 882 1852 levantem
895 1791 935 1852 et
948 1803 1027 1854 uon
1045 1777 1162 1858 fuisse
1180 1778 1377 1890 subdicto
1398 1780 1555 1858 domiuo
1570 1779 1743 1856 Mailliaci
1763 1781 1802 1858 in
1818 1782 1983 1888 presenti
2004 1784 2066 1860 de·

2162 1379 2224 1424 1306,

639 1905 729 1984 dicto
753 1907 964 1994 inventum,
993 1907 1042 1985 de
1072 1909 1175 1987 dicto
1205 1909 1377 1986 Johanne
1404 1909 1558 2016 petebat
1583 1909 1724 1988 curiam
1745 1910 1815 1990 sihi
1836 1913 1962 2000 reddi,
1982 1911 2064 2020 ipso

639 2036 810 2114 Johanne
819 2033 995 2113 similiter
1007 2054 1162 2142 petente
1174 2065 1215 2114 se
1230 2037 1281 2116 ad
1295 2038 1440 2114 dictum
1457 2040 1656 2118 domiuum
1672 2039 1871 2132 Karolum‚
1884 2056 2064 2148 tmquam

640 2167 839 2244 dominum
854 2195 987 2256 suum,
1002 2168 1166 2256 remitti,
1185 2183 1286 2246 certe
1304 2169 1590 2248 commissiones
1610 2198 1677 2276 per
1692 2170 1836 2248 curiam
1858 2170 1955 2250 facte
1973 2172 2066 2250 fuis·

638 2314 740 2389 sent,
756 2296 881 2404 primo
893 2296 1033 2376 ballivo
1051 2298 1287 2387 Turonensi,
1309 2327 1352 2376 ac
1364 2297 1505 2378 deinde
1522 2300 1772 2381 Thesaurario
1787 2299 2064 2410 Andegavensi:

639 2427 829 2518 Tandem,
842 2428 921 2506 riso
934 2455 1049 2536 super
1067 2430 1142 2509 hoc
1153 2429 1345 2508 dictorum
1359 2430 1705 2508 commissariorum
1724 2459 1921 2539 processu,
1944 2450 1983 2512 et
2002 2461 2065 2511 au·

640 2557 719 2635 dita
743 2587 878 2638 eorum
901 2559 1109 2651 relacione,
1135 2589 1206 2667 per
1224 2577 1409 2638 arrestum
1434 2561 1557 2648 curie,
1579 2561 1826 2640 redditafuit
1853 2591 1966 2670 super
1995 2564 2066 2642 hoc

641 2688 743 2766 curis
763 2688 920 2766 domino
934 2688 1073 2768 Karnlo
1091 2690 1276 2797 predicto.

698 2819 828 2896 Martis
843 2835 930 2897 ante
945 2821 1180 2898 Nativitatem
1194 2819 1361 2898 Domini.

698 2949 973 3028 Thesaurmius
999 2948 1276 3058 Andegasensis
1302 2949 1417 3030 hahet
1440 2974 1678 3054 processum,
1704 2969 1742 3028 et
1771 2951 1886 3030 debet
1906 2952 2068 3032 reddere

643 3081 801 3162 domino
820 3079 971 3160 Karolo.

698 3345 825 3422 XXIV.
857 3344 981 3451 Super
1001 3343 1230 3451 quibusdam
1251 3343 1416 3452 injuriis,
1436 3342 1633 3422 violenciis
1647 3361 1689 3421 et
1703 3344 1878 3452 dampnis
1891 3343 2015 3424 abbeti
2031 3365 2070 3426 at

643 3475 843 3555 conventui
866 3474 915 3552 de
932 3475 1172 3565 Chaminnn,
1195 3492 1234 3552 et
1253 3502 1388 3554 eorum
1407 3475 1584 3582 gentihus
1603 3493 1642 3553 et
1661 3474 1812 3553 cuidam
1832 3478 1967 3554 scruin
1985 3503 2072 3556 con-

642 3634 765 3699 verso,
791 3623 832 3685 et
853 3607 1015 3684 maxime
1040 3606 1080 3682 in
1105 3605 1329 3684 nemoribus
1357 3605 1601 3695 eorumdem,
1628 3633 1696 3714 per
1720 3605 1894 3684 homines
1915 3606 2005 3684 viile
2024 3605 2070 3684 de

645 3738 984 3819 Chamon-Villa
1003 3765 1128 3844 nuper
1147 3737 1277 3828 illatis,
1298 3715 1430 3815 contra
1448 3735 1757 3844 prohibicionem
1786 3737 1983 3815 servientis
2002 3740 2070 3818 do-

644 3869 739 3945 mini
761 3867 889 3978 Regis,
912 3870 1103 3976 inquesta,
1129 3869 1177 3946 de
1200 3868 1549 3976 mandatodomiui
1567 3867 1699 3976 Regis,
1720 3865 1861 3944 vocatis
1882 3865 2068 3972 partibus,

644 3996 754 4086 facta,
774 3999 851 4076 visa
866 4015 904 4076 et
925 3999 1125 4106 diligenter
1138 3999 1361 4090 examinata,
1377 4025 1446 4105 per
1455 3997 1563 4074 curie
1580 4013 1708 4074 nostre
1718 3995 1925 4104 judicium,
1948 3997 2072 4075 homi-

646 4156 713 4205 nes
735 4128 914 4235 predicti,
937 4130 1169 4210 considerata
1188 4128 1288 4208 dicte
1309 4128 1399 4206 ville
1418 4126 1702 4216 combustione,
1724 4126 1903 4234 predictis
1922 4125 2073 4235 reiigio-

645 4259 715 4351 sis,
729 4286 799 4365 pro
816 4259 989 4366 dampnis
1002 4278 1040 4338 et
1057 4260 1206 4368 injuriis
1222 4288 1371 4353 eorum,
1391 4260 1432 4335 in
1443 4257 1576 4366 viginti
1595 4257 1719 4350 libris,
1737 4275 1775 4334 et
1789 4257 1945 4334 domino
1960 4258 2070 4366 Regi,

645 4418 715 4495 pro
740 4387 902 4466 emenda
930 4418 1013 4479 sua,
1042 4391 1083 4467 in
1107 4391 1296 4499 sexaginta
1317 4389 1424 4468 libris
1448 4414 1651 4496 parvorum
1678 4386 1868 4467 bonorum
1898 4387 2075 4466 Parisien·

646 4519 770 4610 sium,
790 4519 1056 4626 condempnati
1071 4521 1238 4600 fuemnt.

704 4650 832 4730 Martis
850 4668 937 4730 ante
956 4651 1194 4732 Nativitatem
1211 4652 1379 4732 Domini.

595 4864 601 4878 ,
703 4782 879 4860 Bocellus
896 4785 1111 4890 reportavit.

704 5065 814 5144 XXV.
844 5065 944 5143 Cum
969 5083 1073 5144 mota
1098 5065 1229 5145 fuisset
1255 5067 1506 5162 conuoversia
1533 5066 1633 5144 inter
1658 5065 1854 5144 dominam
1874 5064 1922 5143 de
1943 5064 2075 5145 Crese-

647 5218 758 5301 ques,
783 5197 940 5274 nomine
966 5196 1120 5276 heredis
1145 5197 1193 5276 de
1219 5198 1443 5307 Creseques,
1466 5226 1511 5275 ex
1536 5227 1612 5278 una
1638 5213 1761 5306 parte,
1790 5215 1829 5275 et
1856 5195 2075 5304 episcopum

648 5324 923 5415 Mutinensem,
950 5353 995 5404 er
1020 5325 1152 5415 altera,
1180 5357 1295 5436 super
1319 5357 1366 5410 eo
1392 5327 1500 5438 quod
1531 5327 1630 5406 dicta
1661 5327 1832 5416 domina,
1860 5349 2075 5434 proponens

650 5453 770 5560 quod,
785 5474 873 5562 post
889 5456 1194 5563 prohibicionem
1214 5477 1253 5538 et
1272 5459 1467 5540 defensam
1481 5485 1552 5565 per
1565 5459 1764 5539 dominum
1785 5461 1925 5566 Regem
1939 5453 2074 5531 factam

757 5629 810 5672 aas
829 5630 911 5673 οιιιι.
935 5633 983 5674 ιιι.
1259 5678 1266 5690 .
1909 5607 1949 5670 ab
