5817 7292
859 1133 929 1210 1⁴86
1430 1129 1521 1207 LES
1562 1129 1700 1207 oblat.

631 1283 762 1339 aarum
774 1283 817 1347 tv,
854 1277 960 1385 quod
974 1276 1071 1382 ipse,
1088 1271 1136 1350 ad
1156 1273 1492 1352 denunciamonem
1511 1271 1766 1380 quorumdum
1785 1268 1948 1350 aliorum
1961 1269 2186 1378 juoeorum,
2208 1298 2276 1378 pso

691 1375 755 1420 roos.
853 1405 1066 1514 suspicione
1098 1404 1351 1511 quorumdam
1374 1431 1589 1510 pannorum
1613 1401 1838 1494 iuratorum,
1870 1401 2029 1480 eosdem.
2052 1400 2184 1479 brues
2205 1421 2278 1482 tor-

854 1537 993 1616 mentis
1007 1551 1269 1642 supposuerat,
1286 1552 1326 1612 et
1337 1533 1458 1611 multa
1470 1534 1633 1640 dampna
1647 1531 1790 1610 eisdem
1806 1549 1845 1610 et
1858 1559 1990 1610 eorum
2010 1531 2106 1638 patri
2125 1550 2279 1639 psopter

854 1671 927 1747 boc
946 1666 1125 1744 intulerat
1139 1665 1294 1772 injuste,
1310 1663 1476 1770 ideoque
1492 1679 1666 1770 peterent
1679 1662 1779 1740 diota
1798 1664 1959 1769 dampna
1975 1653 2096 1770 usqne
2111 1663 2160 1740 ad
2176 1691 2280 1742 surn-
2341 1749 2346 1756 ,

855 1827 955 1876 mam
977 1798 1140 1874 duorum
1159 1791 1322 1871 millium
1337 1793 1521 1872 librarum
1538 1794 1820 1872 Turonensium
1836 1793 1908 1872 sibi
1928 1794 2056 1882 reddi,
2076 1810 2118 1872 et
2135 1793 2278 1870 diotmn

854 1928 1033 2006 ballivum
1056 1923 1127 2004 sibi
1151 1924 1294 2002 adhoc
1317 1922 1604 2030 condempnari3
1632 1941 1671 2000 at
1694 1941 1868 2002 econtra
1892 1923 2016 2002 dictus
2035 1924 2209 2014 ballius,
2232 1927 2281 2002 ad

855 2061 913 2138 sui
930 2051 1187 2136 defensionem
1203 2084 1418 2163 proponens
1434 2055 1541 2161 quod
1553 2049 1640 2161 'ipse
1658 2055 1755 2132 bene
1777 2073 1815 2132 et
1826 2055 1929 2162 juste
1944 2055 2082 2133 lecerat
2096 2056 2278 2164 quicquid

856 2218 925 2297 per
937 2190 1062 2297 ipsum
1077 2187 1218 2266 facturn
1232 2186 1354 2264 linerat
1369 2187 1407 2263 in
1422 2186 1618 2292 predictis,
1637 2186 1706 2262 ad¹
1722 2185 1963 2292 impaticions
1977 2187 2145 2294 predicta
2159 2187 2278 2263 dicto·

855 2349 942 2399 rum
955 2319 1163 2428 judeorum
1186 2334 1333 2426 peteret
1354 2345 1394 2394 se
1418 2315 1576 2410 absolvi,
1597 2318 1794 2423 requirens
1815 2318 1920 2426 quod
1943 2335 2071 2396 contra
2091 2317 2279 2424 predictos
2327 2347 2329 2354 ·

856 2451 989 2530 batres
1015 2449 1300 2560 procederetur,
1321 2464 1502 2554 tanquam
1527 2465 1655 2525 contra
1677 2466 1868 2556 suspectus
1892 2448 1941 2527 de
1966 2448 2067 2526 furto
2091 2449 2277 2555 predicto,

858 2586 1017 2660 maxime
1043 2609 1129 2659 cum
1149 2581 1243 2658 alter
1262 2607 1397 2658 eorum
1416 2579 1611 2658 confessus
1629 2579 1762 2670 luerit,
1785 2598 1828 2658 ut
1847 2581 2010 2674 dicebat,
2027 2611 2068 2659 se
2089 2579 2280 2658 conscium

858 2715 948 2791 dicti
974 2713 1087 2805 lurti3
1113 2711 1222 2790 dictis
1245 2709 1423 2790 fratribus
1449 2739 1470 2787 e
1495 2727 1624 2788 contra
1647 2712 1945 2818 proponentibus
1970 2711 2108 2788 dictam
2136 2709 2282 2788 conlea-

858 2845 1004 2921 sionem
1025 2872 1095 2949 per
1114 2842 1336 2921 violenciam
1357 2858 1637 2920 tormentorum
1658 2839 1774 2920 luisse
1795 2859 1992 2930 extortam,
2011 2859 2048 2920 et
2064 2840 2283 2950 petentibus

859 3002 898 3053 sc
911 2971 1053 3053 absolvi
1075 3004 1095 3050 a
1115 2974 1212 3051 facto
1230 2973 1401 3080 predicto
1414 3006 1423 3050 ε
1436 2973 1627 3065 Tandem,
1649 2974 1786 3052 auditis
1801 2973 1994 3052 hincinde
2010 2971 2229 3080 propositis,
2247 2989 2284 3048 et

857 3108 943 3188 visis
962 3106 1202 3214 processibus
1220 3134 1335 3213 super
1353 3108 1428 3184 hoc
1442 3103 1568 3195 factis,
1584 3133 1654 3212 per
1672 3106 1776 3185 curie
1794 3124 1920 3184 nostre
1935 3107 2141 3213 judicium,
2163 3105 2284 3182 dictus

857 3239 1018 3320 ballivus
1042 3237 1089 3314 ab
1109 3237 1352 3343 impeticione
1371 3235 1539 3344 predicta
1560 3235 1748 3313 dictorum
1763 3237 1985 3344 judeorum,
2013 3254 2050 3312 et
2071 3235 2159 3313 dieti
2175 3235 2283 3342 judei

859 3401 879 3448 a
898 3369 1111 3475 suspicione
1130 3367 1289 3475 predicti
1307 3365 1397 3444 furti
1411 3365 2044 3445 sentencialiter-absolutifirerunt.

915 3499 1090 3577 Mercurii
1108 3515 1194 3575 ante
1213 3500 1392 3576 Sanctum
1406 3496 1627 3574 Barnabam.

915 3628 1102 3708 Dominus
1120 3629 1165 3704 H.
1188 3627 1235 3704 da
1255 3626 1359 3706 Cella
1380 3626 1593 3733 reportavit.

916 3896 992 3972 Lll.
1017 3894 1119 3973 ¹Cum
1141 3895 1284 4002 Symon
1304 3911 1342 3970 et
1358 3892 1548 3970 lohannes
1568 3892 1659 3970 dicti
1680 3891 1813 3982 Melet,
1832 3892 1978 3981 iratres,
2001 3918 2095 3970 uxor
2113 3890 2204 3969 dicti
2225 3893 2286 3968 l'o-

860 4024 1012 4117 bannis,
1028 4022 1258 4104 Guillelmus
1272 4024 1309 4102 le
1323 4025 1523 4115 Normant,
1539 4021 1672 4100 Petrus
1685 4023 1733 4100 de
1750 4024 1915 4131 Lannoy,
1932 4023 2104 4129 Philippa
2119 4019 2287 4100 deValli·

860 4158 949 4247 bus,
966 4157 1117 4234 Alisone
1135 4173 1173 4234 et
1191 4156 1266 4235 due
1285 4153 1364 4232 filie
1386 4152 1484 4232 dicte
1504 4152 1733 4260 Philippeos
1751 4155 1897 4232 Huetns
1911 4154 2035 4232 dictvrs
2053 4149 2284 4241 Marobeant,

863 4291 965 4365 curie
980 4306 1108 4367 nostre
1129 4285 1343 4364 denunciati
1363 4285 1524 4363 luissent
1544 4283 1750 4392 culpabiles
1769 4286 1961 4365 demorsa
1981 4283 2194 4375 lohanneti,
2217 4280 2285 4358 lilii

863 4417 1042 4495 lobannis
1061 4419 1095 4496 la
1116 4420 1256 4507 Troes,
1280 4418 1328 4495 de
1348 4416 1621 4509 Calvo-Monte,
1643 4417 1850 4524 superbiis
1873 4445 1917 4494 ex
1937 4416 2060 4494 officio
2080 4431 2209 4493 nostro
2231 4414 2288 4492 iu-

864 4549 964 4655 quiri
979 4547 1138 4625 lecimus
1149 4549 1364 4625 veritatem:
1382 4549 1468 4626 Visa
1481 4549 1597 4656 igitur
1612 4549 1784 4656 inquesta
1799 4577 1914 4656 snper
1928 4549 2001 4626 hoc
2015 4547 2124 4638 facta,
2141 4546 2289 4652 predic-

863 4696 925 4754 tos
948 4677 1210 4765 denunciatos,
1234 4707 1302 4783 per
1317 4678 1424 4764 ,curie
1450 4697 1576 4756 nostre
1593 4680 1796 4787 judicium,
1820 4680 1866 4760 ab
1889 4676 2110 4786 hujusmodi
2132 4674 2288 4750 homici-

867 4807 930 4885 dio
945 4805 1121 4884 duximus
1136 4807 1287 4913 penitus
1300 4806 1562 4899 absolvendos,
1584 4810 1753 4916 predicto
1763 4811 1888 4886 Hueto
1903 4809 2095 4885 dumtaxat
2115 4821 2285 4911 excepto,

867 4967 998 5044 quem,
1016 4936 1104 5014 licet
1120 4936 1242 5014 dictus
1255 4937 1489 5015 Jehannatus
1506 4968 1653 5018 causam
1667 4940 1800 5018 mortis
1813 4938 1965 5046 proprie
1982 4936 2054 5014 sibi
2067 4934 2217 5014 dedisse
2231 4963 2289 5012 re-

866 5085 996 5174 pertus
1024 5067 1158 5158 luerit,
1184 5069 1476 5159 nichilominus,
1500 5070 1549 5147 ob
1574 5071 1738 5177 aliquam
1764 5070 1864 5148 dicte
1886 5067 2019 5146 mortis
2044 5065 2215 5173 culpam,
2241 5065 2288 5142 de

866 5228 982 5307 regno
1004 5216 1133 5277 nostro
1154 5227 1274 5304 usque
1301 5198 1350 5275 ad
1375 5200 1680 5307 quinquennium
1706 5197 1973 5277 tantummodo
1997 5196 2173 5276 duximus
2191 5195 2289 5274 rele-

866 5331 1047 5438 gandum,
1061 5329 1131 5406 nisi
1146 5329 1310 5434 placeret
1324 5330 1434 5407 nobis
1448 5330 1602 5410 forsitan
1618 5333 1745 5438 ipsum
1756 5331 1888 5418 cicius,
1904 5329 1952 5406 de
1963 5325 2135 5436 ampliori
2151 5327 2286 5434 gracia,

910 5505 919 5536 ¹
942 5505 1022 5568 Lisos
1036 5506 1077 5565 ub.
