5817 7292
1035 1090 1306 1200 naoutrss
1331 1108 1395 1182 ar
1421 1089 1626 1184 raocts.
1966 1109 2037 1180 327

680 1251 819 1330 LXXV.
848 1248 1101 1337 Cum,coram
1113 1247 1304 1357 preposito
1313 1248 1509 1326 Parisiensi
1521 1241 1804 1354 proposuissent
1814 1247 2041 1326 Laurencius
2080 1254 2211 1312 saraim
2223 1257 2268 1321 Ν,
2425 1247 2429 1255 ’

624 1379 814 1458 dictus-de
829 1378 1040 1487 Malauncy,
1062 1379 1254 1458 lohannes
1272 1379 1320 1456 de
1338 1380 1466 1468 Barca,
1489 1375 1752 1483 Theophanis,
1775 1373 1857 1482 ojus
1876 1405 1981 1467 naor,
2004 1397 2042 1456 ct
2140 1347 2203 1392 Μ’

622 1509 864 1601 Guillelmus,
885 1511 1008 1590 dictus
1023 1510 1060 1589 la
1076 1512 1327 1600 Recouvraur,
1342 1526 1447 1588 tutor
1461 1525 1698 1588 seucumtor
1715 1509 1963 1596 Laurencete‚
1983 1537 2043 1586 so-

622 1641 720 1719 roris
734 1641 833 1720 dicte
848 1640 1115 1747 Theophanis,
1128 1667 1174 1718 ox
1192 1667 1268 1718 una
1287 1656 1409 1748 parte,
1429 1656 1559 1721 contra
1576 1637 1769 1728 Basiliam,
1787 1636 1957 1714 relictam
1977 1637 2045 1714 dc·

622 1769 742 1850 functi
756 1770 924 1859 Girardi,
946 1770 1036 1850 dicti
1056 1770 1196 1861 Laillo,
1217 1771 1306 1858 civis
1323 1770 1554 1860 parisiensis,
1576 1799 1620 1848 cx
1634 1769 1766 1856 altera,
1782 1769 1887 1874 quod
1906 1767 1977 1874 ipsi
1989 1786 2045 1846 te-

622 1900 765 1980 nebant
786 1918 826 1978 et
847 1900 1091 2008 possidebant
1115 1901 1318 2008 qumndam
1341 1902 1501 1980 domum
1525 1903 1717 2006 tamquam
1742 1926 1870 1988 suam,
1893 1898 2002 1976 sitam
2024 1928 2044 1976 a

620 2046 726 2136 parte
740 2031 918 2108 anteriori
928 2031 970 2108 in
979 2031 1061 2109 vico
1077 2030 1262 2123 saneris,
1275 2031 1451 2123 Parisius,
1465 2047 1533 2108 ata
1549 2046 1652 2137 parte
1665 2047 1781 2117 retro,
1796 2057 1840 2104 ex
1851 2029 2040 2134 opposito,

621 2159 980 2250 Sancti-beufredi,
1002 2159 1183 2268 quodque
1203 2160 1274 2266 ipsi
1293 2178 1400 2241 erant
1420 2161 1460 2238 in
1483 2161 1618 2239 saisina
1636 2158 1786 2238 locandi
1812 2159 1950 2236 dictam
1977 2161 2044 2238 do·

620 2317 747 2378 mum,
765 2307 804 2368 et
817 2291 1077 2369 emolumenta
1090 2291 1181 2370 inde
1196 2291 1458 2397 proveniensis
1471 2291 1724 2398 percipiendi,
1742 2307 1780 2368 et
1793 2291 1840 2368 in·
1853 2290 1986 2368 saisina
2000 2291 2045 2368 li-

461 2518 465 2531 .
619 2417 774 2500 bortatis
789 2448 943 2500 censum
958 2421 1142 2527 aliquem,
1156 2449 1226 2530 pro
1240 2421 1340 2498 dicta
1355 2421 1471 2501 domo
1487 2422 1586 2500 dicte
1596 2421 1747 2513 Basilia,
1762 2449 1837 2500 non
1854 2420 2041 2510 solvendi,

620 2550 712 2627 item
728 2550 832 2655 quod
844 2548 943 2628 dicta
954 2547 1090 2628 Basilia
1108 2549 1157 2629 do
1171 2578 1269 2629 novo
1284 2567 1323 2627 et
1336 2551 1475 2658 injuste
1495 2567 1687 2656 acceperat
1706 2552 1861 2658 pignora
1877 2551 2041 2658 quedam

620 2677 895 2784 inquilinorum
914 2679 1016 2756 dicte
1036 2678 1192 2766 domus,
1215 2680 1282 2784 qui
1308 2679 1355 2757 ab
1380 2679 1524 2758 eisdem
1545 2680 1704 2757 domum
1723 2680 1931 2786 predictam
1955 2711 2043 2760 con-

620 2807 823 2899 duxerant,
845 2807 1036 2888 turbando
1056 2823 1096 2886 et
1113 2808 1361 2912 impediendo
1381 2836 1446 2888 eos
1464 2809 1503 2885 in
1524 2809 1660 2886 saisina
1678 2837 1743 2887 sua
1758 2810 1940 2888 libertatis
1959 2839 2042 2917 pre-

621 2937 740 3027 dicte,
760 2954 931 3043 petentes
950 2937 1048 3014 dicta
1067 2937 1224 3044 pignora
1240 2937 1313 3016 sibi
1333 2937 1480 3016 restitui
1501 2955 1539 3017 ct
1558 2939 1702 3016 dictum
1726 2939 2041 3046 impedimentum

620 3084 659 3145 et
676 3053 938 3148 turbacionem
956 3068 1164 3175 predictam
1182 3068 1362 3159 amoveri,
1385 3068 1487 3146 dicta
1503 3069 1637 3148 Basilia
1658 3099 1678 3148 a
1698 3073 1887 3169 contrario
1903 3100 2042 3178 propo·

620 3214 735 3276 nente
754 3227 794 3276 ss
807 3226 887 3278 csse
901 3199 943 3276 in
962 3199 1098 3280 saisina
1110 3199 1347 3306 percipiendi
1361 3227 1477 3306 super
1492 3200 1607 3278 domo
1619 3201 1787 3307 predicta
1802 3217 1887 3280 octo
1907 3202 2038 3292 libras,

618 3328 821 3409 tresdecim
834 3328 984 3409 'solidos
1007 3346 1047 3408 et
1065 3346 1227 3436 quatuor
1247 3329 1423 3407 denarios
1440 3331 1667 3408 Parisienses
1686 3330 1800 3408 annui
1820 3359 1951 3408 consus
1970 3361 2040 3410 seu

620 3457 809 3549 redditam,
827 3459 984 3566 etquod
998 3459 1094 3566 ipsa,
1112 3458 1261 3551 racione
1280 3460 1379 3538 dicte
1393 3459 1530 3538 saisina
1547 3487 1614 3538 sue
1630 3460 1785 3568 pignora
1797 3461 1966 3568 predicta
1979 3491 2041 3538 ce-

619 3589 880 3694 peratutendo
890 3589 978 3697 jure
990 3618 1079 3680 suo;
1094 3590 1267 3679 tandem,
1283 3591 1424 3670 auditis
1435 3591 1614 3670 omnibus
1628 3620 1704 3696 que
1717 3592 1817 3672 dicta
1827 3609 2042 3698 partaspro·

619 3746 761 3824 ponere
774 3719 994 3810 voluerunt,
1007 3721 1131 3798 dictus
1147 3719 1377 3826 prepositus,
1390 3748 1458 3827 per
1474 3749 1584 3799 suum
1592 3719 1801 3829 judicium,
1816 3724 2044 3826 pronuncia-

619 3848 672 3924 vit
686 3848 823 3932 dietam
836 3849 1010 3930 Basiliam
1027 3848 1165 3928 melius
1183 3849 1440 3929 intencionem
1458 3879 1565 3930 suam
1583 3850 1790 3956 predictam
1809 3849 2038 3958 probavisse,

620 3995 658 4054 at
670 4005 752 4055 eam
766 3979 905 4057 debera
915 3979 1079 4086 gaudere
1089 3978 1227 4058 saisina
1240 4007 1305 4059 sua
1318 3981 1507 4085 predicta3
1523 4009 1542 4056 a
1556 4008 1634 4086 quo
1643 3979 1831 4087 judicato,
1845 3996 2040 4085 tamquam

619 4104 712 4186 falso
730 4124 770 4186 et
786 4137 920 4215 pravo,
937 4127 1157 4214 procurator
1170 4109 1260 4188 dicti
1272 4110 1452 4188 lobannis
1467 4111 1515 4188 de
1529 4113 1640 4188 Barra
1654 4109 1703 4189 ad
1718 4126 1884 4188 nostram
1899 4112 2040 4186 curiam

620 4236 842 4342 appellavit:
862 4237 1014 4316 Auditis
1032 4239 1149 4345 igitur
1168 4239 1278 4317 dictis
1295 4241 1483 4345 partibus,
1506 4258 1543 4318 et
1562 4240 1648 4319 visis
1667 4241 1706 4316 in
1727 4265 1836 4316 causa
1856 4239 1955 4316 dicte
1976 4269 2041 4348 ap-

620 4366 840 4473 pellacionis
850 4368 1087 4476 processibus
1102 4370 1318 4459 antedictis,
1332 4399 1402 4476 per
1413 4371 1516 4448 curie
1533 4389 1660 4450 nosue
1669 4370 1878 4478 judici-um,
1894 4370 2040 4449 dictum
2061 4361 2068 4380 '

492 4478 495 4483 ⁴
619 4496 692 4576 luit
707 4497 919 4604 predictum
932 4499 1167 4604 prepositum
1178 4498 1276 4615 bena
1283 4500 1490 4606 judicasse,
1509 4517 1547 4579 et
1560 4499 1704 4578 dietum
1715 4501 1926 4580 lobannem
1942 4502 2040 4578 mals

619 4626 841 4734 appellasse,
862 4644 902 4706 et
920 4630 1027 4736 quod
1046 4629 1126 4735 ipse
1145 4629 1220 4708 boc
1238 4631 1467 4710 emendabit.
1645 4725 1652 4735 ‚

675 4759 777 4838 Jovis
796 4777 882 4839 ante
901 4762 1038 4838 llamos
1054 4759 1280 4841 Palmarum.
1480 4761 1486 4772 ⁸

675 4889 835 4973 Cuillior
850 4891 1063 4998 reportavit.

674 5122 832 5233 LXXVI«.
862 5153 961 5236 Cum
969 5152 1191 5261 Aymericus
1213 5157 1261 5233 dc
1280 5155 1316 5235 la
1330 5157 1515 5236 Cassanna
1530 5155 1769 5250 domicellus,
1787 5159 1827 5236 in
1842 5157 1944 5236 curia
1955 5186 2042 5236 nos-

619 5297 676 5359 tra
694 5299 878 5360 assereret
894 5282 999 5390 quod
1020 5285 1140 5362 mansi
1160 5285 1210 5364 de
1228 5286 1366 5375 Podio,
1389 5287 1438 5365 dc
1457 5288 1492 5364 la
1511 5287 1679 5368 Gencbia
1698 5306 1737 5368 et
1754 5289 1958 5375 Del-llion,
1979 5286 2040 5362 siti

619 5410 659 5486 in
678 5413 873 5516 parrochia
886 5414 934 5492 de
951 5413 1150 5505 Camnnea,
1164 5433 1255 5496 sunt
1268 5418 1410 5525 proprii
1430 5419 1522 5496 dicti
1538 5419 1740 5528 Aymcrici,
1757 5434 1795 5496 ct
1812 5418 1918 5523 quod
1937 5415 2039 5492 idem
