5817 7292
884 1130 954 1197 112
1464 1136 1554 1209 ths
1584 1135 1721 1211 OLIM.

656 1274 840 1335 rnrnnnrv,
878 1268 1069 1347 territorio
1094 1271 1210 1352 banni
1230 1274 1303 1363 sni,
1324 1276 1363 1351 in
1384 1305 1480 1383 quo,
1501 1296 1546 1355 ut
1565 1276 1771 1366 dicebatur,
1794 1276 1864 1354 sita
1884 1291 1941 1353 est
1962 1276 2099 1353 domus
2119 1276 2301 1356 Constan-

717 1364 778 1406 ’Μ’
880 1398 945 1491 cii,
964 1402 1116 1512 majoris
1134 1405 1250 1512 ipsius
1266 1408 1466 1515 prepositi,
1483 1410 1524 1487 in
1543 1438 1616 1517 qua
1634 1408 1799 1485 habebat
1821 1408 1925 1486 idem
1944 1408 2158 1514 prepositus
2178 1437 2300 1487 unum

880 1536 1102 1641 compedem
1122 1567 1191 1644 pro
1213 1539 1312 1617 dicte
1328 1542 1481 1647 justicie
1501 1542 1681 1620 exercicio
1701 1540 1893 1628 faciendo,
1916 1567 2031 1645 quem
2052 1538 2174 1617 dictus
2193 1540 2302 1617 miles

879 1665 1061 1744 violenter
1088 1667 1249 1779 fregerat
1276 1687 1313 1747 et
1341 1690 1535 1779 acceperat
1564 1673 1604 1749 in
1631 1671 1747 1750 domo
1778 1670 1960 1778 predicta,
1986 1670 2233 1781 impediendo
2265 1689 2303 1749 et

878 1799 1136 1901 perturbando
1156 1800 1325 1878 indebite
1345 1818 1383 1879 et
1403 1804 1450 1880 de
1471 1831 1568 1881 novo
1589 1802 1753 1881 eundern
1773 1802 2005 1909 prepositum
2026 1830 2140 1908 super
2157 1829 2303 1909 posses-
2331 1848 2336 1855 ·

878 1922 986 2005 sione
1002 1931 1188 2037 predicta,
1211 1962 1326 2039 quare
1351 1933 1505 2041 petebat
1523 1934 1625 2012 idem
1651 1935 1864 2041 prepositus
1883 1933 1988 2041 quod
2007 1961 2140 2013 manns
2157 1952 2299 2026 nostra,

878 2060 917 2135 in
937 2061 1038 2140 dicto
1059 2064 1242 2170 compede
1263 2065 1447 2171 apposita,
1468 2083 1623 2174 propter
1642 2065 1822 2143 debatnrn
1841 2064 2011 2173 parcium
2024 2065 2298 2171 predictarum,

878 2192 968 2269 inde
990 2213 1236 2287 amoveretur,
1259 2214 1298 2274 et
1316 2198 1422 2304 quod
1440 2197 1564 2274 dictus
1584 2225 1736 2304 compes
1756 2198 1797 2274 in
1818 2198 1932 2275 domo
1955 2195 2123 2304 predicta
2141 2224 2301 2303 repone·

878 2342 982 2401 retur
1004 2326 1052 2407 ad
1072 2328 1295 2405 exercicium
1317 2328 1415 2406 dicte
1436 2328 1588 2437 justicie
1609 2356 1676 2407 sue
1705 2329 1936 2416 faciendum,
1958 2343 1996 2404 et
2015 2328 2120 2433 quod
2139 2327 2301 2434 impedi-

879 2474 1050 2534 mentum
1069 2459 1143 2536 sive
1161 2442 1332 2537 turbacio
1354 2490 1423 2567 per
1449 2460 1594 2538 dictum
1615 2459 1779 2537 militem
1796 2487 1909 2566 super
1925 2458 1999 2536 hoc
2015 2458 2182 2564 apposita
2196 2486 2302 2535 amo-

881 2606 1065 2678 verentur,
1087 2618 1234 2669 necnon
1254 2592 1359 2699 quod
1379 2592 1517 2699 injurie
1539 2609 1578 2669 et
1600 2590 1784 2669 violencie
1808 2590 1949 2697 adjcto
1971 2590 2091 2666 milite
2115 2590 2186 2667 sibi
2206 2589 2301 2666 facte

881 2747 994 2825 super
1014 2722 1086 2798 boc
1102 2722 1396 2799 emendarentur
1411 2722 1554 2811 eidem,
1570 2722 1695 2799 dictus
1708 2750 1798 2799 vero
1812 2720 1923 2799 miles
1939 2722 1981 2797 in
1996 2722 2227 2798 contrarium
2245 2721 2303 2796 di-

879 2850 986 2927 cebat
1013 2868 1050 2929 et
1075 2852 1311 2959 proponebat
1335 2856 1440 2960 quod
1465 2854 1545 2960 ipse
1565 2839 1730 2931 habebat
1749 2879 1904 2931 omnem
1928 2851 2041 2929 altam
2055 2851 2245 2960 justiciam
2265 2852 2303 2926 in

877 2998 956 3060 tota
979 2982 1065 3060 villa
1084 2985 1268 3089 predicta,
1292 3001 1330 3062 et
1348 2983 1559 3092 specialiter
1583 2985 1623 3060 in
1649 3001 1749 3061 terra
1777 3013 1853 3091 que
1873 3013 1895 3060 a
1914 2982 2014 3060 dicto
2036 2982 2227 3089 preposito
2246 2999 2303 3058 te-

878 3128 991 3189 netur
1008 3113 1169 3203 ibidem,
1192 3144 1308 3221 quere
1327 3116 1482 3220 petebat
1503 3115 1609 3221 quod
1633 3116 1713 3220 ipse
1737 3114 1983 3203 resaisiretnr,
2005 3112 2053 3189 de
2079 3113 2180 3190 dicto
2200 3142 2302 3189 corn-

877 3244 993 3347 pede,
1015 3244 1055 3318 in
1076 3272 1154 3350 quo
1174 3273 1309 3321 manus
1326 3262 1452 3321 nostra
1471 3262 1551 3320 erat
1567 3245 1734 3349 apposita
1749 3274 1794 3321 ex
1814 3272 1921 3321 causa
1934 3244 2122 3347 predicta,
2143 3262 2181 3319 et
2198 3245 2303 3350 quod

877 3373 1192 3475 pronunciaretur
1216 3373 1320 3479 quod
1346 3374 1426 3480 ipse
1451 3371 1571 3449 nichil
1590 3372 1821 3450 forisfecerat
1844 3371 2051 3480 frangendo
2079 3374 2303 3478 compedem

878 3500 1090 3606 predictum
1110 3532 1118 3576 ε
1140 3503 1236 3579 Hinc
1254 3503 1449 3609 estquod,
1467 3501 1710 3579 auditisbinc
1729 3503 1817 3580 inde
1840 3503 2057 3609 propositis,
2074 3503 2225 3611 visaque
2244 3503 2304 3579 in-

878 3648 1010 3740 questa
1038 3662 1151 3739 super
1177 3633 1252 3712 hiis
1276 3633 1323 3711 de
1352 3632 1530 3711 mandato
1554 3650 1685 3711 nostro
1713 3632 1823 3725 facta,
1845 3664 1913 3741 per
1932 3634 2035 3711 curie
2055 3652 2182 3713 nostre
2198 3635 2303 3743 jndi—
2349 3690 2354 3700 .

878 3766 997 3855 cium,
1029 3765 1173 3843 dictum
1204 3763 1278 3842 fuit
1307 3784 1346 3842 et
1373 3764 1665 3870 pronunciatum
1688 3766 1795 3873 quod
1823 3794 1958 3843 manus
1984 3784 2127 3858 nostra,
2153 3767 2302 3845 racione

877 3898 1119 4005 predicta,in
1142 3898 1242 3976 dicto
1261 3898 1445 4005 compede
1463 3897 1646 4005 apposita,
1665 3895 1755 3975 inde
1773 3898 2019 3988 amovebitur,
2037 3915 2075 3975 et
2094 3900 2216 4005 quod,
2235 3927 2303 4006 per

878 4030 1020 4109 dictum
1042 4029 1244 4122 Milonem,
1271 4029 1317 4106 de
1340 4028 1442 4105 dicto
1465 4027 1647 4134 compede
1666 4028 1735 4107 liet
1750 4030 1962 4120 restitucio,
1986 4030 2025 4104 in
2047 4030 2146 4106 dicta
2166 4030 2299 4121 domo,

875 4162 1070 4269 preposito
1085 4161 1278 4268 predicto,
1299 4178 1336 4239 et
1352 4161 1457 4268 quod
1467 4160 1787 4268 impedimentum
1801 4177 1839 4238 et
1853 4160 2024 4238 torbacio
2045 4160 2213 4267 predicta
2234 4188 2301 4268 per

877 4297 1044 4396 eundem
1064 4294 1225 4371 militem
1245 4320 1358 4400 super
1377 4293 1451 4371 hoc
1470 4292 1638 4399 apposita
1655 4293 1745 4369 inde
1760 4290 2046 4382 amovebuntur,
2066 4310 2105 4369 et
2123 4291 2226 4398 quod
2245 4292 2302 4367 in-

807 4420 818 4455 ’·
872 4426 991 4531 jurias
1020 4442 1058 4502 et
1086 4424 1286 4503 violencias
1313 4423 1499 4530 predictas
1525 4423 1629 4501 idern
1652 4423 1763 4501 miles
1785 4422 1896 4502 nobis
1920 4441 1959 4500 et
1982 4424 2082 4502 dicto
2107 4422 2298 4530 preposito

878 4556 1107 4634 emendabit.

854 4724 859 4735 ·
934 4685 1110 4764 Mercurii
1130 4698 1216 4791 post
1235 4686 1621 4765 Sanctam-Mathiam.

934 4816 1053 4897 Monti
1071 4816 1284 4924 reportavit.

932 4950 1068 5026 Taxate
1092 4947 1163 5026 lirit
1186 4948 1256 5025 ista
1278 4948 1439 5025 emenda
1458 4978 1527 5055 per
1545 4950 1706 5040 curiam,
1727 4979 1797 5057 pro
1816 4951 1974 5031 domino
1993 4954 2112 5059 Rege,
2134 4950 2183 5027 ad
2200 4946 2301 5027 sexa-

875 5081 978 5189 ginte
992 5079 1106 5159 libras
1121 5078 1362 5169 Parisienses,
1380 5096 1418 5157 et
1438 5108 1507 5187 pro
1522 5082 1714 5190 preposito
1730 5081 1778 5159 ad
1791 5081 1919 5187 viginti
1933 5082 2049 5159 libras
2063 5081 2296 5158 Parisienses.

931 5344 988 5423 111.
1019 5345 1115 5425 Cum
1129 5362 1265 5454 ¹gentes
1286 5344 1431 5423 domini
1450 5341 1562 5453 Regis
1579 5373 1694 5451 super
1711 5340 1905 5422 Nicolaum
1925 5341 1974 5418 de
1993 5340 2106 5418 Diclri
2131 5356 2170 5416 et
2188 5338 2299 5416 Nico-

875 5478 978 5557 laum
1008 5474 1131 5557 Deubi
1159 5474 1207 5553 de
1230 5474 1359 5553 Duaeo
1390 5473 1577 5580 cepissent
1601 5471 1731 5579 viginti
1760 5498 1823 5549 sex
1850 5496 1997 5578 pennos
2028 5469 2077 5545 de
2101 5466 2295 5558 Flandria,
