5817 7292
1054 1127 1322 1233 enormes
1348 1144 1412 1214 nr
1439 1125 1644 1217 esoces.
1981 1147 2056 1217 eor

639 1291 740 1370 dicto
754 1288 981 1375 Guillelmo,
999 1304 1127 1364 contra
1139 1284 1328 1392 predictos
1342 1284 1516 1364 homines
1531 1285 1660 1373 latam,
1677 1285 1890 1362 execucioui
1907 1285 2062 1366 deman·
2097 1292 2228 1350 Passim
2241 1295 2284 1358 tv,

639 1420 738 1509 dari,
753 1418 1058 1526 procuratoribus
1068 1417 1126 1496 vel
1138 1415 1302 1526 syndicis
1313 1416 1414 1494 dicte
1425 1417 1529 1504 ville,
1543 1443 1587 1494 ex
1602 1414 1771 1505 adverso,
1784 1412 1911 1524 plures
1923 1443 2057 1523 propo·
2160 1387 2222 1430 Μ’

635 1552 816 1629 uentibus
833 1550 1023 1640 raciones,
1050 1566 1206 1656 propter
1225 1577 1318 1656 quas
1341 1548 1516 1628 dicebant
1535 1547 1673 1625 dictam
1698 1549 1956 1628 executionem
1978 1545 2060 1626 lieri

633 1709 711 1760 uon
736 1683 895 1771 debere3
918 1697 956 1758 et
981 1680 1137 1758 tandem
1164 1681 1288 1758 dictus
1309 1681 1557 1770 senescallus,
1581 1679 1640 1756 vel
1661 1679 1744 1786 ejus
1766 1679 1893 1760 locum
1910 1697 2058 1770 tenens,

633 1843 710 1893 non
733 1813 968 1892 obstantibus
987 1812 1167 1918 predictis
1191 1812 1419 1901 racionibus,
1435 1811 1719 1918 procedendum
1740 1812 1903 1892 decrevit
1920 1840 1963 1889 ac
1975 1840 2062 1918 prn-

634 1946 743 2025 oessit
768 1945 817 2022 ad
842 1943 1107 2022 execucionem
1130 1943 1320 2021 sentencie
1343 1944 1582 2050 supradicte;
1607 1961 1869 2050 procuratores
1890 1969 1978 2022 vero
2002 1944 2059 2023 vel

633 2077 777 2186 syndici
797 2075 897 2153 dicte
912 2074 1001 2152 ville
1013 2074 1061 2150 ad
1077 2091 1243 2153 nostram
1260 2075 1402 2152 curiam
1417 2101 1532 2180 super
1546 2075 1620 2152 boc
1634 2073 1872 2181 appellamut
1887 2107 1896 2152 :
1911 2072 2060 2154 Auditis

633 2209 760 2314 igitur,
779 2210 818 2284 in
833 2233 944 2284 cansa
959 2206 1058 2284 dicte
1073 2205 1356 2312 appellacionis,
1374 2206 1641 2314 omnibusque
1654 2222 1779 2312 partes
1792 2205 1961 2312 predicte
1974 2233 2061 2314 pru·

631 2363 781 2444 ponere
800 2337 1022 2429 voluerunt,
1049 2354 1089 2414 et
1110 2337 1198 2418 uisis
1215 2335 1454 2444 processibus
1481 2353 1519 2414 et
1543 2339 1715 2444 inquesta
1740 2365 1854 2445 super
1880 2337 2059 2443 predictis

631 2467 753 2560 lactis,
775 2468 1068 2576 pronunciatum
1089 2464 1179 2557 luit,
1203 2495 1272 2574 per
1290 2469 1394 2546 curie
1413 2485 1540 2546 nostre
1555 2467 1760 2576 judicium,
1786 2468 1907 2546 dictos
1924 2495 2060 2575 procu·

630 2616 774 2677 ratores
789 2599 848 2676 vel
867 2598 1040 2706 syndicus
1055 2599 1154 2675 male
1175 2597 1400 2705 appellasse,
1422 2616 1461 2676 et
1479 2599 1624 2676 dictum
1639 2598 1885 2677 senescallum
1903 2597 1961 2676 vel
1979 2600 2059 2705 ejus

632 2727 761 2806 locum
776 2745 971 2806 tenentem
988 2728 1029 2804 in
1040 2728 1220 2833 predictis
1235 2727 1418 2833 legittime
1429 2728 1671 2835 processisse,
1689 2744 1727 2804 et
1738 2727 1953 2806 ordinatum
1968 2727 2055 2816 luit,

632 2886 703 2964 per
714 2859 851 2936 dictam
866 2857 1009 2936 curiam
1022 2875 1208 2946 nostram,
1223 2857 1328 2964 quod
1342 2857 1441 2936 dicta
1458 2857 1643 2935 arbitralis
1656 2858 1861 2946 sentencia,
1876 2886 1945 2963 pro
1957 2857 2057 2934 dieto

632 2990 855 3082 Guillelmo,
871 3007 999 3068 contra
1012 2988 1133 3067 dict0s
1143 2989 1319 3066 homines
1333 2988 1422 3067 ville
1436 2990 1485 3067 de
1501 2989 1675 3082 Lunello,
1688 2990 1728 3067 in
1742 3007 1925 3096 quantum
1940 2991 2059 3099 tangit

633 3121 751 3199 dictas
770 3137 913 3228 partes,
936 3120 1176 3198 mandabitur
1194 3121 1428 3210 execucioni,
1451 3121 1551 3200 salvo
1571 3139 1697 3198 tamen
1717 3122 1757 3198 in
1783 3121 1957 3199 omnibus
1970 3121 2057 3229 jure

633 3251 779 3329 domini
796 3252 917 3358 Regis.

689 3383 738 3460 Et
760 3381 1002 3458 mandabitur
1022 3381 1228 3458 senescallo
1246 3379 1495 3460 Belli-Cadri
1519 3383 1640 3489 quod,
1661 3411 1748 3460 cum
1771 3383 1811 3460 in
1832 3383 1930 3462 dicta
1952 3411 2060 3461 causa

633 3529 736 3591 mota
755 3512 853 3588 inter
872 3511 1087 3616 predictum
1113 3509 1365 3590 Guillelmnm
1392 3512 1440 3589 de
1467 3514 1668 3620 Negareto,
1686 3511 1844 3590 militem
1867 3526 2058 3602 nostrum,

633 3671 677 3720 ex
692 3671 767 3720 una
785 3658 911 3750 parte,
928 3659 966 3720 et
983 3642 1156 3719 homines
1178 3641 1225 3717 de
1246 3641 1427 3730 Lunello,
1444 3671 1488 3718 ex
1507 3641 1637 3734 altera,
1659 3643 1727 3749 per
1747 3643 1866 3720 dictos
1887 3644 2060 3721 homines

632 3773 775 3850 luerint
794 3789 909 3850 testes
929 3771 1122 3877 producti,
1144 3799 1212 3877 per
1230 3799 1328 3877 qnos
1351 3772 1501 3849 videtur
1520 3773 1714 3852 evidenter
1731 3773 1934 3880 probatum
1954 3774 2059 3879 quod

634 3903 808 3980 execucio
820 3902 989 4008 predicte
1001 3901 1187 3980 arbitralis
1200 3903 1410 3991 sentencie,
1425 3930 1495 4009 pro
1510 3904 1610 3996 dicto
1621 3902 1829 3982 Guillelmo
1845 3901 1918 3980 late
1930 3920 2059 3980 contre

633 4033 825 4139 predictos
836 4033 1029 4125 homines,
1050 4034 1131 4110 sine
1146 4033 1357 4139 prejudicio
1370 4033 1469 4142 juris
1487 4033 1632 4111 domiui
1648 4032 1960 4140 Regis,videatur
1974 4031 2057 4110 lieri

633 4191 712 4242 non
731 4189 857 4269 posse,
880 4163 1059 4268 quatinus
1077 4165 1118 4240 in
1138 4164 1363 4241 execucione
1383 4163 1551 4269 predicta
1571 4163 1786 4244 nullatenus
1811 4164 1978 4269 pacietur
1994 4166 2057 4272 jue

634 4293 781 4371 domini
794 4293 905 4399 Regis
926 4293 1088 4370 diminui
1106 4293 1166 4371 vel
1181 4292 1270 4370 ledi.

690 4426 797 4500 bunc
811 4440 898 4530 post
911 4424 1060 4502 octabas
1074 4424 1296 4530 Epiphanie.

689 4554 740 4631 M.
756 4555 801 4630 H.
823 4553 980 4632 Cuillier
998 4554 1210 4659 reportavit.

690 4815 814 4894 LVIII.
845 4817 964 4894 Causa
990 4832 1093 4893 mota
1113 4844 1239 4894 coram
1258 4817 1397 4896 ballivo
1417 4835 1546 4896 nostro
1569 4820 1795 4909 senonensi,
1818 4821 1879 4914 ,vel
1900 4823 1980 4929 ejus
1999 4821 2055 4900 lo-

633 4971 721 5023 cum
734 4963 904 5037 tenente,
924 4947 1025 5025 inter
1042 4946 1218 5025 abbatem
1233 4965 1271 5028 et
1285 4966 1510 5028 conventum
1529 4949 1577 5027 de
1595 4950 1768 5042 Barbael,
1784 4979 1829 5032 ex
1843 4979 1919 5030 una
1931 4971 2053 5059 parte,

633 5092 673 5152 et
689 5075 866 5155 homines
884 5077 972 5156 ville
992 5079 1041 5159 de
1061 5079 1229 5188 Poligny,
1251 5110 1297 5158 ex
1311 5079 1443 5170 altera,
1461 5109 1575 5187 super
1589 5109 1635 5160 eo
1651 5084 1753 5189 quod
1775 5084 1865 5162 dicti
1882 5085 2056 5164 hominos

633 5207 848 5284 asserebant
865 5237 905 5286 se
927 5237 1007 5288 esse
1027 5211 1067 5287 in
1085 5212 1219 5292 saisina
1239 5212 1560 5320 ponendi-porcos
1576 5241 1665 5292 suos
1679 5215 1718 5292 in
1737 5211 1960 5296 nemoribus
1977 5217 2057 5294 die-

633 5351 760 5414 torum
785 5338 1048 5448 religiosorum
1076 5340 1157 5418 siue
1183 5344 1381 5422 solucione
1408 5344 1578 5452 penagii,
1604 5345 1783 5452 predictis
1810 5345 1995 5454 religiosis
2015 5347 2054 5420 iu

637 5471 865 5547 contrarium
882 5469 1155 5564 asserentibus,
1175 5491 1214 5553 et
1228 5473 1442 5553 dicentibus
1455 5503 1495 5553 se
1513 5477 1643 5555 esseio
1659 5477 1791 5554 saisina
1808 5475 1978 5582 capiendi
1991 5501 2054 5581 pa·

1897 5625 1947 5694 dli.
