5817 7292
1019 1109 1290 1214 sacoaras
1315 1127 1380 1198 ar
1405 1111 1615 1202 procus.
1955 1133 2023 1202 351

664 1267 715 1344 Μ.
736 1265 893 1374 Egidius
912 1264 960 1341 de
977 1265 1137 1341 Remino
1152 1265 1366 1373 reportavit.

662 1526 816 1606 xcvtlt.
848 1525 973 1634 Super
990 1553 1039 1604 eo
1057 1525 1164 1633 quod
1182 1526 1346 1612 Beatrix,
1367 1553 1462 1606 uxor
1482 1527 1629 1604 domini
1650 1527 1699 1604 de
1713 1529 1853 1616 Turre,
1870 1555 1955 1606 cum
1975 1531 2030 1634 ip-

607 1657 686 1736 sius
699 1657 915 1748 autoritate,
932 1658 1025 1737 dum
1038 1656 1193 1746 viveret,
1208 1655 1362 1763 petebat
1376 1656 1483 1764 quod
1503 1656 1688 1736 dominus
1698 1660 1776 1736 Rex
1788 1683 1869 1735 eam
1886 1657 2029 1765 recipe-

608 1803 667 1864 ret
684 1787 733 1864 ad
754 1787 972 1894 homagium
992 1802 1031 1863 et
1048 1786 1223 1865 saisinam
1247 1802 1382 1893 quarte
1403 1787 1519 1892 partis
1538 1788 1736 1864 comitatus
1756 1788 2026 1876 Rutheuensis,
2099 1877 2102 1885 p

608 1934 646 1994 at
662 1917 781 1995 totius
791 1935 893 1994 terre
904 1943 1019 2024 pam
1034 1915 1237 2032 defunctus
1250 1943 1373 2022 nuper
1386 1945 1514 1996 comes
1529 1917 1797 2006 Rutheuensim
1816 1917 1898 2025 ejus
1912 1935 2028 2025 pater,

606 2063 778 2155 tempore
797 2073 875 2153 quo
890 2044 1067 2133 decessit,
1089 2045 1258 2134 tenebat,
1274 2044 1403 2152 plures
1421 2047 1592 2124 raciones
1611 2064 1650 2124 et
1668 2047 1962 2126 consuetudines
1981 2051 2027 2125 ad

606 2177 680 2254 hoc
698 2176 965 2282 proponendo,
987 2194 1060 2254 ete
1076 2193 1206 2254 contra
1218 2176 1375 2266 Cecilie,
1391 2179 1532 2256 sororis
1548 2179 1647 2255 dicte
1661 2178 1837 2256 Beatricis
1852 2195 1890 2254 et
1902 2179 2028 2275 uxoris

605 2307 751 2384 comitis
769 2306 998 2396 Armeniaci,
1015 2335 1101 2386 cum
1115 2305 1234 2414 ipsius
1251 2308 1491 2402 auctoritate,
1508 2325 1728 2416 procurator
1745 2308 1873 2416 plures
1891 2337 2028 2416 propo-

604 2436 719 2514 nebat
736 2437 904 2516 raciones
920 2454 959 2514 et
971 2436 1085 2526 iacta,
1101 2437 1265 2516 offerens
1277 2465 1318 2516 se
1330 2456 1501 2545 paratum
1523 2467 1567 2517 ea
1587 2439 1832 2518 incontinenti
1849 2438 2023 2546 probare,

606 2585 644 2644 et
662 2568 748 2673 ipso
761 2595 833 2716 par
850 2584 1034 2645 arrestum
1054 2568 1159 2645 curie
1178 2583 1307 2647 nostre
1326 2569 1375 2645 ad
1396 2568 1469 2646 hoc
1484 2568 1665 2658 admisso,
1687 2585 1725 2646 et
1744 2599 1857 2675 super
1877 2571 1949 2646 hoc
1964 2597 2028 2646 au-

607 2697 794 2775 ditoribus
805 2699 877 2796 sibi
889 2698 985 2776 datis
1000 2698 1107 2778 :Visa
1121 2698 1237 2805 igitur
1254 2699 1427 2805 inquesta
1445 2725 1560 2804 super
1573 2698 1647 2775 hoc
1660 2698 1709 2776 de
1725 2699 1903 2775 mandato
1924 2701 2026 2776 curie

605 2845 733 2906 nostre
752 2826 861 2914 iacta,
877 2844 917 2904 ct
933 2828 1012 2904 viso
1032 2843 1177 2906 ernesto
1193 2827 1363 2934 predicto
1382 2853 1426 2904 ac
1442 2843 1669 2905 testamento
1688 2825 1859 2905 defuncti
1880 2829 2027 2904 comitis

605 2957 780 3066 predicti,
795 2983 867 3063 per
874 2957 992 3064 ipsius
1005 2958 1108 3036 curie
1121 2976 1250 3037 nostre
1257 2955 1465 3066 judicium,
1477 2957 1621 3036 dictum
1632 2956 1706 3036 fuit
1719 2957 1824 3064 quod
1837 2958 1934 3036 dicta
1945 2959 2029 3036 Bea-

603 3087 676 3165 trix
694 3113 762 3164 seu
773 3086 859 3194 ejus
870 3085 982 3164 tiberi
1001 3085 1050 3163 ad
1068 3087 1236 3194 predicta
1257 3087 1476 3195 homagium
1497 3103 1536 3164 ct
1554 3087 1728 3165 saisinam
1748 3115 1829 3165 non
1846 3088 2028 3196 recipien-

603 3233 677 3308 tur,
698 3216 793 3292 saiva
812 3217 869 3295 eis
886 3243 1001 3324 super
1019 3218 1093 3296 hoc
1108 3219 1307 3326 questione
1322 3217 1561 3325 proprietatis
1578 3233 1616 3295 et
1635 3217 1899 3324 supplemento
1919 3217 2028 3327 legit-

603 3347 696 3424 time
708 3345 799 3454 jure
817 3363 951 3426 nature
969 3347 1119 3436 debite,
1139 3348 1170 3424 si
1190 3347 1265 3425 hoc
1281 3346 1461 3454 prosequi
1481 3346 1669 3425 voluerint
1681 3380 1691 3438 ς
1703 3363 1963 3426 verumtamen
1979 3351 2026 3428 ad

604 3478 823 3585 homagium
843 3494 882 3556 et
900 3476 1075 3556 saisinam
1095 3476 1350 3584 quarumdam
1369 3505 1515 3566 rerum,
1538 3476 1737 3584 inquibus
1758 3477 1881 3555 dictus
1900 3507 2026 3557 comes

458 3677 464 3686 .
603 3607 856 3687 Ruthenensis
871 3608 1046 3686 eamdam
1062 3608 1270 3686 beatricem
1284 3607 1325 3684 in
1336 3635 1407 3688 suo
1417 3600 1644 3687 ammento
1654 3607 1836 3688 heredem
1849 3608 2025 3698 instituit,

603 3737 761 3844 predicti
783 3739 911 3828 liberi,
933 3739 963 3816 si
984 3739 1059 3816 hoa
1076 3738 1279 3843 perierint,
1300 3738 1540 3844 recipientur,
1563 3736 1621 3814 vel
1641 3737 1737 3816 alius
1759 3738 1825 3842 qui
1846 3765 1916 3841 pro
1936 3739 2025 3842 ipsis

604 3866 653 3943 ad
671 3868 745 3944 hoe
763 3867 877 3946 hieria
890 3867 1163 3946 admittendus.

660 3996 760 4074 Jovis
770 4013 856 4102 post
867 3996 1305 4105 Sanctumfiregorium.

660 4258 783 4335 XCIX.
814 4259 911 4336 Cum
941 4258 1124 4336 dominus
1146 4258 1377 4337 Beruandus
1400 4257 1449 4334 de
1473 4255 1764 4363 Ruppe-Forti,
1794 4256 1918 4346 miles,
1940 4287 2025 4364 pro-

603 4413 750 4492 ponens
767 4385 891 4493 quod,
913 4387 953 4462 in
973 4385 1149 4493 inquesta
1168 4386 1330 4494 quadm
1349 4413 1419 4494 per
1438 4402 1604 4468 nostram
1624 4386 1767 4463 curiam
1787 4413 1909 4495 nuper
1922 4388 2025 4496 judi*

605 4533 683 4594 cata
710 4533 839 4594 contra
857 4517 1001 4623 ipsum,
1021 4517 1071 4594 ad
1085 4516 1305 4595 instanciam
1326 4516 1461 4624 prioris
1479 4515 1853 4606 Molendini-Pixini,
1875 4518 1954 4625 ipsc
1976 4520 2026 4596 ad
2054 4569 2057 4576 ·

604 4646 897 4754 proponendum
908 4664 946 4724 et
959 4645 1201 4754 probandum
1216 4649 1386 4726 raciones
1399 4664 1439 4724 et
1453 4645 1693 4724 defensiones
1708 4673 1794 4724 suas
1808 4673 1885 4724 non
1905 4645 2025 4724 suerat

604 4775 833 4855 sufficienter
850 4776 1019 4865 auditus,
1046 4794 1100 4867 et,
1122 4777 1171 4856 de
1190 4779 1312 4888 gracia
1334 4777 1503 4886 speciali,
1525 4776 1704 4854 dominus
1723 4777 1799 4855 Rex
1824 4777 2025 4855 concessis-

603 4926 661 4987 set
679 4909 805 4989 eidem
825 4908 1079 5016 quoditerato
1098 4910 1320 5017 superbiis,
1341 4910 1479 4994 vocatis
1496 4908 1683 5016 partibus,
1704 4908 1837 4985 veritas
1857 4908 2024 5016 inquire-

604 5055 710 5116 retur
729 5069 739 5115 t
759 5040 933 5146 laqueata
952 5040 1070 5149 igitur
1086 5068 1201 5147 super
1217 5041 1293 5119 hoc
1312 5042 1361 5120 de
1381 5069 1480 5119 novo
1497 5039 1591 5119 iacta
1612 5040 1661 5118 ad
1679 5039 1820 5118 curiam
1840 5056 2026 5145 reportata

604 5185 642 5244 et
659 5170 751 5256 visa,
772 5197 842 5276 per
864 5172 969 5250 curie
991 5188 1120 5251 nosue
1134 5171 1344 5278 judicium,
1366 5172 1511 5250 dictum
1536 5170 1609 5248 fuit
1632 5169 1845 5277 predictum
1864 5169 2023 5247 militem

604 5297 722 5375 nichil
740 5300 953 5405 probavisse
979 5329 1049 5408 per
1066 5301 1174 5409 quod
1194 5301 1330 5380 debeat
1348 5301 1539 5381 retraetari
1557 5300 1767 5408 judicatum
1794 5299 2023 5405 predictum,

607 5425 724 5503 immo
743 5430 984 5510 mandabitur
1002 5429 1230 5510 execucioni.

2067 1276 2196 1330 enarrer

2130 1367 2192 1412 lm.

2211 1279 2252 1338 Π,
