5817 7292
923 1102 997 1175 620
1504 1100 1595 1175 Lns
1624 1100 1764 1175 OLIM.

696 1250 882 1317 Parsrrrxlv,
922 1242 1031 1351 plura
1051 1240 1145 1319 lacta
1165 1241 1347 1320 contraria
1370 1242 1688 1349 proponentibus,
1712 1238 1915 1345 auditaque
1934 1266 2048 1343 super
2067 1238 2143 1319 boc
2162 1240 2249 1321 dicti
2267 1244 2350 1325 bal·

756 1341 820 1387 Μ’
921 1373 985 1451 livi
1002 1370 1207 1460 relacione,
1225 1402 1294 1479 per
1307 1372 1449 1449 curiam
1466 1390 1632 1450 nostram
1653 1370 1865 1478 injunctum
1887 1367 1959 1446 tuit
1977 1369 2081 1450 dicto
2094 1371 2232 1453 ballivo
2245 1377 2350 1483 quod

922 1505 1022 1609 ipse,
1040 1503 1176 1579 vocatis
1193 1501 1293 1580 dicto
1312 1502 1431 1579 milite
1448 1520 1487 1579 et
1496 1502 1672 1609 gentibus
1687 1500 1777 1577 dicti
1795 1500 1977 1607 episcopi,
1992 1500 2204 1608 inquireret
2220 1508 2352 1585 verita·

921 1652 1000 1713 tem
1027 1662 1141 1740 snper
1159 1662 1236 1739 quo
1265 1650 1303 1710 et
1329 1632 1493 1739 qualiter
1517 1649 1555 1710 et
1584 1632 1725 1738 quibus
1749 1631 1940 1709 decausis
1967 1631 2112 1711 dictum
2135 1636 2350 1743 judicatum

922 1764 1064 1843 sactum
1076 1764 1213 1853 luerat,
1226 1791 1294 1869 pro
1311 1762 1413 1840 dicto
1427 1763 1547 1840 milite
1559 1780 1688 1839 contra
1703 1761 1921 1869 episcopum
1931 1764 2145 1870 predictum
2155 1799 2165 1843 ε
2177 1769 2352 1875 lnquesta

924 1896 1039 2003 igitur
1057 1892 1152 1971 sacta
1172 1922 1285 2000 super
1303 1894 1376 1971 hoc
1397 1894 1445 1971 ad
1460 1911 1625 1971 nostram
1634 1880 1786 1969 'curiam
1804 1910 2006 1999 reportata,
2029 1895 2214 2004 dictisque
2231 1900 2350 1979 milite

926 2044 964 2104 et
976 2025 1153 2134 gentibus
1166 2024 1324 2130 predicti
1340 2024 1505 2130 episcopi
1519 2052 1632 2130 snper
1645 2052 1687 2103 ea
1698 2024 1853 2113 auditis,
1868 2041 1907 2102 et
1920 2026 2075 2103 tandem
2091 2027 2167 2104 visa
2177 2028 2349 2134 inquesta

923 2157 1106 2265 predicta,
1125 2184 1194 2262 per
1208 2155 1310 2231 curie
1327 2172 1453 2233 nostre
1469 2155 1674 2262 judicium,
1693 2155 1836 2232 dictum
1854 2153 1926 2232 luit
1942 2155 2064 2261 quod,
2083 2184 2158 2234 non
2177 2157 2346 2238 obstante

921 2287 1092 2394 judicato
1116 2285 1287 2391 predicto
1308 2302 1437 2362 contra
1458 2286 1602 2363 dictum
1622 2284 1843 2392 episcopum
1868 2284 1983 2376 facte,
2007 2286 2127 2363 dictus
2150 2288 2347 2395 episcopus

926 2433 1132 2526 reponetur
1151 2417 1189 2493 in
1212 2416 1363 2509 saisina,
1385 2418 1424 2493 in
1444 2446 1517 2523 qna
1534 2417 1631 2524 ipse,
1648 2434 1820 2526 tempore
1842 2417 1935 2525 dicti¹
1945 2415 2119 2524 judicati,
2136 2437 2224 2508 erat,
2244 2419 2347 2498 leodi

924 2548 1084 2656 predicti
1106 2548 1153 2624 de
1180 2547 1215 2623 la
1239 2548 1369 2653 Loppe
1396 2564 1434 2624 et
1456 2546 1648 2624 fructuum
1675 2548 1865 2656 ejusdem,
1890 2564 1927 2624 et
1950 2547 2032 2655 ipso
2054 2548 2108 2625 sic
2127 2550 2288 2655 reposito
2306 2550 2348 2626 in

926 2679 1061 2755 saisina
1075 2676 1258 2784 predicta,
1279 2677 1401 2755 dictus
1416 2678 1645 2757 Guillclmus
1654 2680 1719 2787 jus
1733 2706 1846 2755 suum
1861 2707 1974 2784 super
1989 2678 2091 2756 dicto
2103 2678 2216 2757 sendo
2227 2707 2350 2786 prose

926 2825 1074 2917 quatur,
1091 2808 1122 2885 si
1137 2810 1242 2897 velit,
1264 2808 1332 2885 ubi
1353 2808 1520 2886 debebit.

982 2936 1159 3019 Mercurii
1175 2956 1260 3047 post
1274 2938 1413 3017 festum
1434 2938 1535 3017 beati
1551 2939 1721 3045 Georgii,
1741 2967 1839 3019 anno
1853 2940 2120 3019 trecentesimo
2137 2940 2349 3020 undecimo.

985 3205 1108 3285 CXIV.
1140 3204 1238 3282 Cum
1264 3204 1304 3279 in
1328 3231 1436 3280 causa
1458 3231 1584 3280 coram
1604 3202 1714 3281 nobis
1738 3220 1841 3281 mota
1865 3204 1964 3280 inter
1983 3221 2220 3281 executorem
2241 3219 2352 3280 testa-

929 3335 1046 3411 menti
1076 3333 1258 3417 deluncte,
1280 3336 1505 3439 Margarete,
1536 3335 1730 3441 qnondam
1761 3334 1917 3411 domine
1949 3334 2180 3440 Brageriaci,
2210 3361 2254 3410 ex
2276 3360 2353 3409 una

928 3480 1052 3572 parte,
1077 3480 1113 3539 et
1130 3461 1333 3540 Ysabellim
1348 3463 1396 3540 de
1417 3463 1541 3554 Levis,
1562 3463 1769 3571 legitimam
1789 3464 1962 3541 tutricem
1980 3492 2047 3540 seu
2063 3462 2352 3539 administratri-

930 3622 1012 3671 cem
1027 3592 1134 3671 Helie
1150 3592 1299 3671 Budelli
1316 3611 1353 3669 et
1367 3594 1506 3671 sororis
1527 3595 1714 3703 ejusdem,
1735 3594 1942 3674 liberorum
1956 3620 2111 3671 snorum
2125 3620 2167 3668 ac
2179 3591 2351 3669 domino

929 3754 1015 3802 rum
1040 3724 1268 3831 Brageriaci,
1290 3752 1334 3799 ex
1353 3722 1484 3815 altera,
1505 3726 1654 3803 racione
1677 3726 1869 3805 bonorum
1890 3754 1964 3833 que
1984 3723 2177 3832 qnondam
2195 3721 2354 3799 luerunt

931 3853 1029 3934 dicte
1041 3854 1217 3933 defuncte
1232 3872 1269 3932 et
1278 3854 1471 3934 fructuum
1484 3874 1521 3934 et
1534 3859 1703 3935 exituum
1719 3857 1941 3935 eorumdem
1953 3885 1995 3933 ac
2005 3853 2238 3933 execucionis
2248 3869 2357 3931 testa-

911 3966 916 3977 ’
931 3986 1049 4063 menti
1062 3985 1178 4092 ipsius
1193 3984 1384 4075 defuncte,
1396 4003 1480 4064 orto
1492 3987 1642 4079 debato,
1657 4016 1700 4065 ex
1715 3987 1917 4077 incidenti,
1930 3987 2027 4064 inter
2037 4001 2161 4093 partes
2171 3983 2354 4091 predictas

931 4143 1110 4222 supereo
1133 4115 1237 4221 quod
1261 4116 1544 4223 proponebatur
1567 4146 1721 4195 manum
1744 4135 1911 4195 nostram
1936 4117 2143 4224 appositam
2170 4115 2209 4191 in
2228 4115 2355 4191 castris

933 4247 1173 4336 deMorenx,
1195 4247 1481 4355 deBrageriaco
1504 4249 1601 4325 etin
1631 4249 1701 4326 alia
1729 4267 1829 4327 terra
1853 4248 1951 4326 dicte
1977 4247 2171 4337 defuncte,
2202 4245 2366 4324 fractam

931 4376 1064 4467 fnisse,
1087 4377 1224 4455 auditis
1245 4406 1357 4484 super
1380 4379 1454 4457 boc
1478 4397 1719 4485 procuratore
1738 4399 1869 4457 nostro
1895 4397 1933 4457 et
1952 4378 2053 4457 dicto
2076 4393 2288 4469 executore,
2311 4404 2355 4453 ex

933 4538 1007 4585 una
1026 4526 1147 4616 parte,
1173 4526 1210 4586 et
1233 4526 1475 4617 procuratore
1506 4511 1604 4588 dicte
1629 4511 1830 4602 Ysabellis,
1856 4540 1899 4588 ex
1924 4510 2055 4599 altera,
2078 4538 2146 4615 per
2169 4524 2352 4585 arrestum

925 4655 1058 4747 =nostre
1084 4640 1202 4728 curie,
1233 4640 1377 4717 dictum
1397 4639 1469 4718 suit
1492 4642 1612 4748 quod,
1635 4658 1719 4719 ante
1741 4642 1868 4718 omnia
1888 4642 1986 4718 dicta
2006 4668 2142 4717 manus
2160 4656 2296 4725 nostra,
2317 4637 2350 4711 si

932 4768 1045 4847 fracta
1073 4767 1202 4861 suerit,
1235 4798 1280 4847 ex
1303 4770 1449 4879 integro
1478 4772 1710 4865 resaisietur;
1740 4790 1778 4850 et
1801 4789 1945 4879 postea,
1973 4771 2083 4849 dictis
2111 4784 2352 4878 procuratore

934 4918 1063 4978 nostro
1088 4917 1126 4977 et
1145 4918 1342 4979 executore
1359 4902 1486 5008 plures
1504 4905 1672 4981 raciones
1693 4903 1994 5010 proponentibus
2009 4919 2048 4979 et
2065 4901 2193 5009 plures
2210 4899 2354 4976 litteras

934 5048 973 5109 et
993 5031 1241 5108 instrumenta
1269 5032 1533 5112 exhibentibus
1563 5033 1876 5140 adprobandum
1903 5033 2041 5109 dictam
2070 5059 2204 5109 manus
2228 5044 2354 5107 nostre

933 5161 1174 5251 fraccionem,
1189 5162 1287 5241 dicte
1302 5164 1481 5241 Ysabellis
1493 5180 1735 5270 procuratore
1750 5193 1794 5244 ex
1805 5165 1959 5242 adverso
1970 5179 2205 5270 proponente
2217 5161 2355 5238 dictam

933 5322 1090 5371 manum
1109 5322 1187 5370 non
1207 5292 1320 5372 luisse
1340 5295 1547 5401 appositam
1568 5295 1608 5372 in
1627 5295 1740 5375 bonis
1758 5294 1956 5404 predictis,
1979 5311 2030 5383 et,
2048 5294 2079 5371 si
2095 5320 2263 5401 unquam
2281 5290 2359 5368 fuit

933 5424 987 5503 ibi
1000 5424 1183 5532 apposita,
1201 5427 1304 5532 quod
1318 5425 1407 5503 inde
1421 5443 1548 5504 amota
1561 5425 1683 5503 fuerat
1697 5444 1782 5504 ante
1793 5443 1944 5532 tempus
1957 5424 2154 5503 francionis
2165 5420 2360 5531 proposite
