5817 7292
835 1099 882 1170 62
1418 1101 1509 1175 ins
1539 1100 1681 1175 oniti.

606 1243 793 1309 sarcinarii.
832 1242 1020 1349 perceptis
1044 1259 1254 1348 atempore
1280 1242 1463 1320 dictarum
1486 1245 1778 1332 sentenciam,
1805 1260 1843 1322 et
1861 1244 1901 1322 in
1918 1244 2191 1353 quinquaginta
2209 1247 2256 1321 li-

667 1337 730 1381 1500.

832 1369 910 1448 bris
930 1401 998 1478 pro
1023 1372 1203 1478 expensis.
1225 1372 1258 1450 Α
1279 1403 1352 1480 qua
1372 1375 1559 1452 sentencia
1585 1373 1684 1450 dicta
1702 1373 1912 1452 Guillerma
1936 1374 1985 1450 ad
2005 1400 2075 1451 nos
2095 1373 2255 1481 appella-

831 1502 903 1592 vit;
925 1531 1038 1608 quam
1059 1501 1325 1607 appellacionis
1350 1533 1498 1583 causam
1525 1504 1703 1610 magistro
1727 1507 1839 1583 Petro
1863 1506 1913 1583 de
1930 1506 2115 1593 Petrusia,
2135 1505 2255 1611 judici

832 1650 961 1710 nostro
985 1650 1077 1709 tunc
1105 1630 1286 1723 Uticensi,
1314 1635 1573 1712 commisimus
1597 1635 1828 1712 audiendam
1850 1611 2046 1713 et'nosue
2072 1637 2174 1713 curie
2199 1665 2258 1712 re-

832 1766 1072 1842 mittendam:
1086 1765 1275 1854 Tandem,
1292 1787 1360 1872 pet
1372 1785 1537 1843 nostram
1553 1766 1713 1856 curiam,
1730 1766 1816 1844 visis
1829 1768 2067 1873 processibus
2080 1766 2258 1845 omnibus

831 1896 1053 2002 supradictis
1078 1913 1116 1972 et
1141 1897 1281 1973 auditis
1309 1897 1478 2003 partibus
1507 1898 1747 2003 supradictis,
1773 1920 1842 2005 per
1869 1915 1998 1980 nostre
2023 1901 2127 1976 curie
2152 1899 2256 2004 judi-

832 2029 949 2114 cium,
973 2027 1115 2104 dictum
1136 2027 1208 2104 fuit
1226 2045 1264 2104 et
1281 2030 1573 2134 pronunciatum
1589 2029 1730 2105 dictum
1748 2031 1968 2137 magistrum
1987 2027 2193 2107 Geraldum
2209 2030 2257 2105 de

831 2159 1024 2236 Corthona
1039 2159 1136 2235 bene
1155 2173 1193 2236 et
1206 2159 1374 2267 legitime
1389 2159 1671 2265 pronunciasse,
1688 2177 1726 2235 et
1742 2159 1882 2236 dietam
1896 2158 2142 2239 Guillelmam
2159 2161 2256 2236 male

832 2290 1054 2397 appellasse,
1077 2291 1236 2397 predicti
1256 2291 1407 2369 Geraldi
1427 2291 1669 2368 sentenciam
1681 2284 1953 2368 confirmando.

889 2423 1063 2498 Mercurii
1083 2441 1168 2499 ante
1186 2422 1336 2500 Pascha.

890 2669 1154 2769 XXleltem,
1174 2683 1239 2761 liat
1253 2686 1416 2790 quedam
1434 2686 1505 2761 alia
1519 2685 1663 2774 littera,
1675 2687 1724 2760 in
1744 2715 1821 2791 quo
1833 2686 2033 2762 mandetur
2052 2683 2259 2762 senescallo
2381 2664 2391 2679 ⁹

834 2814 1061 2908 Belli-Cadri
1083 2815 1187 2919 quod
1208 2815 1361 2919 recipiat
1380 2814 1425 2890 ab
1448 2813 1654 2890 heredibus
1673 2815 1931 2892 Ermessendis
1951 2815 2174 2902 Carderine,
2192 2816 2261 2893 sci-

835 2946 923 3024 licet
940 2945 1212 3054 quinquaginta
1231 2942 1345 3020 libras
1363 2971 1433 3050 pro
1451 2943 1582 3051 legatis
1601 2944 1820 3022 indistincte
1838 2945 1992 3032 relictis,
2018 2947 2168 3024 sacione
2186 2964 2261 3024 tes·

835 3077 993 3154 tumenti
1018 3075 1195 3153 defuncte
1219 3075 1393 3165 Ricarde,
1418 3075 1613 3181 quondam
1633 3077 1772 3152 sororis
1795 3077 1897 3154 dicte
1923 3075 2196 3167 Ermessendis,
2220 3094 2259 3153 et

836 3209 966 3316 viginti
984 3206 1099 3282 libras
1116 3233 1185 3310 pro
1200 3205 1371 3280 subsidio
1385 3207 1668 3293 Terre-Sancte,
1689 3224 1728 3282 et
1741 3207 1851 3312 quod
1864 3225 2059 3284 serventur
2073 3224 2178 3311 pacta
2195 3209 2258 3284 ba·

835 3338 913 3412 bita
935 3341 1033 3412 inter
1058 3336 1194 3411 dictem
1215 3335 1460 3438 Carderinam
1483 3355 1521 3412 et
1538 3335 1759 3414 collectores
1779 3364 1846 3414 seu
1865 3339 2062 3442 deputatos
2079 3336 2129 3412 ad
2145 3363 2262 3443 nego

837 3469 938 3545 cium
959 3467 1118 3544 subsidii
1135 3468 1413 3544 TeiieSancte.

894 3599 1071 3676 Mercurii
1087 3611 1173 3675 ante
1190 3599 1338 3675 Pascha.

895 3733 1027 3808 Postea
1045 3730 1261 3807 mandatum
1284 3749 1339 3807 est
1362 3731 1431 3808 sibi
1447 3733 1552 3838 quod
1567 3732 1759 3839 permittat
1773 3731 1875 3836 quod
1895 3731 2115 3808 collectores
2134 3729 2265 3835 hujus-

841 3863 944 3938 modi
962 3861 1172 3970 legatorum
1190 3887 1231 3936 ea
1247 3862 1382 3938 levent.

1439 4052 1664 4071 -n-na—

841 4278 1008 4332 tunicari
1035 4279 1104 4344 Qun
1124 4273 1329 4345 snoosniua
1349 4281 1458 4336 sacri
1478 4279 1639 4337 nunnoni
1655 4275 1725 4332 nna
1745 4279 1947 4333 asteismos
1964 4283 2000 4333 m
2020 4277 2158 4334 casnm
2178 4279 2266 4333 eosr

899 4403 1173 4474 risiiiinsrmi,
1201 4410 1249 4462 ni
1275 4411 1363 4465 soni
1389 4413 1560 4468 anuosiin
1588 4409 1788 4466 notosiioni
1817 4410 1994 4477 incoasse
2024 4413 2114 4465 rosr
2142 4411 2267 4462 einis-

900 4535 1046 4592 iinnrmi
1064 4535 1264 4592 rsaoicnoii
1284 4533 1470 4610 tunicare,
1490 4543 1526 4596 m
1546 4539 1655 4596 sicco
1672 4540 1772 4594 niori
1792 4540 2024 4596 tintinnum.

901 4779 927 4854 Ι.
957 4777 1211 4856 Gubernatori
1232 4779 1409 4856 Navarre:
1427 4779 1523 4856 Cum
1544 4779 1659 4857 abhas
1678 4797 1723 4856 et
1741 4776 1915 4854 monachi
1935 4771 2189 4851 Cisterciensis
2207 4797 2268 4846 or·

847 4911 960 5000 dinis,
985 4911 1026 4985 in
1055 4927 1181 4987 nostra
1204 4911 1355 5016 speciali
1376 4911 1504 5018 gardia
1527 4911 1742 5002 existentes,
1766 4908 1875 4985 nobis
1896 4904 2092 5009 conquesti
2109 4901 2270 4979 luissent

846 5041 950 5147 quod
973 5043 1196 5120 camerarius
1218 5061 1258 5120 et
1282 5042 1455 5120 monachi
1476 5041 1784 5150 Clugniacenses‚
1808 5062 1882 5113 una
1909 5061 1995 5112 cuin
2016 5035 2093 5111 suis
2112 5032 2270 5137 compli-

847 5172 953 5250 cibus
968 5173 1084 5249 eciam
1100 5174 1217 5262 laicis,
1239 5174 1392 5251 eosdem
1407 5173 1677 5251 Cistercienses
1693 5175 1732 5248 in
1753 5168 1987 5276 possessione
2002 5195 2070 5242 sua
2084 5180 2272 5241 monaste·

845 5303 891 5379 rii
912 5303 1254 5382 Sancti-Salvatoris
1270 5303 1491 5405 Legeiensis
1507 5305 1547 5380 in
1561 5305 1738 5391 Navarra,
1756 5325 1827 5407 per
1839 5297 2059 5374 violenciam
2076 5323 2269 5372 armorum
2316 5328 2320 5339 ¹

847 5435 1099 5512 molestabant
1124 5433 1383 5539 multipliciter
1412 5451 1449 5510 et
1472 5435 1692 5520 turbabant3
1720 5446 1960 5535 procuratore
1988 5425 2270 5534 Clugniacensis
