5817 7292
859 1074 903 1144 16
1435 1067 1526 1140 LES
1557 1065 1698 1142 OLIM.

625 1235 755 1288 Passim
768 1227 811 1292 lv,
854 1209 1277 1321 consanguinitatedicti
1287 1208 1472 1298 defuncti,
1485 1210 1759 1316 qui,tanquam
1770 1210 2032 1316 beres,petere
2042 1230 2166 1318 posset
2174 1215 2274 1292 bona

688 1323 751 1368 ’Μ’
853 1343 1035 1450 predicta,
1059 1359 1097 1419 et
1115 1342 1249 1418 Petrus
1268 1341 1315 1417 de
1330 1341 1499 1428 Vastino‚
1516 1341 1643 1434 miles,
1661 1342 1745 1448 qui,
1767 1370 1881 1448 super
1899 1345 2133 1449 possessione
2159 1345 2276 1422 dicto-

854 1503 940 1550 rum
966 1473 1174 1560 bonorum,
1203 1500 1272 1578 pro
1292 1499 1331 1548 se
1358 1473 1602 1562 sentenciam,
1631 1501 1755 1550 coram
1784 1472 1885 1551 dicto
1914 1474 2067 1565 ballivo,
2094 1475 2278 1553 habuerat

855 1621 984 1682 contra
1004 1604 1201 1683 Galterum
1228 1603 1428 1680 dominum
1454 1604 1504 1679 de
1524 1604 1717 1690 Tarrosio,
1745 1603 1924 1696 militem,
1951 1606 2171 1716 bogerium,
2197 1605 2278 1712 ejus

855 1736 1025 1826 fratrem,
1048 1751 1087 1812 et
1103 1734 1314 1812 Johannem
1325 1735 1380 1810 'de
1392 1736 1645 1826 Toncorcaut,
1662 1735 1900 1828 semiferum,
1915 1765 2083 1815 asserens
2096 1765 2137 1815 se
2155 1738 2279 1844 proxi-

855 1868 1016 1944 miorem
1033 1867 1215 1943 heredem
1230 1866 1277 1942 de
1293 1865 1617 1974 consanguinitate
1632 1866 1722 1943 dicti
1733 1865 1920 1957 defuncti,
1932 1885 2078 1974 peteret
2089 1869 2277 1946 dictorum

855 1998 1044 2078 bonorum
1060 1997 1333 2105 possessionem
1352 1997 1424 2074 sibi
1438 1996 1662 2086 deliberari,
1679 2014 1718 2076 et
1731 1998 2046 2104 impedimentum
2063 1999 2277 2104 predictum

855 2128 1035 2206 ballivum
1055 2157 1168 2234 super
1187 2127 1260 2204 hoc
1274 2128 1488 2234 appositum
1509 2127 1694 2205 amoveri:
1711 2128 1899 2220 Tandem,
1916 2128 2054 2206 auditis
2072 2156 2186 2235 super
2205 2131 2279 2207 boc

858 2258 1046 2337 dictorum
1060 2258 1160 2335 Petri
1183 2275 1222 2335 et
1239 2256 1366 2337 ballivi
1387 2256 1618 2346 racionibus,
1644 2274 1683 2333 et
1698 2258 1872 2365 inquesta
1890 2258 1983 2336 facta
2001 2288 2115 2364 super
2132 2259 2279 2365 predie

857 2391 904 2466 tis
928 2391 1002 2468 visa
1023 2405 1060 2466 et
1081 2389 1283 2495 diligenter
1307 2387 1530 2478 examinata,
1552 2386 1824 2494 perjudicium
1843 2407 1970 2468 nostre
1991 2390 2111 2477 curie,
2135 2391 2278 2466 dictum

858 2521 929 2596 luit
951 2539 989 2597 et
1004 2520 1297 2627 pronunciatum
1320 2519 1425 2625 quod
1447 2518 1569 2596 dictus
1584 2518 1743 2597 ballivus
1757 2519 2076 2626 impedimentum
2095 2519 2200 2627 quod
2217 2549 2281 2627 ap-

858 2667 1035 2758 posuerat
1054 2651 1093 2727 in
1116 2650 1225 2730 dictis
1238 2649 1350 2727 bonis
1370 2667 1553 2738 amoveat,
1572 2666 1761 2726 eteorum
1781 2650 1955 2728 saisinam
1978 2651 2149 2758 predicto
2168 2652 2279 2728 Petro

860 2782 1046 2860 deliberet
1061 2797 1099 2859 et
1113 2781 1265 2870 reddat,
1284 2781 1383 2858 salvo
1398 2782 1437 2857 in
1454 2779 1648 2867 omnibus,
1667 2807 1782 2884 super
1795 2780 1938 2858 eisdem
1955 2780 2083 2869 bonis,
2095 2782 2183 2889 jure
2197 2810 2283 2859 nos-

859 2933 917 2992 tro
939 2931 976 2990 et
995 2913 1129 2990 alieno.

914 3047 1044 3122 Mense
1065 3044 1280 3122 Febmario.

915 3307 1055 3386 XXVll.
1087 3305 1184 3382 Cum
1206 3301 1369 3382 dilectus
1390 3304 1548 3382 clericus
1569 3323 1699 3384 noster
1722 3306 1899 3414 magister
1922 3305 2144 3412 Radulphus
2161 3309 2283 3384 Rous-

862 3437 986 3524 seleti,
1009 3436 1208 3514 canonicus
1223 3436 1413 3524 Dolensis,
1435 3437 1484 3513 ad
1503 3455 1626 3544 partes
1641 3439 1883 3545 Agennenses
1897 3437 2104 3514 destinatus
2122 3437 2279 3529 anobis,

862 3568 998 3646 virtute
1011 3566 1285 3645 commissionis
1295 3585 1421 3649 nostre
1431 3569 1616 3674 quosdam
1631 3596 1826 3676 processus
1842 3585 1880 3644 et
1893 3568 2103 3673 inquestam
2117 3564 2280 3655 fecisset,

864 3713 992 3776 contra
1011 3697 1184 3776 consules
1200 3715 1238 3774 et
1253 3699 1508 3777 communiam
1525 3700 1784 3807 Agennenses‚
1802 3726 1915 3805 super
1926 3695 2153 3804 quibusdam
2168 3695 2284 3774 rebus

863 3859 937 3935 que
960 3829 1185 3908 dicebantur
1206 3829 1316 3907 nobis
1340 3830 1555 3922 commisse3
1579 3831 1682 3920 item,
1706 3855 1821 3932 super
1838 3826 1959 3936 sigillo
1986 3827 2085 3904 dicte
2110 3855 2284 3904 commu-

864 3962 926 4040 nie
954 3977 992 4038 et
1013 3959 1095 4037 aliis
1119 3959 1346 4066 quibusdam
1366 3962 1406 4037 in
1432 3960 1541 4037 dictis
1562 3958 1798 4064 processibus
1821 3972 1860 4036 et
1882 3959 2055 4065 inquesta
2081 3959 2282 4048 contentis,

865 4091 1030 4198 dictique
1058 4090 1232 4170 consules
1259 4109 1297 4168 et
1326 4089 1542 4168 communie
1566 4117 1679 4195 super
1703 4087 1932 4196 quibusdam
1952 4088 2119 4166 articulis
2147 4089 2193 4165 ab
2219 4118 2286 4166 au-

865 4223 1007 4300 diencia
1027 4222 1153 4300 clerici
1169 4223 1285 4300 nostri
1303 4221 1463 4328 predicti
1479 4221 1526 4297 ad
1546 4237 1711 4297 nostram
1734 4219 1876 4296 curiam
1892 4219 2164 4327 appellassent:
2186 4223 2287 4297 Tan-

866 4353 969 4440 dem,
993 4352 1132 4429 auditis
1158 4352 1248 4429 dicti
1270 4353 1394 4430 clerici
1416 4351 1536 4433 nostri
1555 4349 1740 4428 relacione
1763 4379 1805 4426 ac
1826 4368 2067 4456 procuratore
2089 4349 2285 4429 consulum

866 4498 904 4558 et
924 4481 1139 4558 communie
1165 4482 1439 4586 predictorum,
1467 4483 1568 4559 curia
1592 4498 1735 4570 nostra,
1756 4481 1923 4588 predicta
1945 4481 2199 4588 appellacione
2218 4507 2286 4583 per

867 4640 946 4688 eam
979 4608 1160 4703 anullata,
1190 4611 1238 4687 de
1263 4610 1413 4716 speciali
1431 4612 1555 4717 gracia
1573 4611 1627 4688 sic
1652 4612 1839 4690 ordinavit
1857 4611 1963 4718 quod
1983 4611 2071 4686 dicti
2091 4635 2284 4715 processus

867 4759 906 4817 et
931 4741 1101 4848 inquestu
1125 4741 1330 4831 dormiant,
1354 4757 1389 4818 et
1403 4741 1508 4847 quod
1527 4770 1661 4820 manus
1680 4761 1821 4829 nostra,
1839 4769 1907 4847 per
1923 4739 2066 4817 dictum
2080 4740 2124 4814 R.
2146 4738 2185 4812 in
2203 4762 2286 4841 pre·

869 4872 978 4950 dictis
993 4871 1177 4978 apposita,
1196 4872 1244 4948 ad
1257 4899 1411 4978 presens
1427 4890 1654 4966 amoveatur,
1671 4890 1709 4949 et
1720 4871 1825 4979 quod
1835 4866 2087 4948 inbibiciones
2101 4895 2169 4974 per
2181 4895 2287 4943 eum-

869 5004 957 5081 dem
982 5006 1025 5079 ll.
1053 5003 1147 5081 lacte
1175 5031 1287 5110 super
1307 5003 1499 5109 premissis
1521 5021 1680 5094 cessent,
1709 5017 1890 5109 quantum
1915 4998 1963 5076 ad
1989 5027 2159 5105 presens,
2185 4998 2286 5076 salvo

863 5134 949 5242 jure
969 5150 1099 5212 nostro
1115 5134 1154 5210 in
1177 5133 1370 5226 omnibus,
1390 5152 1429 5212 et·
1446 5136 1551 5241 quod
1569 5164 1637 5242 per
1656 5134 1729 5210 boc
1741 5129 1891 5207 nullum
1912 5129 2055 5206 eisdem
2071 5130 2133 5236 jus
2151 5157 2287 5235 quera-

867 5284 932 5344 tur
947 5296 1016 5343 nec
1032 5267 1071 5342 in
1088 5265 1315 5372 proprietate
1331 5293 1400 5342 nec
1419 5266 1460 5342 in
1474 5264 1706 5372 possessione
1726 5289 1838 5366 super
1854 5260 2062 5368 premissis,
2086 5260 2155 5338 sed
2174 5289 2288 5366 super

870 5397 923 5474 eis
928 5397 992 5503 jus
1003 5410 1174 5476 nostrum
1185 5425 1252 5500 per
1264 5395 1389 5474 omnia
1406 5416 1443 5474 et
1457 5398 1495 5474 in
1509 5394 1684 5496 omnibus
1697 5391 1849 5468 illesum
1862 5408 2049 5482 servetur3
2067 5408 2120 5481 et,
2134 5392 2287 5498 quando
