5817 7292
910 1108 985 1182 aaa
1050 1194 1054 1205 Κ
1492 1104 1582 1179 cus
1613 1105 1752 1179 otiu.

684 1263 813 1317 raama
827 1260 869 1325 Ν,
906 1269 1033 1330 nostre
1047 1251 1166 1341 curie,
1185 1250 1329 1328 dictum
1342 1249 1416 1326 fuit
1430 1248 1536 1356 quod
1551 1247 1642 1326 certi
1658 1245 1861 1335 dabuntur,
1876 1273 1946 1351 per
1960 1247 2122 1338 curiam,
2143 1252 2336 1337 auditores

744 1352 808 1396 Μ’
907 1380 984 1491 qui,
999 1383 1134 1460 vocatis
1148 1381 1215 1490 qui
1229 1380 1371 1459 fuerint
1386 1378 1576 1472 evocandi,
1593 1378 1641 1456 de
1657 1366 1767 1454 dictis
1779 1376 1900 1454 misiis
1914 1376 2112 1457 veritatem
2125 1381 2330 1490 inquirent,

908 1528 945 1589 et
961 1514 1078 1589 eciam
1094 1514 1141 1591 de
1155 1512 1429 1590 consuetudine
1444 1510 1642 1587 comitatus
1655 1508 1940 1599 Attrebatensi's,
1952 1509 2048 1587 infra
2062 1513 2169 1618 quod
2183 1532 2335 1623 tempus

905 1670 1032 1722 comes
1049 1642 1367 1723 Claromontensis
1382 1668 1537 1718 nemora
1549 1667 1624 1747 que
1640 1637 1728 1729 sibi,
1744 1655 1937 1745 tamquam
1953 1640 2126 1733 mobilia,
2148 1643 2335 1725 delibera·

906 1774 1061 1865 buntur,
1072 1803 1140 1882 pro
1151 1790 1256 1882 parte
1273 1801 1339 1851 sua
1351 1772 1540 1850 dictorum
1554 1797 1772 1862 nemorum,
1783 1769 1993 1877 explectare
2007 1789 2045 1849 et
2052 1798 2208 1853 vacuare
2223 1776 2334 1856 debe·

906 1905 976 1996 bit,
1005 1923 1056 1997 et,
1082 1906 1259 2015 inquisita
1279 1904 1432 1983 veritate
1458 1904 1507 1980 de
1527 1902 1721 2009 predictis,
1742 1900 1904 2009 visisque
1931 1902 2114 2011 inquestis
2135 1907 2331 2012 predictis,

907 2036 1010 2113 curia
1026 2056 1154 2115 nostra
1173 2038 1221 2115 ad
1234 2064 1277 2115 ea
1291 2036 1542 2145 judicandum
1558 2033 1740 2141 procedet
1762 2032 1811 2109 ad
1828 2031 2001 2111 futurum
2021 2036 2191 2141 proximo
2211 2035 2332 2144 parla-

907 2184 1090 2245 mentum.

962 2298 1098 2376 Actum
1119 2300 1220 2407 apud
1237 2299 1487 2388 Pontisaram,
1508 2295 1684 2376 Mercurii
1705 2312 1791 2401 post
1807 2295 2100 2388 Penthecosten,
2126 2325 2222 2376 anuo
2247 2315 2327 2376 tre-

908 2430 1111 2508 centesimo
1128 2430 1344 2508 undecimo.

963 2560 1115 2637 Tradita
1134 2559 1205 2637 suit
1225 2559 1293 2637 ista
1307 2561 1481 2667 inquesta
1494 2559 1769 2637 commissariis.

963 2819 1087 2899 CXVI.
1119 2821 1241 2927 Super
1260 2849 1305 2898 co
1327 2821 1431 2928 quod
1452 2820 1674 2897 Lancelotus
1695 2820 1742 2896 de
1762 2819 2116 2908 Sancto-Medurdo,
2136 2820 2262 2913 miles,
2276 2820 2332 2897 di-

907 2949 1013 3028 cebat
1032 2981 1087 3044 se,
1113 2953 1261 3029 racione
1284 2954 1409 3030 uxoris
1427 2980 1511 3041 sue,
1535 2979 1615 3029 esse
1631 2951 1670 3028 in
1682 2952 1784 3028 bona
1803 2951 1936 3028 saisina
1954 2951 2190 3058 percipiendi
2210 2971 2248 3030 et
2265 2954 2332 3031 ha·

906 3080 1020 3158 bendi
1044 3110 1158 3159 unam
1181 3084 1332 3160 unciam
1354 3082 1434 3159 auri
1460 3112 1482 3159 a
1506 3081 1662 3189 singulis
1689 3081 1909 3159 hominibus
1931 3080 2016 3159 ville
2044 3083 2331 3162 Sancti-Felicis

906 3212 1047 3289 servilis
1062 3214 1291 3292 condicionis
1307 3215 1411 3323 quod
1424 3213 1640 3290 manumitti
1656 3241 1724 3290 seu
1741 3211 1920 3297 franchiri
1936 3213 2132 3321 contingit,
2147 3215 2255 3290 certis
2265 3243 2328 3291 au-

906 3342 1092 3422 ditoribus
1108 3344 1292 3449 deputatis
1306 3373 1328 3420 a
1340 3343 1469 3433 nobis,
1486 3360 1538 3434 et,
1558 3372 1683 3420 coram
1700 3345 1755 3420 eis
1773 3360 1873 3421 mota
1892 3343 2088 3448 questione
2103 3370 2215 3449 super
2232 3342 2321 3432 hoc,

905 3500 973 3578 per
994 3474 1136 3551 dictum
1161 3474 1321 3551 militem
1350 3491 1478 3553 contra
1501 3477 1687 3580 quosdam
1712 3474 1884 3552 homines
1906 3473 2001 3549 dicte
2022 3473 2130 3565 ville,
2152 3474 2324 3579 ipsorum

904 3604 1104 3682 hominum
1126 3622 1345 3711 procurator
1368 3606 1572 3711 aquadam
1595 3604 1885 3710 interloqutoria
1902 3620 2029 3680 contra
2045 3630 2111 3682 eos
2131 3630 2201 3711 pro
2221 3603 2323 3681 dicto

905 3733 1024 3810 milite
1039 3733 1138 3823 data,
1152 3735 1199 3812 ad
1212 3750 1377 3811 nostram
1388 3736 1529 3812 curiam
1542 3734 1776 3841 appellasset,
1790 3752 1828 3811 et
1839 3760 1952 3839 super
1965 3732 2127 3810 articulis
2143 3733 2327 3810 dictarum

903 3865 1087 3969 parcium,
1106 3865 1147 3941 in
1167 3893 1276 3942 causa
1296 3865 1393 3942 dicte
1417 3865 1698 3973 appellacionis,
1722 3864 1833 3942 certis
1853 3864 1949 3941 datis
1968 3863 2249 3952 commissariis,
2272 3865 2330 3940 in-

904 4013 1036 4102 qucsta
1055 4023 1204 4102 percos
1223 3995 1317 4073 sacta
1335 3996 1382 4072 ad
1404 3996 1547 4073 curiam
1563 4012 1732 4074 nostram
1752 4011 1942 4101 reportata
1959 3993 2115 4072 fuisset:
2136 3995 2324 4083 Tandem,

903 4127 978 4202 visa
991 4126 1162 4232 inquesta
1176 4126 1359 4232 predicta,
1381 4156 1468 4203 cum
1486 4127 1615 4233 plures
1630 4126 1798 4203 defectus
1812 4126 1909 4202 inea
1926 4125 2067 4232 reperti
2080 4124 2238 4214 luerim,
2257 4152 2327 4230 per

904 4254 1006 4331 curie
1030 4271 1155 4333 nostre
1176 4256 1381 4364 judicium,
1402 4257 1544 4334 dictum
1560 4256 1631 4333 luit
1647 4256 1769 4363 quod,
1795 4255 1968 4334 obmissis
1984 4255 2151 4333 totaliter
2164 4254 2327 4362 appella·

903 4385 1010 4464 cioue
1021 4388 1187 4493 predicta
1194 4416 1235 4465 ac
1244 4415 1421 4495 processu
1434 4390 1604 4495 predicto
1618 4389 1658 4464 in
1674 4417 1782 4465 causa
1791 4386 1891 4465 dicte
1905 4386 2170 4495 appellacionis
2182 4385 2324 4480 habito,

904 4515 1002 4594 dicte
1012 4535 1135 4625 partes
1145 4548 1258 4626 super
1268 4519 1463 4625 principali
1477 4548 1585 4597 causa
1596 4518 1763 4627 predicta
1775 4520 1822 4595 ad
1836 4546 1991 4596 examen
2004 4517 2131 4597 ballivi
2143 4516 2327 4595 Silvanec-

902 4649 1018 4726 tensis
1027 4667 1271 4742 revertantur,
1288 4651 1353 4759 qui
1369 4652 1408 4727 in
1427 4651 1648 4759 hujusmodi
1664 4650 1905 4759 negocio,via
1920 4649 2119 4737 ordinaria,
2132 4647 2318 4755 procedat.

958 4781 1094 4858 Actum
1114 4782 1213 4890 apud
1232 4784 1477 4872 Pontisarum,
1494 4782 1623 4860 Martis
1642 4799 1728 4889 post
1743 4780 1978 4859 Trinitatem.

958 5042 1095 5123 CXVII.
1126 5044 1239 5134 Cum,
1260 5061 1424 5152 exparte
1444 5044 1697 5151 procuratoris
1720 5043 1838 5121 nostri
1857 5043 2187 5151 Petragoriceusis,
2212 5038 2323 5117 nobis

900 5169 1015 5249 suerit
1038 5174 1286 5281 significatum
1311 5175 1415 5281 quod
1439 5174 1567 5255 Guido
1590 5176 1638 5253 de
1655 5176 1887 5253 Tornemine
1908 5190 1945 5252 et
1963 5174 2141 5263 Poncius,
2163 5170 2323 5252 Guillel-·

902 5332 1005 5395 mus,
1027 5306 1159 5383 Petrus
1176 5336 1216 5383 ac
1230 5305 1406 5395 Guiotus,
1425 5304 1555 5385 fratres
1573 5336 1614 5385 ac
1631 5325 1801 5413 nepotes,
1823 5306 2022 5384 familiares
2037 5322 2076 5383 et
2093 5304 2141 5383 de
2155 5300 2322 5381 vestibus

901 5434 1059 5535 predicti
1085 5434 1272 5515 Guidonis
1296 5437 1344 5514 de
1365 5438 1595 5516 Tornemine
1613 5455 1698 5544 post
1720 5438 1940 5515 citacionem
1963 5454 2001 5515 et
2019 5438 2321 5544 ajornamentum
