5817 7292
864 1098 938 1173 386
1445 1098 1536 1172 tus
1562 1098 1703 1173 OLIM.
1775 1168 1782 1179 .

638 1250 767 1305 Parum
780 1247 825 1312 W.
862 1237 1010 1322 comitis
1031 1256 1069 1317 et
1086 1238 1195 1345 culpa
1215 1238 1386 1348 ejusdcm
1407 1239 1628 1322 hominibus
1647 1239 2127 1324 nostriscommorantibus
2145 1243 2184 1321 in
2200 1244 2288 1325 bus*

698 1341 761 1386 Μ’
861 1368 951 1448 tidis
966 1370 1103 1453 nostris
1117 1369 1166 1447 de
1181 1370 1506 1455 Bello-Marchcsio
1521 1370 1623 1451 etde
1637 1370 1836 1477 Muciam
1851 1387 1890 1448 et
1901 1371 1992 1481 quia
2003 1372 2200 1452 inventum
2214 1394 2285 1466 est,

861 1526 930 1605 por
948 1499 1160 1605 inquestam
1178 1500 1270 1579 iudo
1291 1499 1442 1591 saetam,
1464 1519 1596 1608 gentes
1615 1500 1706 1579 dicti
1721 1501 2000 1592 comitis-Furi,
2022 1503 2133 1610 culpa
2149 1503 2285 1611 ipsius¹

862 1630 901 1705 in
915 1646 1060 1707 trnttun
1076 1628 1359 1736 dampnificosse
1375 1632 1551 1713 homines
1562 1631 1734 1709 villarum
1748 1632 2023 1738 predictarum
2038 1662 2113 1741 que
2127 1638 2287 1741 pecunia

862 1760 1110 1841 distribuetur
1125 1760 1223 1843 inter
1238 1762 1359 1839 dictos
1373 1762 1565 1852 bominem
1583 1764 1746 1869 dampna
1759 1792 1902 1869 passos,
1914 1782 2027 1869 Juxta
2036 1766 2284 1871 quantitatem

861 1890 1024 1998 dampni·
1035 1890 1238 1998 cujuslibet
1256 1892 1491 1975 eorumdem.
1512 1894 1622 1984 Item,
1644 1892 1732 1999 quia
1750 1894 1790 1971 in
1809 1893 1919 1973 dictis
1936 1893 2118 2001 villisper
2132 1897 2286 1978 easdem

859 2038 990 2128 gentes
1002 2037 1167 2128 quatuor
1182 2022 1357 2105 hominos
1373 2022 1529 2102 fuorunt
1548 2023 1659 2101 occisi
1679 2041 1718 2101 et
1736 2023 1888 2132 bajulus
1908 2042 2036 2105 noster
2050 2025 2281 2117 vulneratus,

860 2150 1148 2259 condempnavit
1173 2152 1276 2229 curia
1300 2169 1427 2233 nostra
1452 2152 1596 2233 dictum
1620 2155 1798 2234 comitem
1818 2155 1910 2237 Furi
1931 2154 1982 2233 ad
1994 2157 2280 2238 emendandum

860 2279 989 2361 liberis
1010 2282 1066 2359 rel
1085 2281 1167 2359 aliis
1186 2281 1476 2388 proximioribus
1495 2284 1702 2376 heredibus
1722 2285 1910 2367 dictorum
1929 2285 2138 2366 occisorum
2152 2288 2220 2393 qui
2234 2287 2282 2367 li=

859 2410 971 2490 beros
989 2440 1066 2491 non
1084 2412 1273 2495 habebant
1286 2412 1335 2489 nd
1352 2414 1636 2499 extimacionern
1652 2442 1851 2521 operarum
1866 2413 2282 2497 brutarum-dictorum

859 2543 1085 2634 occisorum,
1104 2559 1291 2649 quantum
1307 2542 1401 2623 boni
1416 2544 1484 2624 viri
1494 2574 1571 2651 per
1590 2574 1660 2623 nos
1679 2546 1886 2652 deputandi
1903 2547 1952 2626 ad
1967 2545 2175 2627 faciendam
2191 2577 2280 2630 exe·-

858 2673 1053 2751 cucionem
1075 2672 1293 2780 hujusmodi
1304 2672 1463 2781 judicati
1480 2676 1755 2767 extimuerint,
1765 2677 1873 2785 juxta
1888 2678 2149 2757 condicionem
2164 2695 2204 2755 ct
2218 2708 2279 2757 er·
2383 2759 2388 2768 ,
2457 2747 2465 2760 .

856 2801 1016 2882 tificium
1033 2802 1232 2909 cujuslibet
1254 2804 1381 2897 occisi,
1403 2822 1441 2883 et
1461 2805 1588 2886 habitu
1603 2808 1752 2891 racione
1774 2809 1884 2887 etatis
1900 2808 2121 2917 cujuslibet,
2138 2826 2178 2887 et
2189 2834 2282 2889 oon-

857 2933 1028 3012 sideratis
1042 2933 1123 3011 aliis
1143 2962 1216 3041 que
1232 2934 1279 3012 de
1289 2934 1376 3044 jure
1389 2937 1529 3043 scripto
1544 2937 1584 3014 in
1599 2937 1739 3017 talibus
1752 2938 1895 3017 debent
1909 2937 2149 3024 considerari.
2167 2940 2277 3031 item,

857 3065 957 3145 curin
983 3082 1109 3145 nostra
1137 3066 1425 3172 condempnavit
1450 3067 1596 3151 dictum
1622 3071 1801 3149 comitem
1825 3072 1933 3158 Furi,
1956 3070 2128 3177 predicto
2150 3071 2279 3178 bajulo

856 3214 1004 3286 nostro,
1025 3196 1091 3304 qui
1117 3196 1189 3273 suit
1212 3195 1429 3275 verberatus
1448 3216 1487 3283 et
1508 3199 1724 3286 uulneratus
1742 3228 1810 3306 per
1828 3202 1948 3286 dictus
1964 3217 2096 3308 gentes
2113 3224 2215 3291 suas,
2236 3203 2277 3280 in

856 3344 1005 3408 centum
1021 3326 1126 3404 libris
1140 3328 1447 3421 Turonensibus,
1462 3358 1531 3435 pro
1545 3331 1717 3410 emenda.
1734 3333 1845 3421 Item,
1859 3359 1930 3440 pro
1948 3330 2117 3409 socienda
2132 3331 2281 3411 ibidem·

854 3457 894 3533 in
905 3456 1085 3563 *qualibet
1104 3455 1288 3537 dictarum
1306 3458 1480 3537 villarum
1498 3489 1573 3539 una
1590 3461 1746 3568 capella,
1764 3460 1830 3540 ubi
1851 3459 1974 3538 divina
1993 3460 2273 3565 imperpetuum

853 3615 922 3692 pro
947 3586 1143 3669 animabus
1165 3586 1373 3668 occisorum
1397 3589 1519 3675 officia
1541 3591 1789 3683 celebrentur,
1813 3591 1853 3668 in
1872 3589 2153 3697 quadringentis
2162 3588 2275 3677 tibris

853 3718 1131 3797 Turonensium
1157 3718 1364 3808 bonorum,
1388 3748 1458 3827 pro
1478 3721 1648 3829 qualibet
1669 3722 1821 3828 capella.
1841 3722 1951 3813 Item,
1972 3749 2043 3827 pro
2059 3748 2136 3800 una
2154 3722 2277 3826 capei-

852 3847 966 3937 lnnia,
988 3849 1027 3925 in
1053 3848 1223 3956 qualibet
1243 3850 1424 3930 dictarum
1450 3852 1622 3931 villarum
1639 3854 1860 3961 assignanda
1878 3881 1947 3958 pro
1967 3881 2047 3930 uuo
2066 3851 2283 3957 capellanos

852 3981 917 4087 qui
942 4010 1010 4086 pro
1030 3982 1227 4061 animabus
1250 3983 1510 4089 predictorum
1529 3984 1738 4063 occisorum
1758 4004 1944 4091 perpetuo
1963 3984 2002 4061 in
2021 3983 2194 4090 qualibet
2217 4012 2282 4062 ce·-

851 4109 951 4215 pella
972 4109 1110 4189 debent
1129 4112 1336 4202 celebrare,
1358 4130 1396 4191 et
1415 4104 1483 4220 qui
1502 4143 1570 4221 per
1588 4143 1665 4194 nos
1679 4133 1718 4193 st
1741 4140 1973 4193 successores
1993 4130 2144 4193 nostros.
2153 4115 2277 4219 possit

853 4254 889 4313 et
909 4238 1045 4319 debeat
1064 4242 1344 4349 imperpetuum
1367 4245 1589 4349 presentari,
1610 4246 1902 4351 condempnavit
1912 4244 2020 4326 curin
2038 4261 2166 4321 nostra
2178 4269 2276 4321 eun-

852 4368 938 4447 dem
967 4344 1144 4454 comitem
1174 4373 1265 4453 Fuxi
1294 4375 1334 4452 in
1359 4376 1617 4486 quadragintis
1640 4377 1748 4461 libris
1776 4376 2057 4459 Turonensimn
2074 4375 2283 4455 bonorum.

850 4501 963 4577 anntui
982 4504 1151 4587 redditus
1173 4522 1210 4581 et
1228 4506 1269 4581 in
1284 4505 1375 4589 ¹locis
1393 4508 1702 4591 convenientibus
1721 4507 1946 4597 coemendis,
1963 4507 2143 4588 uidelicet
2161 4506 2200 4582 in
2221 4508 2274 4583 vi-

827 4704 828 4707 ,
849 4630 941 4737 giuti
966 4631 1072 4715 libris
1096 4635 1212 4713 annui
1231 4635 1404 4718 redditus
1419 4668 1493 4745 pro
1509 4639 1686 4745 quolibet
1703 4637 1909 4745 capellano.
1935 4639 2046 4727 Item,
2068 4634 2279 4740 condemp·

849 4761 949 4845 navit
968 4764 1070 4847 curia
1088 4782 1214 4845 nostra
1233 4766 1405 4865 cundem.
1420 4770 1598 4849 comitem
1617 4769 1781 4850 ruxtnd
1803 4768 2002 4848 emendum
2019 4767 2277 4870 dampmrum·

848 4894 1030 4999 qurtpassi
1046 4893 1198 4981 suerunt
1212 4896 1385 4977 homines
1400 4899 1448 4977 de
1463 4901 1627 4992 serrata,
1640 4927 1717 5006 que
1732 4897 1906 4987 villa-snit
1917 4927 1986 5003 por·
2000 4897 2143 4974 dictum
2158 4895 2270 4972 corni·

846 5037 923 5101 tem
946 5025 1039 5109 Furi
1062 5041 1099 5103 et
1120 5042 1250 5134 gentes
1266 5057 1350 5109 suas
1373 5030 1563 5111 hostiliter
1583 5032 1723 5118 invasa,
1745 5046 1867 5135 cepte,
1890 5028 2077 5105 destructe
2090 5024 2179 5130 igue
2200 5024 2270 5104 im·

845 5153 976 5241 misso,
995 5173 1033 5234 et
1046 5157 1292 5267 quadraginta
1308 5176 1347 5237 et
1359 5160 1504 5267 plures,
1516 5180 1598 5241 tam
1609 5162 1803 5254 homiues,
1816 5188 1929 5267 qnam
1939 5157 2140 5247 mulieres,
2153 5183 2266 5262 quam

845 5283 1004 5368 issfflntet
1029 5276 1178 5367 ibidem
1200 5288 1331 5381 0⁰0i8i3
1352 5320 1428 5397 que
1454 5294 1634 5400 dampna,
1654 5282 2171 5400 quiepcrtinqusstnminde
2194 5286 2268 5364 fae
2315 5332 2319 5340 ·

844 5430 918 5493 tam
941 5418 1134 5503 extimncio
1155 5435 1254 5499 certa
1275 5448 1352 5502 non
1368 5426 1570 5528 reperitur,
1586 5423 1865 5509 extimsbunurr
1883 5449 1950 5529 per
1968 5435 2187 5503 executores
2205 5447 2269 5497 su-
