5817 7292
877 1119 925 1191 86
1457 1123 1546 1196 Lus
1576 1122 1716 1196 OLlM.

643 1280 781 1357 ‘narniis
794 1279 837 1339 lv,
876 1261 1027 1338 recedat
1036 1258 1130 1367 quin
1146 1259 1358 1340 dilanietur.
1375 1300 1387 1330 ·
1401 1264 1551 1357 Quibus
1564 1263 1717 1353 auditis,
1734 1263 1823 1340 dicti
1835 1262 2011 1372 magister
2024 1261 2156 1340 Petrus
2170 1279 2208 1339 et
2219 1289 2297 1340 ser-

712 1373 774 1414 ¹⁵⁰¹'
875 1395 1015 1470 vientes
1035 1392 1084 1468 nd
1101 1409 1261 1470 cestrum
1278 1395 1325 1471 de
1342 1395 1552 1473 Pestilhaco
1567 1395 1765 1502 ingerunt,
1787 1413 1826 1471 et
1843 1395 1979 1472 timore
1998 1392 2132 1470 mortis
2153 1393 2296 1471 ibidem

873 1553 912 1601 se
925 1524 1177 1612 recluserunt,
1191 1524 1291 1602 dicto
1304 1526 1479 1634 Philippo
1493 1526 1540 1605 de
1549 1525 1759 1606 lencheriis
1769 1526 1934 1614 dicente,
1951 1527 2204 1630 «Frangumus
2214 1551 2297 1632 por-

872 1672 927 1731 tes
952 1653 1114 1744 cestria
1139 1685 1180 1731 ac
1206 1656 1344 1734 deinde
1371 1659 1606 1736 Bernardum
1626 1657 1673 1736 de
1698 1656 1944 1736 Miro-Monte
1969 1672 2007 1732 et
2024 1655 2223 1734 Vitianum
2248 1653 2295 1732 de

870 1786 1066 1875 Cermeto‚
1083 1805 1342 1893 procuratores
1356 1789 1447 1866 dicti
1464 1791 1676 1879 Bertrandi,
1694 1789 1817 1866 dictus
1828 1788 2025 1896 Philippus
2040 1804 2079 1863 et
2091 1786 2220 1893 plures
2232 1785 2294 1863 alii

865 1917 1104 2024 fugaverunt,
1122 1917 1335 1996 clamando:
1351 1955 1363 1988 ι
1378 1919 1438 1997 Ad
1451 1924 1631 1997 morteml
1646 1919 1705 1996 Ad
1717 1920 1952 2007 murtrarios‚
1966 1945 2044 1994 non
2057 1920 2159 1994 eantl
2177 1918 2295 1993 »ltem

867 2047 1013 2124 lanceas
1038 2077 1132 2155 quas
1156 2049 1246 2126 dicti
1273 2051 1477 2128 servientes
1505 2053 1622 2135 nostri
1648 2050 1848 2157 portabant
1871 2049 2108 2126 abstulerunt
2131 2048 2293 2136 eisdem,

868 2181 1075 2286 Petrusque
1101 2181 1148 2258 de
1173 2181 1364 2292 Arragone
1385 2201 1422 2260 et
1446 2183 1602 2290 qnidam
1626 2182 1711 2270 elii,
1727 2183 1781 2260 de
1801 2181 1977 2257 mandato
1997 2179 2185 2256 dictorum
2206 2180 2294 2255 Phi-

868 2310 978 2416 lippi,
996 2313 1165 2422 Hngonis
1185 2329 1222 2388 et
1241 2313 1377 2420 Helye‚
1393 2315 1605 2392 Johannem
1623 2314 1804 2419 Philippi,
1822 2311 2004 2389 nuncium
2020 2310 2110 2386 dicti
2126 2311 2178 2388 M.
2193 2311 2293 2386 Petri

867 2470 994 2520 versus
1014 2441 1151 2519 dictam
1171 2443 1355 2522 bastidam
1382 2445 1574 2521 duxerunt
1597 2444 1773 2522 menibus
1799 2472 1819 2518 a
1841 2461 1948 2550 tergo
1972 2442 2115 2548 ligetis3
2140 2458 2294 2546 propter

867 2600 941 2678 que
967 2571 1087 2649 dictos
1110 2573 1328 2681 Philippum
1357 2576 1405 2651 de
1435 2574 1661 2662 lencheriis,
1692 2576 1845 2651 Petrum
1876 2573 2039 2661 Sentilli‚
2067 2574 2219 2648 Petrum
2245 2572 2293 2649 de

866 2702 1075 2806 Antigone,
1099 2719 1135 2778 et
1155 2703 1247 2780 alios
1270 2706 1445 2810 superins
1472 2706 1709 2793 nominatos,
1729 2732 1798 2810 per
1816 2704 1919 2780 curie
1943 2721 2069 2781 nostre
2087 2701 2290 2810 judicium,

867 2833 1190 2940 condempnemus
1207 2833 1249 2909 in
1270 2835 1470 2912 emendam
1491 2835 1742 2911 ducentarum
1762 2851 1801 2910 et
1820 2834 2091 2941 quinquaginta
2112 2831 2293 2910 librarum

805 3065 818 3076 ‚
865 2966 1164 3055 Turonensium‚
1176 2965 1351 3043 videlicet
1370 2967 1544 3044 ducentis
1563 2965 1671 3043 libris
1690 2965 1803 3044 nobis
1822 2964 2028 3054 solvendis,
2051 2983 2089 3042 et
2107 2965 2294 3071 qninqua-

863 3095 966 3201 ginta
981 3095 1088 3173 libris
1105 3097 1206 3174 dicto
1220 3099 1400 3203 magistro
1416 3099 1545 3185 Petro,
1569 3126 1638 3203 pro
1658 3125 1698 3174 se
1719 3112 1756 3172 et
1771 3096 1880 3173 dictis
1895 3095 2141 3173 servientibus
2157 3095 2294 3172 nostris

794 3294 796 3300 ,
864 3254 905 3300 ac
925 3227 1042 3332 ipsius
1060 3228 1230 3332 predicto
1252 3227 1391 3302 nuncio
1411 3228 1680 3331 persolvendis.

921 3354 1020 3432 Jovis
1037 3373 1124 3458 post
1144 3356 1181 3431 S.
1203 3354 1442 3463 Gregorium.

922 3482 1122 3560 Toffardus
1140 3485 1355 3588 reportavit.

919 3746 1044 3823 XXIX.
1076 3745 1174 3822 Cum
1188 3743 1283 3821 fecta
1299 3761 1412 3832 esset,
1430 3745 1672 3823 demandato
1693 3762 1839 3832 nostro,
1856 3745 2019 3852 quedam
2034 3746 2289 3850 inquestusu-
2345 3717 2349 3723 ¹

863 3906 931 3982 per
946 3905 991 3953 eo
1011 3878 1118 3982 quod
1133 3875 1326 3953 Rolandus
1342 3876 1388 3952 de
1408 3875 1561 3967 Cumis,
1582 3878 1708 3968 miles,
1725 3905 1794 3982 per
1811 3905 1851 3954 se
1868 3875 1927 3953 vel
1943 3893 2073 3983 gentes
2092 3903 2194 3964 suus,
2211 3903 2288 3952 ser-

861 4009 1003 4086 vientes
1018 4026 1165 4085 nostros
1174 4007 1357 4086 violenter
1368 4008 1614 4113 impedivemt
1628 4010 1834 4115 quominus
1848 4009 1942 4115 ipsi,
1957 4010 2005 4085 ad
2017 4008 2090 4085 hoc
2101 4006 2206 4084 missi
2220 4037 2289 4114 per

863 4139 1112 4217 senescallum
1131 4143 1426 4229 Xentonensem,
1450 4137 1644 4217 diruerent
1664 4140 1846 4246 quasdam
1866 4139 2016 4217 surches
2032 4167 2102 4246 per
2121 4139 2287 4216 eundem

866 4269 1025 4347 militem
1036 4285 1175 4347 erectas
1192 4269 1238 4346 de
1256 4296 1364 4357 novo,
1384 4269 1528 4345 eisdem
1544 4267 1805 4357 servientibus,
1819 4297 1905 4344 cum
1918 4286 2149 4347 armatorum
2161 4269 2291 4346 multi-

734 4458 735 4466 .
863 4401 996 4478 tudine
1019 4402 1250 4488 resistendo,
1274 4417 1311 4477 et
1333 4427 1446 4506 super
1466 4399 1693 4506 quibusdam
1713 4399 1795 4476 eliis
1819 4397 2091 4479 inobedienciis
2112 4399 2218 4477 lactis
2242 4402 2287 4477 ab
2382 4451 2385 4454 -

864 4533 998 4608 eodem
1015 4533 1138 4608 milite
1158 4531 1405 4608 servientibus
1424 4532 1579 4620 nostris,
1601 4549 1640 4608 et
1662 4559 1776 4638 super
1800 4559 1845 4608 eo
1869 4533 2030 4609 maxime
2052 4531 2158 4638 quod
2183 4531 2287 4608 idem

857 4662 974 4738 miles
991 4661 1051 4738 vel
1070 4679 1199 4768 gentes
1219 4690 1286 4738 sue
1306 4661 1513 4740 uoluerunt
1532 4663 1620 4740 dare
1639 4664 1784 4740 aditum
1803 4664 1978 4740 servienti
1998 4680 2127 4739 nostro
2147 4661 2194 4736 ad
2214 4688 2288 4736 mn·

863 4793 1014 4868 nerium
1029 4792 1145 4898 ipsius
1160 4790 1291 4868 militis
1307 4792 1354 4868 de
1370 4792 1671 4902 Boebes-Aprem,
1689 4795 1807 4871 immo
1824 4812 1953 4871 contra
1973 4792 2115 4868 dictum
2130 4791 2287 4867 servien-

863 4941 940 5000 tem
957 4941 1110 5030 pontem
1128 4923 1245 5029 ipsius
1263 4923 1420 4998 manerii
1436 4922 1667 5014 levaverunt,
1683 4924 1773 5002 licet
1787 4925 1908 5000 dictus
1923 4923 2101 5010 serviens,
2119 4951 2164 4997 ex
2178 4940 2284 5027 parte

863 5073 1004 5146 nostra,
1025 5054 1200 5162 gentibus
1225 5055 1313 5132 dicti
1339 5055 1471 5134 militis
1490 5056 1528 5132 in
1557 5056 1658 5133 dicto
1683 5055 1851 5132 manerio
1875 5052 2121 5131 existentibus
2142 5053 2284 5160 plnries

859 5186 1068 5293 preciperet
1088 5202 1126 5262 et
1145 5185 1322 5262 clamaret
1341 5203 1383 5262 ut
1402 5185 1472 5263 sibi
1494 5187 1637 5265 dictum
1657 5187 1868 5264 manerium
1888 5183 2092 5289 aperirent,
2110 5185 2160 5260 ita
2179 5182 2284 5288 quod

860 5315 938 5423 ipse
952 5385 954 5388 .
968 5334 1094 5424 posset
1123 5315 1264 5394 ibidem
1291 5343 1402 5392 suum
1429 5317 1595 5396 officium
1625 5316 1863 5423 e‘dimplere:
1890 5315 2079 5402 Tandem,
2109 5315 2281 5420 inqueste

858 5449 1026 5552 predicta
1058 5449 1132 5526 vise
1162 5466 1198 5525 et
1231 5448 1431 5556 diligenter
1463 5451 1683 5536 examinata,
1719 5447 1840 5523 dictus
1871 5445 1979 5522 miles
2013 5448 2052 5520 in
2084 5445 2284 5522 emendum
