5817 7292
879 1087 953 1159 318
1465 1083 1551 1156 tus
1581 1081 1724 1154 OLlM.
1830 1149 1833 1156 .

649 1235 779 1290 veterana
792 1235 835 1296 W·
877 1222 1377 1333 superdictaappellscionis
1390 1251 1517 1310 musa,
1529 1223 1569 1300 in
1582 1220 1834 1304 curianostra,
1845 1218 1944 1297 inter
1956 1219 2073 1300 dictas
2089 1241 2210 1328 partas
2224 1226 2300 1308 lue

711 1328 774 1370 1808.

876 1359 925 1433 rit
944 1357 1154 1464 litigatum,
1180 1374 1218 1433 et
1239 1354 1331 1434 certi
1350 1353 1498 1434 articuli
1523 1353 1562 1430 in
1586 1352 1684 1430 dieta
1701 1377 1810 1428 causa
1830 1349 2097 1455 appellacionis
2118 1352 2203 1432 lacti
2222 1357 2301 1436 bae·

875 1504 979 1576 nant,
997 1505 1050 1577 et,
1067 1488 1116 1564 ad
1131 1486 1403 1593 inquirendum
1417 1513 1531 1591 snper
1545 1482 1616 1572 eis,
1631 1480 1822 1560 auditores
1839 1480 1929 1558 certi
1946 1479 2099 1562 luerunt
2109 1484 2299 1592 deputati:

876 1621 962 1698 Visa
981 1619 1153 1726 inquesta
1172 1645 1285 1722 super
1301 1617 1375 1692 hoo
1394 1616 1443 1692 de
1458 1613 1634 1691 mandato
1650 1627 1779 1690 nomo
1797 1609 1910 1699 lacta,
1926 1613 2014 1718 quia
2034 1614 2226 1696 inventum
2246 1635 2301 1698 est

875 1767 990 1827 testes
1009 1776 1123 1854 super
1140 1745 1251 1822 dictis
1267 1744 1432 1823 articulis
1447 1743 1652 1850 productos
1668 1742 1796 1821 minus
1811 1730 2040 1822 sufficienter
2055 1744 2300 1854 interrogatos

835 1952 839 1960 ,
877 1900 916 1956 et
941 1879 1169 1955 examinatos
1188 1876 1320 1963 luisse,
1346 1903 1415 1980 per
1439 1891 1606 1952 nostram
1634 1873 1777 1950 curiam
1801 1871 1946 1950 dictum
1971 1872 2044 1951 luit
2066 1876 2172 1981 qnod
2196 1905 2299 1956 com-

876 2012 1048 2087 mittetur
1070 2009 1180 2089 certis
1201 2006 1439 2084 auditoribus
1463 2021 1507 2083 ut
1527 2005 1616 2112 ipsi,
1641 2031 1755 2110 super
1776 2003 1887 2082 certis
1911 2004 2207 2112 interrogatoriis
2229 2007 2299 2088 sub

876 2140 1157 2248 contra-sigillo
1181 2155 1311 2218 nostro
1336 2138 1390 2215 eis
1411 2136 1621 2228 tradendis,
1647 2136 1781 2214 iterato
1803 2150 1921 2214 testes
1942 2136 1982 2214 in
2004 2135 2100 2214 dicta
2125 2127 2298 2244 inquesta

876 2270 1082 2376 productos
1106 2270 1336 2357 examinent,
1361 2285 1399 2346 et
1422 2269 1637 2374 inquestam
1656 2265 1879 2372 predictam,
1903 2265 1955 2344 sic
1980 2267 2222 2372 completam,
2249 2270 2295 2346 ad

877 2402 1020 2478 curiam
1035 2400 1281 2509 judicandam
1294 2399 1512 2478 remittant.-

933 2533 1059 2610 Monci
1073 2531 1286 2638 reportavit.

933 2664 1042 2739 Facta
1063 2679 1119 2738 ast
1135 2661 1349 2738 commissio
1368 2661 1419 2738 M.
1438 2661 1471 2736 J.
1494 2661 1542 2738 de
1562 2661 1675 2765 Roya.

933 2924 1056 3000 txlv.
1087 2923 1263 3029 lnquesta
1279 2921 1373 3000 lacta
1389 2949 1503 3027 super
1516 2920 1635 3000 forma
1654 2937 1693 2998 et
1711 2920 1828 2998 modo
1844 2919 2024 2998 excambii
2041 2920 2147 2998 matri
2168 2921 2216 2998 de
2232 2921 2301 2998 lte-

876 3054 990 3142 vello,
1011 3082 1097 3131 cum
1110 3052 1281 3131 Chatallo
1296 3054 1345 3130 de
1357 3051 1510 3130 flavado
1527 3068 1565 3130 at
1582 3052 1664 3160 ejus
1681 3079 1813 3139 uxore,
1831 3066 1889 3128 est
1901 3079 1970 3156 per
1982 3052 2121 3130 cunam
2135 3067 2299 3132 noenum

877 3184 1056 3277 enudata,
1077 3202 1159 3261 tum
1180 3184 1268 3290 quia
1286 3200 1507 3289 procurator
1529 3199 1659 3262 nomer
1678 3181 1736 3260 vel
1759 3179 1894 3288 aliquis
1913 3210 1983 3288 pro
1997 3181 2112 3262 nobis
2132 3209 2208 3260 non
2228 3179 2299 3256 luit

877 3315 917 3390 in
944 3343 987 3390 ea
1014 3331 1179 3404 vocatus,
1207 3331 1291 3391 tum
1316 3313 1404 3420 quia
1428 3314 1528 3392 dicta
1551 3313 1722 3420 inquesta
1748 3311 1823 3389 fnit
1847 3312 2043 3390 commissa
2065 3309 2201 3390 ballivo
2228 3309 2298 3388 Ar-

876 3445 1004 3528 vernia
1024 3443 1208 3532 facienda,
1228 3443 1406 3550 eligendo
1424 3444 1825 3556 industriampsrsona
1847 3471 1931 3532 sue,
1953 3443 2090 3549 etipse
2110 3441 2298 3520 commisit

878 3573 1104 3680 quibusdam
1119 3573 1204 3654 aliis
1218 3576 1391 3681 personis
1409 3576 1546 3654 dictam
1568 3577 1776 3683 inquestam
1796 3572 2013 3652 faciendam.
2105 3613 2107 3620 v

933 3703 1108 3782 Bocellus
1126 3705 1339 3812 reportavit.

933 3966 1041 4044 LXV.
1071 3967 1189 4054 Cum,
1206 3967 1523 4074 expartecomitis
1533 3965 1852 4045 dutisiodorensis
1865 3964 2300 4064 ctTprnodorensis,no

877 4095 936 4171 bis
954 4093 1084 4174 fuisset
1108 4097 1317 4202 expositum
1337 4098 1460 4205 quod,
1483 4127 1570 4176 cum
1589 4099 1703 4206 garda
1722 4097 1906 4176 abbatisse
1931 4115 1968 4174 et
1991 4109 2195 4175 conventus
2219 4121 2299 4170 mo·

878 4226 1029 4304 nasterii
1041 4227 1090 4306 da
1105 4227 1382 4306 Rubos-Monte
1395 4230 1444 4307 ad
1458 4230 1601 4336 ipsum,
1618 4246 1661 4306 ut
1678 4227 1846 4317 dicebas,
1865 4245 1904 4306 et
1913 4227 2196 4336 predecessores
2213 4247 2299 4304 suos

878 4357 1063 4461 pertineat
1079 4377 1118 4436 et
1134 4360 1361 4464 pertinuerit
1378 4389 1400 4437 a
1416 4377 1588 4468 tempore
1604 4359 1711 4466 cujus
1728 4358 1902 4436 contrarii
1920 4357 2105 4436 memoria
2117 4349 2194 4442 non
2213 4357 2300 4433 axis

877 4487 941 4573 tit,
963 4487 1111 4566 racione
1133 4490 1332 4569 comitatus
1354 4493 1412 4568 sui
1436 4491 1757 4581 Tomodorensis,
1781 4491 1936 4595 ipsaque
1958 4505 1995 4566 et
2018 4487 2298 4592 predecessores

825 4627 835 4644 ⁹
878 4617 936 4693 sui
955 4617 1030 4695 sint
1050 4637 1088 4697 et
1105 4650 1127 4698 a
1144 4621 1246 4700 dicto
1262 4639 1433 4729 tempore
1451 4622 1592 4700 suerint
1608 4622 1648 4698 in
1666 4621 1798 4700 saisina
1813 4621 1927 4727 garde
1942 4619 2128 4726 predicte,
2148 4634 2186 4696 et
2200 4617 2297 4695 dicte
2400 4721 2407 4732 ἱ

877 4745 1051 4856 religiose
1070 4750 1110 4825 in
1127 4751 1377 4858 prejudicium
1399 4752 1489 4829 dicti
1510 4751 1675 4840 comitis,
1698 4780 1737 4828 se
1754 4749 1993 4827 advoaverint
2006 4748 2171 4828 indebite
2193 4763 2230 4826 et
2249 4747 2297 4824 de

877 4904 975 4954 novo
993 4906 1072 4956 asse
1095 4880 1142 4957 de
1162 4899 1289 4960 nostra
1307 4883 1434 4991 gardia
1453 4882 1621 4989 speciali,
1648 4880 1892 4989 impediendo
1912 4909 1980 4987 per
2001 4881 2074 4959 hoc
2093 4879 2218 4986 ipsum
2238 4906 2299 4955 co-

877 5007 1025 5096 mitem,
1048 5027 1086 5086 et
1104 5009 1275 5092 faciendo
1294 5042 1363 5120 per
1378 5030 1509 5123 gentes
1528 5029 1673 5092 nostras
1692 5039 1807 5119 super
1825 5012 1959 5090 saisina
1978 5039 2045 5090 sua
2064 5010 2163 5088 dicte
2185 5009 2297 5117 garde

878 5135 1138 5244 multiplieiter
1159 5141 1351 5249 impediri,
1379 5161 1432 5232 at,
1463 5144 1511 5221 ad
1534 5143 1754 5222 instanciam
1779 5143 1870 5220 dicti
1895 5140 2047 5218 comitis
2072 5139 2298 5244 requirentis

878 5266 1022 5346 deum
1040 5270 1357 5378 impedimentum
1371 5274 1554 5365 amoveri,
1575 5274 1878 5353 mandaverimus
1897 5301 2010 5379 super
2028 5271 2126 5350 dicta
2143 5268 2294 5356 sabina,

877 5398 1243 5491 vocatisuocantis,
1264 5403 1458 5481 veritatem
1479 5405 1637 5510 inquiri:
1657 5405 1840 5494 Tandem,
1854 5404 2046 5510 inquesta,
2064 5415 2190 5478 vocato
2211 5427 2298 5504 pro-
