5817 7292
918 1121 992 1197 5ot
1338 1174 1343 1185 ·
1499 1124 1587 1198 Lus
1622 1122 1759 1200 OLIM.

693 1282 822 1336 Paurm
833 1280 878 1343 tv,
917 1266 1090 1345 cionibus
1113 1270 1225 1373 partis
1245 1234 1461 1374 utriusque,
1484 1265 1608 1344 dictus
1628 1257 1871 1373 Reginaldtts,
1897 1290 1965 1369 per
1989 1290 2103 1340 suum
2117 1268 2342 1376 judicatum,

753 1374 816 1419 1³1⁰.

917 1398 1177 1503 pronunciavit
1203 1398 1339 1475 dictam
1366 1400 1607 1474 Perronetam
1636 1424 1713 1473 non
1742 1395 1920 1503 probasse
1944 1393 2176 1474 sufficienter
2200 1428 2240 1477 se
2264 1432 2346 1481 esse

919 1530 1119 1621 heredem,
1142 1558 1183 1607 ex
1210 1536 1433 1606 testamento
1454 1527 1552 1604 dicte
1578 1526 1760 1616 Antonia,
1786 1525 2001 1631 dictamque
2026 1526 2190 1605 litteram
2219 1550 2346 1610 contra

917 1661 1107 1766 predictos
1117 1658 1365 1740 Guillelmum
1380 1672 1414 1735 et
1427 1659 1670 1736 Perronetam
1682 1655 1895 1733 execucioni
1910 1655 2081 1732 mandari
2093 1686 2171 1736 non
2189 1660 2344 1753 debere,

919 1791 1240 1900 adjudicacionem
1263 1804 1300 1866 et
1323 1788 1552 1864 taracionem
1581 1814 1828 1893 expensarum
1848 1812 1965 1890 penes
1994 1815 2033 1864 se
2058 1791 2299 1882 reservando;
2326 1824 2346 1870 a

918 1950 995 2027 quo
1007 1921 1195 2029 judicato,
1213 1936 1392 2024 tanquam
1413 1916 1504 1993 labo
1524 1935 1562 1993 et
1581 1944 1709 2023 pravo,
1733 1932 1899 2022 exparte
1924 1915 2023 1994 dicte
2047 1918 2268 2012 Perronete,
2298 1926 2347 2001 ad
2388 2002 2396 2013 ,

917 2040 1096 2129 ballivum
1125 2049 1457 2139 Matisconensem,
1492 2047 1613 2124 extitit
1635 2046 1886 2152 appellatum
1913 2038 2138 2153 quiquidem
2165 2050 2342 2143 ballivus,

919 2182 1067 2289 cognito
1087 2181 1135 2258 de
1153 2180 1320 2289 predicta
1334 2180 1599 2286 appellacionis
1615 2206 1733 2270 causa,
1749 2173 2009 2284 pronunciavit
2024 2180 2164 2258 dictum
2178 2184 2345 2289 Reginal-

920 2315 1012 2392 dum
1031 2312 1247 2421 Viguerosi,
1271 2310 1395 2417 quoad
1417 2310 1527 2387 illum
1548 2308 1749 2386 articulum
1770 2309 1810 2385 in
1830 2336 1907 2414 quo
1927 2310 2184 2429 pronunciavit
2202 2312 2341 2389 dictam

918 2446 1158 2522 Perronetam
1181 2470 1257 2520 non
1275 2470 1355 2519 esse
1377 2440 1574 2528 heredem,
1593 2466 1635 2516 ex
1655 2455 1880 2516 testamento
1901 2439 2001 2517 dicte
2025 2442 2226 2532 Anthonie,
2243 2443 2342 2520 male

919 2573 1204 2681 pronunciasse,
1227 2589 1264 2650 et
1284 2572 1421 2649 dictam
1441 2572 1683 2648 Perronetam
1701 2569 1800 2646 bene
1821 2569 2038 2676 appellasse.
2061 2572 2156 2649 ltem
2172 2602 2343 2679 pronun-

920 2706 1028 2783 ciavit
1042 2706 1165 2811 ipsum
1186 2702 1438 2808 Reginaldum
1457 2700 1555 2777 bene
1570 2716 1608 2777 et
1622 2700 1724 2806 juste
1744 2700 2011 2805 pronunciasse
2024 2701 2063 2778 in
2080 2703 2247 2810 eoquod
2264 2704 2343 2810 ipse

915 2836 1096 2947 judicavit
1111 2835 1248 2913 dictam
1266 2833 1430 2911 litteram
1446 2860 1523 2909 non
1541 2859 1636 2920 esse,
1659 2830 1924 2909 contradictus
1942 2830 2191 2911 Guillelmum
2206 2849 2244 2911 et
2257 2834 2346 2910 Per-

919 2985 1101 3056 ronetam,
1116 2964 1366 3042 mandandam
1381 2963 1609 3051 execucioni,
1626 2979 1674 3054 et,
1692 2978 1877 3069 quantum
1893 2961 2040 3053 adhoc,
2058 2964 2198 3041 dictam
2212 2966 2347 3042 Perro-

920 3116 1057 3188 netam,
1075 3096 1172 3175 male
1187 3094 1402 3203 appellasse,
1420 3094 1647 3174 sentenciam
1660 3094 1750 3171 dicti
1767 3093 1981 3201 Reginaldi,
1996 3113 2181 3200 quantum
2197 3095 2342 3184 adhoc,

921 3226 1195 3315 confirmando,
1212 3224 1443 3302 taracionem
1463 3252 1707 3330 expensarum
1721 3251 1838 3329 penes
1852 3252 1893 3300 se
1905 3226 2145 3315 reservando,
2160 3254 2177 3300 a
2193 3252 2269 3329 quo
2276 3225 2344 3331 ju-

921 3361 1044 3436 dicato
1060 3358 1149 3434 dicti
1168 3355 1309 3444 ballivi,
1332 3357 1370 3431 in
1389 3372 1572 3461 quantum
1591 3371 1721 3433 contra
1741 3384 1781 3432 se
1800 3353 1973 3445 faciebat,
1990 3372 2167 3461 tanquam
2186 3352 2279 3431 falso
2304 3374 2344 3433 et

922 3518 1050 3597 pravo,
1080 3489 1215 3563 iterum
1238 3486 1334 3563 dicta
1355 3487 1555 3589 Perroneta
1575 3485 1623 3562 ad
1647 3503 1813 3563 nostram
1832 3485 1968 3561 curiam
1995 3472 2217 3592 appellavit:
2242 3484 2342 3563 Visis

922 3621 1037 3729 igitur
1053 3617 1288 3726 processibus
1302 3616 1481 3724 predictis
1501 3633 1539 3693 et
1554 3616 1754 3724 diligenter
1768 3614 1994 3705 examinatis,
2015 3644 2082 3721 per
2096 3614 2197 3692 curie
2212 3605 2341 3692 nostre

917 3751 1123 3857 judicium,
1141 3746 1284 3825 dictum
1305 3746 1375 3824 fuit
1388 3749 1601 3855 predictum
1621 3748 1799 3827 ballivum
1817 3747 2130 3826 Matisconensem
2144 3744 2241 3823 bene
2254 3774 2344 3850 pro-

922 3882 1132 3969 nunciasse,
1155 3896 1193 3957 et
1206 3879 1343 3956 dictam
1362 3880 1605 3955 Perronetam
1626 3878 1724 3955 male
1744 3877 1961 3986 appellasse,
1984 3894 2023 3955 et
2038 3877 2143 3984 quod
2157 3880 2346 3957 sentencia

923 4013 1011 4090 dicti
1032 4009 1157 4088 ballivi
1174 4009 1415 4088 mandabitur
1429 4010 1665 4097 execucioni,
1684 4027 1721 4087 et
1734 4011 1807 4087 hoc
1821 4009 2050 4087 emendabit.

979 4141 1152 4219 Mercurii
1173 4159 1258 4249 post
1272 4142 1450 4219 Sanctum
1468 4139 1690 4249 Georgium,
1712 4170 1812 4218 anno
1830 4140 2093 4218 trecentesimo
2109 4139 2323 4218 undecimo.

979 4272 1083 4350 Creci
1105 4271 1315 4377 reportavit.

977 4538 1052 4614 Lx,
1083 4537 1165 4613 Lite
1188 4550 1289 4613 mota
1314 4563 1437 4613 coram
1465 4534 1656 4643 preposito
1676 4536 1872 4615 Parisiensi
1899 4538 1938 4613 in
1964 4536 2126 4644 quadam
2145 4564 2254 4613 causa
2281 4566 2345 4641 ap-

921 4667 1154 4773 pellacionis,
1169 4667 1217 4743 ad
1235 4694 1321 4743 eum
1339 4667 1575 4772 interposite,
1594 4696 1614 4743 a
1633 4667 1790 4745 seculari
1812 4668 1913 4745 curia
1928 4668 2070 4746 abbatis
2088 4685 2126 4744 et
2140 4683 2341 4744 conventus

921 4797 1230 4905 Sancti-Maglorii
1246 4797 1479 4887 Parisiensis,
1499 4798 1598 4875 inter
1612 4799 1799 4876 Thomam
1816 4798 2015 4907 Anglicum
2033 4798 2069 4875 le
2082 4797 2267 4877 Cuisinier
2279 4825 2344 4903 ap

920 4928 1142 5034 pallantem,
1157 4945 1314 5035 exparte
1327 4958 1417 5018 una,
1435 4946 1473 5005 et
1485 4947 1765 5035 procuratorem
1777 4929 1921 5008 abbatis
1933 4945 1972 5007 et
1983 4915 2348 5008 conventusmonas·

918 5060 1003 5136 terii
1015 5058 1171 5166 predicti
1186 5075 1223 5135 et
1236 5060 1452 5165 magistrum
1467 5058 1682 5137 Albericum
1697 5060 1745 5137 de
1754 5060 1912 5140 Verbria
1922 5060 2142 5169 appellatos,
2156 5088 2200 5137 ex
2210 5058 2342 5149 altera,

920 5217 1091 5295 supereo
1106 5188 1210 5296 quod
1231 5188 1351 5266 dictus
1366 5190 1535 5267 Thomas
1549 5191 1701 5297 petebat
1717 5190 1962 5280 sentenciam,
1979 5219 2048 5296 per
2062 5190 2204 5267 curiam
2222 5188 2344 5265 dicto-

918 5350 1003 5399 rum
1025 5320 1287 5427 religiosorum
1303 5319 1415 5396 latam
1435 5338 1563 5398 contra
1578 5322 1719 5427 ipsum,
1741 5319 1940 5410 infirmari,
1962 5336 2205 5427 procuratore
2221 5316 2344 5394 dicto-

919 5482 1004 5529 rum
1016 5451 1279 5559 religiosorum
1293 5467 1332 5527 et
1345 5450 1447 5527 dicto
1460 5453 1636 5555 magistro
1652 5452 1827 5530 Alberico
1838 5453 1876 5528 in
1889 5452 2117 5563 contrarium
2131 5474 2346 5559 proponen-
