5817 7292
1021 1070 1289 1179 suoonrns
1313 1090 1377 1163 nr
1402 1074 1612 1168 recens.
1948 1096 2022 1167 cu

663 1225 819 1306 Veneris
837 1242 922 1332 post
940 1230 1182 1334 quendenam
1193 1228 1468 1309 Penthecostes.
2060 1244 2190 1299 emam
2203 1247 2246 1311 W.

664 1357 826 1464 Mangon
844 1360 1055 1463 reportavit.
2121 1337 2185 1381 Μ’

663 1487 865 1594 Negocium
896 1489 997 1567 istud
1026 1489 1099 1567 luit
1136 1491 1348 1598 injunctum
1379 1492 1427 1568 ad
1456 1489 1763 1599 prosequendum
1793 1490 1844 1566 M.
1878 1492 1939 1596 Sy.
1976 1493 2024 1569 de

608 1618 786 1724 Bucyaeo.

661 1880 819 1956 XXXIX.
850 1881 1026 1987 lnquesta
1044 1880 1142 1958 inter
1160 1881 1331 1959 abbatem
1343 1898 1384 1959 et
1400 1898 1625 1960 conventum
1636 1881 2024 1989 Majoris-Mouasterii

606 2010 837 2086 Turonensis
863 2026 902 2086 et
932 2010 1107 2089 homines
1132 2012 1219 2088 ville
1249 2013 1296 2088 de
1323 2011 1501 2100 Guerart,
1528 2039 1602 2117 que
1630 2010 1702 2087 fnit
1724 2010 1889 2089 anullata
1910 2029 2025 2117 prout

610 2138 823 2214 continetur
840 2139 878 2213 iu
896 2139 1022 2217 rotulo
1044 2140 1156 2246 hujus
1175 2139 1408 2246 parlamenti.

658 2396 733 2475 XL.
763 2398 858 2476 Cum
887 2399 1140 2505 Perrequinus
1168 2400 1217 2475 de
1250 2398 1423 2489 Melloto,
1452 2399 1609 2488 Judeus,
1642 2400 1753 2477 nobis
1779 2400 2022 2509 significasset

602 2526 707 2635 quod
721 2525 946 2606 Guillelmus
960 2527 1006 2604 de
1024 2528 1209 2617 Nivernis,
1228 2528 1400 2619 clericus,
1415 2529 1691 2606 commissarius
1705 2556 1819 2633 super
1831 2529 1941 2606 bonis
1953 2530 2021 2607 Ju-

602 2657 763 2735 deorum
779 2657 968 2762 capiendis
983 2658 1083 2735 etad
1097 2684 1250 2733 manum
1267 2674 1431 2734 nostram
1445 2659 1649 2762 ponendis,
1665 2660 1705 2734 in
1721 2657 1870 2737 ballivia
1883 2660 2021 2737 bituri·

600 2787 702 2863 censi
723 2787 941 2893 deputatus,
957 2787 1065 2891 plura
1081 2786 1128 2863 de
1143 2786 1253 2862 bonis
1267 2786 1453 2863 dictorum
1464 2786 1689 2877 ludeorum,
1705 2816 1779 2893 que
1800 2788 1938 2865 nostris
1952 2788 2019 2865 de·

600 2914 742 2993 bebant
760 2914 972 2993 racionibus
995 2915 1189 3022 applicari,
1210 2916 1388 2993 celaverat
1412 2931 1450 2991 et
1475 2915 1667 2995 detinebat
1690 2915 1862 3005 recelata,
1885 2916 2017 2993 eadem

600 3044 672 3122 sibi
692 3045 933 3152 applicando,
953 3045 1210 3123 mandavimus
1220 3071 1333 3152 super
1344 3045 1431 3133 hoc,
1449 3070 1519 3151 per
1528 3045 1709 3122 ballivum
1725 3044 2015 3133 Bituricensem,

599 3174 777 3281 adjuncto
798 3202 924 3253 secum
944 3174 1070 3281 aliquo
1094 3176 1214 3280 probo
1233 3175 1331 3265 viro,
1357 3175 1494 3252 vocatis
1516 3176 1618 3253 dicto
1637 3175 1846 3254 Guillelmo
1869 3191 1909 3252 et
1934 3174 2018 3252 aliis

598 3305 811 3395 evocandis,
832 3308 1024 3383 veritatem
1047 3306 1246 3413 diligenter
1267 3304 1437 3411 inquiri:
1463 3305 1637 3385 lnchoata
1659 3306 1784 3412 igion,
1805 3332 1875 3411 per
1896 3305 2017 3383 dictos

598 3434 778 3513 ballivum
800 3453 838 3513 et
857 3437 938 3544 ejus
959 3435 1197 3545 adjunctum,
1223 3464 1336 3541 super
1362 3434 1553 3540 premissis
1580 3435 1766 3542 inquesta,
1787 3450 1826 3511 et
1848 3450 2018 3540 postmo-

598 3565 711 3655 dum,
727 3595 794 3674 per
806 3566 924 3645 dictos
940 3568 1093 3645 clericos
1108 3585 1270 3655 nostros,
1288 3566 1486 3673 magistros
1499 3566 1715 3643 Draconem
1730 3565 1780 3641 de
1799 3564 1962 3641 Karitate
1977 3579 2017 3640 et

599 3693 790 3772 Nicolaum
805 3696 853 3772 de
872 3695 1060 3785 Creciaco,
1086 3696 1133 3771 de
1158 3696 1335 3771 mandato
1355 3710 1484 3769 nostro
1508 3694 1695 3799 completa
1720 3708 1759 3767 et
1781 3692 1830 3767 ad
1843 3693 2016 3797 judican-

600 3820 693 3897 dum
713 3826 815 3899 curie
835 3840 961 3899 nostre
981 3838 1183 3930 reportata,
1204 3824 1279 3899 visa
1299 3838 1337 3897 et
1355 3819 1557 3927 diligenter
1576 3820 1798 3907 examinata,
1820 3820 1924 3925 quia,
1945 3848 2015 3925 per

600 3977 700 4041 eam,
728 3980 804 4029 non
831 3951 1075 4029 inveniuntur
1099 3951 1265 4058 predicta
1285 3978 1353 4055 per
1378 3949 1523 4027 dictum
1541 3950 1706 4027 Judeum
1736 3966 1865 4027 contra
1889 3949 2013 4055 ipsum

598 4077 845 4158 Guillelmum
872 4080 1111 4171 denunciata,
1144 4080 1191 4157 ud
1217 4076 1374 4185 ple'num
1405 4079 1580 4186 probata,
1612 4078 1735 4156 dictus
1760 4076 2010 4167 Guillelmus,

597 4236 710 4315 super
728 4210 905 4315 predictis
918 4227 1046 4289 contra
1058 4210 1181 4316 ipsum
1200 4207 1449 4295 denuncietis,
1466 4206 1555 4297 fuit,
1572 4236 1641 4314 per
1655 4208 1758 4285 curie
1772 4225 1899 4285 nostre
1909 4206 2014 4314 judi-

598 4340 715 4429 cium,
731 4340 939 4433 absolutam,
957 4341 1046 4448 quia
1057 4358 1183 4418 tamen
1196 4340 1319 4417 dictus
1330 4337 1572 4428 Guillelmus,
1589 4366 1703 4447 super
1718 4338 1892 4446 pluribus
1909 4336 2014 4413 illici-

596 4470 644 4547 tis
660 4472 930 4563 exactionibus,
947 4472 1144 4551 abeodem
1159 4486 1330 4577 pretextu
1348 4469 1437 4547 dicti
1456 4468 1568 4547 officii
1587 4467 1811 4557 commissis,
1826 4467 2014 4545 invenitur

595 4629 665 4705 per
683 4603 842 4679 eandem
864 4604 1075 4710 inquestam
1094 4601 1352 4709 multipliciter
1371 4599 1602 4689 diffamatus,
1624 4599 1746 4677 dictus
1765 4598 2008 4687 Guillelmus,

594 4760 663 4837 per
681 4733 783 4812 idem
793 4734 998 4841 judicium,
1020 4734 1092 4812 fuit
1110 4763 1131 4811 a
1151 4734 1288 4811 nostris
1306 4731 1438 4810 officiis
1457 4750 1639 4838 perpetuo
1657 4731 1831 4835 privatus.

650 4864 809 4943 Veneris
828 4882 913 4972 post
929 4865 1166 4971 quendenam
1183 4864 1459 4943 Penthecostcs.

650 4993 751 5101 Roya
765 4994 978 5101 reportavit.

652 5253 742 5331 XLl.
774 5255 887 5347 Cum,
912 5258 950 5334 in
967 5257 1069 5336 curia
1083 5273 1227 5345 nostra,
1245 5257 1376 5335 luisset
1391 5256 1640 5362 propositum,
1660 5255 1944 5363 conquerendo,
1966 5280 2011 5327 ex

597 5398 700 5487 parte
712 5384 889 5463 Bernardi
902 5386 1252 5475 d'Escomc-Bove,
1272 5387 1421 5479 militis,
1437 5387 1536 5465 Petri
1550 5387 1597 5463 de
1615 5385 1811 5492 Artignaco
1827 5398 1866 5458 et
1881 5380 2009 5457 Poncii

1847 5534 1899 5597 85.
