5817 7292
1009 1124 1273 1231 eerurtrss
1299 1142 1363 1214 er
1389 1126 1599 1217 esoces.
1939 1150 2013 1221 oro

590 1284 713 1361 banne
734 1282 782 1359 de
801 1279 999 1387 Cantepie,
1022 1281 1157 1373 milite,
1181 1299 1218 1360 et
1232 1283 1311 1391 ejus
1327 1310 1455 1373 uxore,
1479 1312 1548 1392 pro
1565 1284 1731 1394 eoquod
1752 1286 1943 1365 lohannes
1963 1288 2014 1366 de'
2053 1297 2238 1361 resarserit,

588 1412 704 1521 Ilaya,
720 1410 899 1489 bannitus
916 1410 962 1489 de
983 1438 1115 1521 regno,
1138 1414 1302 1521 quadam
1318 1414 1399 1505 die,
1418 1442 1505 1491 cum
1525 1414 1698 1491 comitiva
1713 1444 1795 1506 sua,
1816 1416 1855 1492 in
1876 1418 2010 1495 babitu
2114 1392 2177 1433 Μ’

586 1543 813 1632 monachali,
836 1544 884 1621 ad
907 1570 1042 1621 eorum
1063 1544 1222 1623 domurn
1240 1562 1404 1637 venerat,
1424 1546 1525 1623 dicto
1543 1546 1664 1624 milite
1687 1548 1727 1623 in
1748 1547 1846 1625 lecto
1866 1576 1934 1625 suo
1950 1550 2010 1656 ja·

586 1690 692 1752 cente
711 1674 881 1761 infirmo,
902 1689 939 1750 et
953 1673 1095 1753 ibidem
1109 1676 1367 1766 comederant,
1384 1693 1514 1754 contra
1528 1676 1761 1754 voluntatem
1780 1694 1817 1754 et
1838 1678 2011 1783 probibi-

587 1804 751 1894 cionem,
767 1821 812 1882 ut
823 1803 1028 1897 dicebatur,
1045 1805 1177 1883 militis
1191 1807 1414 1913 supradicti:
1434 1808 1623 1898 Tandem,
1641 1836 1755 1914 super
1768 1807 1864 1885 lacto
1881 1808 2012 1915 hujus·

586 1935 692 2012 modi
711 1952 749 2012 et
767 1933 1054 2013 defensionibus
1069 1939 1272 2045 conjugum
1286 1938 1544 2043 predictorum
1561 1939 1748 2045 inquesta,
1768 1938 1815 2017 de
1832 1937 2010 2016 mandato

584 2080 726 2154 nostro,
742 2062 851 2155 saeta,
865 2066 942 2141 visa
957 2082 995 2141 et
1009 2065 1212 2175 diligenter
1224 2068 1448 2158 examinata,
1463 2096 1534 2174 per
1543 2069 1647 2146 curie
1661 2089 1788 2149 nostre
1798 2070 2008 2180 judicium,

585 2190 674 2269 dicti
696 2194 875 2302 conjuges
898 2195 1126 2300 superfacto
1145 2197 1315 2302 predicto
1336 2197 1500 2275 absoluti
1521 2196 1685 2277 suerunt.

636 2323 835 2401 Dominica
855 2341 941 2432 post
960 2324 1111 2403 octabas
1132 2328 1405 2417 Candelarum,
1421 2358 1520 2407 anno
1539 2330 1803 2409 trecentesimo
1818 2332 1979 2410 decimo.

639 2584 748 2664 CXII.
779 2584 877 2664 Cum
907 2586 1126 2693 aquodam
1151 2588 1354 2693 judicato,
1378 2618 1447 2694 pro
1468 2590 1676 2668 Guillelmo
1705 2592 1741 2667 le
1774 2591 2013 2699 Gaaingneur

580 2732 710 2793 contra
724 2716 935 2793 Jobannem
962 2717 1252 2807 buticularium,
1271 2720 1484 2825 juniorem,
1510 2749 1623 2828 snper
1642 2721 1870 2827 quibusdam
1894 2725 2011 2801 misiis

582 2861 619 2922 et
640 2844 829 2951 dampnis,
851 2875 920 2953 per
937 2847 1172 2953 prepositum
1192 2849 1506 2927 Silvanectensem
1527 2851 1645 2941 lacto,
1664 2852 1785 2930 dictus
1802 2854 2008 2944 Jobannes,

579 2992 771 3082 tamquam
789 3005 809 3053 a
825 2975 918 3053 falso
933 2992 971 3053 et
982 3006 1112 3084 pravo,
1129 2979 1177 3054 ad
1190 2978 1371 3056 ballivum
1392 2979 1707 3059 Silvanectensem
1719 2982 1956 3089 appellasset,
1975 3003 2011 3061 et

579 3105 618 3180 in
649 3134 757 3183 causa
779 3107 878 3184 dicte
896 3107 1162 3215 appellacionis
1178 3111 1371 3215 predictus
1392 3088 1559 3189 ballivus
1574 3115 1780 3219 precedens
1796 3115 2009 3222 judicatum

578 3236 790 3340 predictum
803 3236 1076 3327 confirmasset,
1099 3256 1138 3316 et
1156 3268 1177 3315 a
1195 3240 1285 3316 dicti
1301 3240 1426 3317 ballivi
1441 3242 1610 3349 judicato
1631 3242 1912 3322 confirmatorio
1926 3274 2010 3351 pre·

577 3364 696 3459 dicto,
716 3385 948 3483 tamquama
968 3368 1060 3446 salso
1078 3385 1115 3446 et
1133 3397 1262 3476 pravo,
1281 3370 1404 3447 dictus
1422 3372 1612 3449 lohannes
1627 3373 1761 3450 iterato
1778 3376 1826 3451 ad
1843 3394 2008 3451 nostram

577 3499 719 3575 curiam
735 3502 975 3607 appellasset:
989 3502 1176 3591 Tandem,
1192 3502 1232 3577 in
1244 3529 1351 3580 causa
1363 3502 1462 3581 dicte
1475 3504 1760 3609 appellacionis,
1776 3504 1913 3582 auditis
1925 3534 2010 3611 pre-

578 3627 876 3736 dictis'partibus
892 3648 929 3708 et
945 3632 1024 3709 viso
1039 3659 1217 3737 processu
1238 3634 1426 3737 predicto,
1447 3664 1517 3739 per
1526 3635 1715 3739 judicium
1735 3652 1863 3712 nostre
1882 3640 2004 3728 curie,

578 3757 721 3833 dictum
741 3758 813 3834 fuit
832 3761 1045 3866 predictum
1058 3760 1240 3837 ballivum
1261 3764 1359 3839 bene
1371 3764 1572 3867 judicasse,
1585 3781 1622 3839 et
1637 3763 1781 3839 dictum
1793 3764 2006 3841 Jobannem

577 3886 675 3963 male
688 3888 910 3993 appellasse,
928 3891 1029 3967 curia
1049 3907 1174 3967 nostra
1189 3907 1327 3981 tamon,
1345 3891 1392 3968 de
1412 3896 1533 3998 gracia
1550 3909 1588 3967 et
1607 3921 1651 3970 ex
1669 3921 1789 3983 causa,
1803 3922 1917 4000 super
1935 3897 2005 3973 boc

578 4014 648 4092 sibi
675 4018 820 4097 remisit
842 4020 1053 4099 emendam.
1398 4014 1401 4023 ⁵

632 4150 732 4227 Iovis
752 4168 837 4257 post
854 4152 1080 4230 Catbedram
1101 4153 1365 4241 Sancti-Petri,
1384 4182 1483 4232 anno
1501 4158 1766 4234 trecentesimo
1784 4157 1945 4236 decimo.

632 4409 755 4489 CXIII.
787 4411 884 4489 Cum
904 4413 1102 4521 episcopus
1120 4414 1360 4494 Carnotensis
1378 4433 1673 4523 conquereretur
1688 4417 1734 4494 de
1755 4418 1922 4524 quodam
1938 4422 2002 4527 ju-

577 4538 700 4618 dicato
727 4570 794 4649 per
809 4544 998 4652 judicium
1019 4546 1218 4625 bominum
1240 4549 1343 4623 curie
1366 4547 1551 4639 Vernolii,
1575 4548 1615 4624 in
1635 4548 1760 4625 assisia
1783 4548 1910 4627 ballivi
1937 4552 2003 4631 Gi·

576 4672 697 4761 sorcii,
713 4703 835 4781 nuper
847 4675 944 4754 lacto
959 4695 1086 4756 contra
1101 4678 1227 4785 ipsum
1242 4708 1311 4785 pro
1326 4678 1533 4759 Guillelmo
1548 4678 1724 4786 Crispini,
1741 4680 1872 4771 milite,
1888 4711 2003 4789 super

574 4803 708 4882 saisina
726 4805 828 4884 feodi
850 4808 897 4885 de
917 4807 952 4886 la
970 4812 1097 4917 Loppe
1114 4827 1152 4887 et
1165 4810 1351 4888 fructibus
1364 4812 1498 4889 exinde
1508 4813 1710 4918 perceptis,
1726 4815 1830 4920 quod
1844 4812 1999 4893 feodum

572 4932 675 5011 idem
692 4939 899 5046 episcopus,
919 4956 961 5017 ut
973 4940 1122 5030 dicitur,
1146 4942 1192 5019 ad
1211 4970 1366 5019 manum
1384 4972 1491 5020 suam
1505 4970 1575 5045 pro
1592 4941 1742 5021 defectu
1757 4944 1923 5023 bominis
1942 4962 2000 5024 te—

573 5064 700 5155 nebat,
717 5084 889 5177 tempore
908 5070 992 5148 facti
1007 5072 1167 5180 judicati
1188 5073 1362 5180 predicti,
1385 5074 1512 5179 plures
1530 5074 1697 5151 raciones
1711 5102 1928 5181 proponens
1951 5078 1998 5153 ad

565 5192 691 5297 ¹linem
711 5202 928 5281 annullandi
947 5220 985 5280 et
1001 5204 1168 5282 totaliter
1190 5206 1386 5283 revocandi
1402 5205 1614 5312 judicatum
1637 5206 1870 5313 predictum,
1897 5206 1997 5283 dicto

576 5320 783 5407 Guillelmo
802 5332 929 5438 plures
948 5334 1117 5412 raciones
1142 5362 1162 5411 e
1187 5335 1371 5413 contrario
1392 5352 1643 5443 proponente3
1664 5336 1838 5426 tandem,
1861 5334 1996 5412 auditis

578 5476 688 5556 super
702 5458 773 5536 boc
787 5463 962 5565 gentibus
982 5465 1071 5542 dicti
1085 5465 1264 5573 episcopi,
1280 5492 1349 5572 pro
1363 5466 1460 5573 ipso,
1475 5484 1514 5544 et
1527 5466 1629 5543 dieto
1646 5464 1781 5558 milite,
1798 5490 1869 5567 pm
1885 5490 1943 5551 se,
1956 5483 1995 5543 st

1819 5617 1868 5699 78.
