5817 7292
858 1077 933 1149 226
1442 1074 1532 1148 Lus
1561 1071 1698 1148 OLIM.

628 1226 758 1281 Puum
775 1219 822 1286 tv,
858 1235 957 1307 rant,
975 1233 1150 1325 petentes
1164 1213 1374 1322 predictam
1392 1205 1618 1293 sentenciam
1639 1211 1782 1292 nullam
1802 1211 2060 1317 pronunciari,
2078 1213 2156 1305 vel,
2172 1215 2202 1294 si
2223 1245 2276 1296 es·

698 1317 762 1361 Μ
860 1366 918 1426 set
928 1348 1071 1456 eliqua,
1087 1348 1264 1456 injustam
1277 1345 1444 1435 daem,
1461 1359 1700 1452 procuratore
1715 1359 1844 1423 nostro
1857 1342 2028 1448 predicto
2046 1347 2274 1424 contrarium

859 1479 1029 1556 dicente:
1044 1478 1133 1557 Viso
1149 1477 1251 1554 dicte
1268 1501 1375 1554 cause
1389 1474 1496 1554 totali
1511 1499 1703 1581 processu,
1720 1473 2011 1578 pronunciatum
2026 1471 2114 1564 luit,
2130 1502 2196 1579 per
2211 1502 2276 1552 cu·

857 1609 913 1686 rie
934 1626 1059 1686 nostre
1074 1607 1282 1714 judicium,
1302 1605 1445 1684 dicoun
1464 1602 1710 1684 senescallum
1727 1603 1825 1682 male
1837 1603 2122 1709 pronunciasse,
2139 1623 2177 1682 et
2197 1604 2276 1682 dic-

856 1755 915 1817 tos
935 1739 1112 1846 conjuges
1129 1735 1226 1814 bene
1250 1734 1467 1842 appellasse.

912 1870 954 1946 ln
973 1867 1069 1946 leste
1088 1867 1189 1944 beati
1206 1866 1369 1944 Andree.

912 1997 1072 2078 Cuillier
1089 1996 1300 2105 reportavit.

912 2261 956 2338 V.
988 2263 1029 2337 ln
1045 2289 1171 2350 causa,
1189 2287 1314 2338 coram
1327 2259 1531 2338 mmmrio
1541 2260 2082 2366 SanctiVictorisParisiensis,
2099 2278 2200 2339 mota
2215 2261 2272 2338 in·

856 2409 916 2468 ter
927 2390 1178 2470 Guillelmum
1197 2391 1245 2469 de
1260 2390 1521 2485 Monsterolio,
1538 2390 1626 2468 alias
1639 2391 1782 2469 dictum
1796 2391 1985 2481 Camsini,
1999 2419 2043 2470 ex
2055 2408 2161 2499 parte
2173 2419 2269 2479 una,

858 2536 897 2596 et
913 2519 1066 2598 Mariam
1087 2522 1272 2610 Franche,
1292 2520 1492 2609 Aulesiam,
1513 2518 1680 2598 relictam
1701 2517 1868 2599 defuncti
1886 2521 2034 2600 Thente
2054 2521 2143 2598 dicti
2162 2522 2271 2600 Cras'·

855 2649 1003 2739 tuisim,
1026 2667 1063 2727 et
1082 2649 1225 2730 liberos
1244 2652 1433 2729 dictorum
1451 2651 1600 2728 Thome
1617 2667 1656 2727 et
1669 2650 1833 2740 Aalesie,
1852 2682 1894 2730 ac
1913 2651 2030 2729 edam
2044 2667 2189 2730 tutores
2203 2681 2271 2730 seu

855 2796 1044 2858 curatores
1062 2780 1250 2860 dictorum
1264 2780 1493 2870 liberorum,
1511 2808 1556 2858 ex
1572 2781 1705 2872 altera,
1720 2811 1833 2890 super
1849 2783 2013 2889 eoquod
2033 2783 2154 2860 dictus
2171 2781 2273 2861 Guil-

854 2909 1008 3003 lelmus,
1023 2910 1151 2988 dicens
1166 2911 1310 2988 dictum
1321 2912 1511 2990 Thornsm
1523 2912 1842 3021 consanguineum
1853 2941 1964 2992 suum
1976 2911 2105 3002 luisse,
2120 2929 2158 2988 et
2168 2911 2273 3018 quod

856 3041 980 3120 dictus
999 3043 1180 3146 Thomas,
1207 3043 1303 3121 dum
1323 3043 1478 3131 viveret,
1497 3069 1587 3120 eum
1607 3043 1760 3122 tenebat
1781 3072 1850 3150 pro
1878 3071 1947 3122 suo
1974 3044 2270 3152 consanguineo,

855 3171 1006 3278 petebat
1033 3200 1159 3250 coram
1186 3173 1289 3250 dicto
1318 3172 1521 3251 camerario
1548 3201 1605 3261 se,
1631 3191 1811 3281 tanquam
1836 3174 2168 3278 consanguineum
2183 3171 2271 3250 disti

856 3303 1021 3395 Thome,
1038 3302 1203 3392 admitti,
1220 3303 1411 3382 mediante
1426 3321 1465 3381 et
1480 3302 1602 3382 oblata
1619 3304 1748 3394 bursa,
1765 3321 1879 3409 prout
1895 3302 2010 3380 debet
2026 3301 2127 3390 fieri,
2145 3304 2200 3404 ad.¹
2213 3331 2270 3379 re-

854 3431 1080 3509 traccionem
1109 3433 1306 3541 cujusdam
1331 3433 1466 3512 domus
1496 3451 1534 3511 et
1562 3433 1811 3542 qrrarumdam
1836 3432 2089 3510 hereditatum
2117 3432 2165 3508 ad
2195 3432 2271 3510 dic-

653 3585 659 3594 ·
810 3660 813 3664 A
854 3579 932 3639 tam
952 3561 1110 3640 domum
1129 3564 1421 3670 pertinencium,
1440 3591 1515 3671 que
1538 3563 1686 3642 fueraut
1706 3563 1795 3640 dicti
1815 3563 1966 3640 Thome
1989 3580 2026 3640 et
2052 3579 2157 3640 erunt
2173 3581 2270 3640 tens-

854 3719 946 3797 pore
962 3720 1039 3798 quo
1061 3694 1237 3784 decessit,
1255 3712 1293 3773 et
1308 3723 1377 3802 per
1394 3712 1557 3772 mortem
1578 3694 1659 3802 ejus
1679 3693 1971 3772 devenerant-ad
1991 3693 2114 3770 dimus:
2129 3689 2269 3770 liberos

855 3821 945 3900 dicti
965 3823 1132 3914 Thome,
1154 3853 1247 3934 quas
1266 3825 1423 3904 domum
1446 3842 1486 3903 et
1502 3809 1733 3902 'hereditates
1753 3824 1841 3900 dicti
1868 3822 1977 3900 liberi
1998 3838 2037 3900 et
2055 3822 2192 3900 eorum.
2207 3837 2269 3900 tu-

854 3968 954 4030 tores
977 3980 1044 4031 seu
1066 3972 1255 4033 curatores
1270 3954 1516 4034 vendiderant
1532 3954 1631 4032 dicte
1650 3953 1765 4034 Maris
1784 3955 1970 4044 Franche;
1988 3953 2028 4030 in
2048 3981 2123 4061 qua
2143 3981 2266 4044 causa,

852 4082 1023 4190 partibvs
1045 4085 1283 4191 presentibus
1302 4084 1403 4164 etad
1419 4083 1611 4192 judicium
1633 4083 1864 4191 adpunctatis
1883 4111 2007 4161 eoram
2029 4081 2129 4160 dicto
2150 4111 2270 4160 came-

853 4213 975 4304 rario,
999 4214 1122 4294 dictus
1144 4217 1371 4295 camerarius
1395 4215 1515 4294 dictos
1537 4243 1628 4294 reos.
1646 4214 1815 4321 predicto
1835 4213 2042 4293 Guillelmo
2066 4239 2135 4319 per
2158 4239 2269 4290 suum

849 4344 1037 4450 judicium
1058 4347 1346 4455 condempnavit
1364 4347 1404 4426 in
1416 4345 1597 4455 predictis
1614 4374 1682 4452 per
1701 4345 1847 4423 dicmur
1856 4343 2107 4423 Guillelmum
2126 4343 2268 4448 petitis,

855 4478 972 4579 aquo
987 4475 1170 4582 judicato,
1192 4496 1389 4587 tamqnam
1404 4477 1499 4556 falso
1523 4494 1563 4555 et
1578 4477 1712 4584 pravo,
1734 4475 1822 4553 dieti
1842 4474 1976 4566 Matris,
1997 4472 2139 4551 Aulesia
2156 4459 2203 4550 'et
2224 4472 2268 4548 li·

856 4602 936 4680 beri
957 4632 998 4681 ac
1018 4634 1151 4684 eorum
1172 4625 1332 4699 tutores,
1354 4608 1402 4687 ad
1421 4625 1596 4688 nostrum
1616 4607 1852 4714 prepositum
1874 4605 2122 4682 Parisiensem
2147 4600 2269 4707 appel·

855 4730 1040 4825 laverunt;
1060 4739 1127 4846 qui
1146 4741 1378 4848 prepositus,
1399 4739 1439 4816 in
1457 4739 1555 4816 dicta
1575 4765 1683 4815 causa
1702 4735 1925 4843 procedens,
1946 4734 2082 4812 auditis
2100 4731 2267 4838 parcium

854 4863 1066 4944 redonibus
1079 4885 1117 4946 et
1128 4869 1208 4949 viso
1225 4870 1326 4948 dieto
1341 4897 1521 4978 processu
1537 4885 1575 4948 et
1588 4867 1758 4977 judicato
1773 4867 1944 4974 predicto
1960 4863 2048 4941 dicti
2058 4859 2265 4950 cenerarii,

851 5020 1040 5098 persuum
1053 4999 1242 5105 judicium
1255 5002 1516 5112 pronunciavit
1532 5001 1676 5080 dictum
1695 4997 1938 5076 camerarium
1953 4994 2047 5072 male
2063 4993 2265 5102 judicasse,

853 5138 892 5201 et
908 5125 1097 5230 predictos
1114 5130 1344 5238 appellantes
1360 5133 1465 5211 bene
1473 5130 1699 5239 appellasse3
1719 5157 1830 5236 aquo
1841 5127 2009 5236 judicato
2025 5125 2118 5202 dicti
2135 5149 2268 5231 prepo-

854 5254 930 5344 siti,
950 5273 1126 5366 tanquam
1143 5290 1164 5338 a
1183 5262 1275 5341 falso
1295 5280 1333 5340 et
1351 5290 1481 5372 prato,
1500 5261 1623 5340 dictus
1642 5259 1871 5340 Guillelmus
1891 5259 1939 5336 ad
1958 5283 2029 5334 nos
2047 5251 2266 5363 appellavit:

852 5385 949 5464 Visis
974 5388 1090 5497 igitur
1109 5394 1345 5500 processibus
1373 5391 1551 5474 omnibus
1575 5411 1612 5472 et
1627 5391 1804 5500 judicatis
1825 5389 2028 5495 predictis,
2058 5383 2268 5489 auditisque
