5817 7292
858 1139 907 1214 68
959 1194 963 1204 ,
1438 1142 1528 1215 Lus
1557 1135 1695 1217 omn.

633 1291 763 1346 rmum
774 1289 817 1353 rt,
856 1281 970 1360 tionis
990 1309 1163 1390 supereo
1183 1283 1289 1389 quod
1304 1283 1461 1388 predicti
1476 1284 1705 1362 Bertrandus
1721 1299 1760 1362 et
1773 1283 2002 1363 Guillelmus
2017 1283 2278 1390 proponebant

694 1383 756 1425 Μ’
859 1413 1068 1519 quodcum
1090 1412 1176 1518 ipsi,
1201 1411 1360 1518 quilibet
1386 1441 1454 1519 pro
1476 1414 1564 1521 jure
1586 1445 1674 1504 suo,
1701 1432 1826 1492 essent
1851 1431 1889 1492 et
1914 1413 2074 1490 fuissent
2101 1411 2183 1502 diu,
2207 1413 2278 1488 vir-

856 1560 937 1620 tute
959 1542 1154 1649 cujusdam
1170 1542 1329 1649 judicati
1349 1571 1417 1648 per
1437 1544 1578 1622 curiam
1599 1563 1766 1624 nostram
1785 1544 1889 1636 sacti,
1906 1545 1946 1619 in
1962 1543 2198 1650 possessione
2217 1570 2280 1648 pa-

858 1674 961 1750 cifica
978 1674 1168 1751 dictorum
1184 1689 1412 1761 castrorum,
1431 1704 1543 1780 quea
1559 1677 1669 1754 uobis
1688 1705 1728 1754 se
1742 1693 1872 1752 tenere
1889 1673 2081 1761 dicebaut,
2099 1702 2187 1749 cum
2202 1701 2281 1779 per-

855 1805 1027 1882 tinenciis
1052 1805 1275 1883 eorumdem
1304 1805 1344 1880 in
1374 1807 1503 1912 gardia
1526 1825 1654 1884 nostra
1680 1805 1847 1913 speciali,
1869 1824 1908 1884 et
1931 1806 2003 1911 ipsi
2025 1805 2214 1881 venissent
2231 1803 2280 1878 ad

856 1936 1057 2041 quamdam
1085 1936 1249 2012 assisiam
1276 1936 1324 2012 de
1348 1936 1526 2028 Caturco,
1556 1938 1678 2015 dictus
1697 1937 1918 2028 Maurellus,
1940 1965 2027 2028 cum
2051 1934 2278 2042 quibusdam

824 2066 1103 2172 -complicibus
1132 2067 1224 2154 suis,
1254 2069 1416 2172 pensatis
1448 2066 1613 2158 insidiis,
1639 2085 1683 2144 ut
1711 2067 1903 2159 dicebant,
1924 2066 2026 2142 venit
2055 2066 2104 2141 ad
2131 2083 2279 2173 portam

857 2196 946 2273 dicti
968 2198 1075 2274 castri
1092 2197 1139 2275 de
1160 2198 1355 2288 Cressaco,
1378 2215 1415 2274 et
1429 2195 1611 2274 familiam
1628 2198 1718 2275 dicti
1734 2198 1948 2288 bertrandi,
1965 2196 2123 2273 indicto
2140 2213 2275 2282 castro,

856 2329 1093 2419 existentem,
1118 2329 1230 2405 minis
1250 2346 1288 2405 et
1306 2327 1514 2405 terroribus
1533 2329 1732 2418 seducens,
1760 2329 1905 2406 dictum
1930 2347 2093 2405 castrum
2113 2326 2280 2403 introivit

856 2477 893 2534 et
912 2459 1037 2536 statim
1058 2459 1223 2566 quodam
1244 2486 1362 2535 cornu
1380 2458 1561 2549 cornavit,
1584 2458 1631 2534 ad
1651 2459 1761 2568 cujus
1780 2459 1947 2537 sonitum
1967 2458 2090 2534 dictus
2108 2455 2280 2534 Gileber-
2360 2448 2371 2462 ’

854 2605 931 2680 tus,
955 2617 1041 2666 curn
1063 2587 1308 2664 multitudine
1325 2605 1553 2666 armatorum
1572 2589 1771 2677 accedens,
1786 2589 1931 2666 dictum
1950 2604 2111 2665 castrum
2130 2586 2280 2662 intravit

856 2736 907 2806 et,
934 2748 1020 2795 cum
1048 2718 1100 2794 sic
1126 2719 1339 2804 intrassent,
1369 2717 1549 2794 familiam
1577 2719 1667 2796 dicti
1696 2719 1894 2797 Bertrandi
1917 2719 2007 2794 inde
2034 2717 2277 2823 expulerunt,

853 2850 954 2928 bona
977 2849 1122 2926 ibidem
1152 2845 1353 2925 existeucia
1383 2845 1568 2924 violenter
1593 2849 1848 2932 abstulerunt,
1882 2849 2007 2953 ipsum
2031 2847 2280 2924 bertrandum

856 2979 953 3056 dicta
973 2979 1207 3086 possessione
1231 2976 1339 3055 castri
1360 2993 1397 3052 et
1413 2975 1875 3055 bonorum‘dissaisiando
1899 2997 1937 3056 et
1960 2977 2175 3086 spoliand0;
2196 3007 2281 3083 pro-

854 3111 1045 3217 ponebant
1059 3111 1176 3187 eciam
1192 3108 1312 3215 quod,
1330 3107 1463 3184 eadem
1480 3108 1559 3196 die,
1575 3109 1645 3214 ipsi
1660 3109 1867 3187 Maurellus
1882 3125 1921 3186 et
1934 3108 2179 3201 Gillebertus,
2194 3137 2280 3184 cum

855 3241 967 3316 armis
992 3257 1030 3316 et
1055 3269 1123 3346 per
1148 3238 1369 3316 violenciam
1398 3255 1581 3344 ceperunt
1604 3255 1644 3314 et
1671 3256 1948 3346 occupaverunt
1969 3239 2181 3344 predictum
2201 3268 2280 3315 cas-

854 3389 957 3448 trum
971 3369 1304 3458 Sancti-Mcdardi,
1323 3387 1360 3447 et
1373 3386 1504 3479 gentes
1518 3370 1607 3446 dicti
1617 3369 1819 3448 Guillermi
1834 3368 1978 3446 ibidem
1992 3370 2191 3445 existentes
2201 3371 2278 3444 vio-

855 3504 978 3579 lenter
989 3501 1079 3577 inde
1096 3500 1337 3608 expulerunt,
1360 3502 1523 3578 eundem
1540 3500 1794 3580 Guillelmum
1809 3500 2043 3606 possessione
2059 3499 2147 3575 dicti
2168 3498 2276 3574 castri

855 3651 893 3710 et
905 3632 1098 3712 bonorum
1112 3661 1268 3710 suorum
1286 3630 1482 3740 spoliando
1500 3649 1540 3710 et
1554 3629 1818 3721 dissaisiando;
1837 3659 1882 3707 ex
1896 3629 2050 3707 adverso
2066 3646 2208 3715 autem,
2228 3629 2277 3704 ad

856 3763 1115 3843 defensionem
1140 3765 1310 3870 ipsorum
1335 3741 1486 3843 Morelli
1511 3780 1549 3840 et
1568 3763 1754 3841 Gileberti
1775 3779 1814 3838 et
1834 3761 2012 3868 episcopi,
2039 3759 2159 3837 multa
2178 3757 2278 3835 dice·

855 3895 992 3972 bantur
1011 3925 1137 3974 coram
1158 3895 1335 4001 predictis
1350 3895 1546 4003 judicibus
1564 3894 1756 4001 proposita
1776 3909 1815 3971 et
1834 3893 1998 3969 exhibita
2011 3891 2138 3969 fuisse.
2157 3891 2279 3995 Super

854 4027 1009 4131 quibus,
1031 4027 1160 4134 plures
1180 4055 1377 4132 processus
1397 4027 1497 4104 iuter
1518 4026 1636 4103 dictas
1655 4043 1780 4132 partes
1801 4023 1905 4115 lacti,
1927 4023 2117 4101 sentencie
2145 4022 2217 4099 late
2243 4037 2282 4098 et

854 4157 1127 4265 appellaciones
1146 4158 1339 4266 interjecto
1361 4156 1600 4246 dicebantur3
1621 4182 1783 4262 cumque
1806 4155 1928 4232 dictus
1950 4152 2177 4231 senescallus
2197 4181 2281 4229 nos-

853 4304 912 4364 ter
932 4289 1067 4366 dictam
1089 4289 1376 4368 altercacionem
1393 4307 1431 4368 et
1450 4290 1568 4366 dictas
1587 4305 1729 4395 partes,
1754 4315 1843 4364 cum
1863 4285 1940 4363 suis
1959 4284 2212 4392 processibus,
2233 4283 2281 4361 ad

855 4417 957 4493 curie
975 4438 1102 4497 nostre
1121 4421 1168 4497 de
1188 4451 1338 4500 assensu
1362 4422 1548 4499 dictarum
1563 4420 1749 4526 parcium,
1770 4418 1976 4496 remisisset
1986 4444 2145 4502 ,examen
2159 4449 2168 4492 :
2184 4415 2280 4496 Visis

855 4563 893 4622 et
918 4548 1116 4656 diligenter
1139 4551 1315 4657 inspectis
1339 4553 1577 4658 processibus
1602 4570 1641 4629 et
1663 4551 1753 4629 actis
1781 4551 1967 4628 dictarum
1992 4549 2175 4655 partium,
2201 4546 2279 4622 viso

854 4676 971 4754 eciam
998 4680 1037 4755 in
1062 4679 1227 4788 registris
1252 4683 1353 4760 curie
1374 4700 1503 4760 nostre
1528 4683 1696 4788 quodam
1716 4682 1886 4788 judicato
1911 4707 1980 4786 pro
2004 4676 2210 4755 Bertrando
2230 4675 2278 4750 de

855 4809 1030 4888 Cressaco
1055 4839 1167 4916 super
1190 4814 1418 4918 proprietate
1445 4814 1617 4891 villarum
1642 4813 1689 4890 de
1715 4814 1892 4893 Cressaco
1916 4810 2021 4889 etde
2042 4807 2279 4888 Sancto-Me-

856 4942 972 5019 dardo
992 4959 1029 5018 et
1044 4942 1199 5030 mansis,
1218 4943 1331 5035 villis,
1351 4945 1460 5021 terris
1481 4962 1520 5022 et
1534 4945 1777 5052 pertinenciis
1795 4943 1973 5023 omnibus
1990 4957 2028 5019 et
2046 4937 2203 5048 singulis
2222 4965 2281 5015 eo

852 5073 1029 5150 rumdem
1060 5073 1226 5180 prolatu,
1254 5075 1333 5151 viso
1364 5077 1481 5152 eciam
1511 5076 1678 5183 quodam
1708 5103 1889 5183 processu
1918 5101 2044 5152 coram
2075 5069 2280 5149 senescallo

854 5220 983 5281 nostro
1000 5203 1186 5312 Agerensi
1209 5205 1307 5282 inter
1328 5205 1445 5284 dictas
1466 5221 1590 5312 partes
1606 5205 1703 5284 sacto
1719 5222 1758 5282 et
1774 5233 1843 5310 per
1859 5221 1991 5312 gentes
2008 5201 2099 5278 dicti
2117 5199 2280 5307 episcopi

854 5334 1037 5426 exhibito,
1055 5353 1093 5412 et
1107 5336 1196 5443 ipsis
1209 5335 1378 5442 partibus
1393 5336 1624 5414 sufficienter
1635 5334 1790 5426 auditis,
1802 5363 1872 5440 per
1883 5350 2067 5411 arrestum
2080 5331 2183 5408 curie
2198 5356 2297 5406 nos.

853 5480 910 5540 tre
935 5465 1078 5543 dictum
1102 5466 1175 5542 fuit
1199 5483 1237 5543 et
1259 5467 1548 5572 pronunciatum
1570 5466 1672 5574 ipsos
1697 5465 1949 5542 bertrandum
1973 5480 2012 5541 et
2030 5457 2279 5539 Guillelmum
