5817 7292
940 1102 1015 1179 5711
1515 1102 1607 1174 Las
1622 1099 1778 1174 ‘Oblld

715 1258 902 1323 manarant
939 1262 1039 1324 ratur
1049 1244 1235 1323 dictorum
1245 1242 1509 1351 religiosorum
1519 1242 1624 1349 quod
1634 1241 1756 1319 dictus
1764 1239 2132 1349 ballivus,predictis
2141 1244 2359 1331 bominibus

776 1348 839 1396 Μ’
939 1391 976 1453 et
997 1374 1252 1453 habitantibus
1275 1375 1314 1451 in
1335 1372 1442 1449 dictis
1462 1370 1569 1462 locis,
1592 1371 1748 1448 dederat
1767 1371 1961 1450 licenciam
1983 1372 2143 1454 faciendi
2164 1379 2357 1461 collectam

936 1506 1037 1583 inter
1050 1528 1115 1583 eos
1131 1522 1168 1583 et
1185 1503 1438 1582 conmittendi
1450 1517 1750 1610 procuratorem,
1763 1502 1987 1608 irrequisitis
1999 1504 2110 1585 dictis
2123 1506 2309 1617 religiosis
2322 1533 2360 1591 et

936 1636 974 1713 in
982 1635 1233 1745 prejudicium
1243 1634 1485 1725 eorumdem,
1501 1632 1733 1741 quodlacere
1745 1657 1824 1711 non
1832 1650 1991 1741 poterat,
2006 1652 2051 1713 ut
2064 1637 2227 1733 dicebat3
2240 1668 2358 1750 quare

936 1768 1087 1873 petebat
1105 1784 1323 1873 procurator
1348 1766 1537 1844 dictorum
1561 1763 1843 1872 religiosorum,
1864 1765 2018 1843 nomine
2038 1767 2209 1874 ipsorum
2234 1790 2272 1851 et
2289 1802 2358 1881 pro

935 1898 1039 2003 ipsis,
1054 1900 1220 2005 predicta
1235 1898 1522 2006 impedimenta,
1535 1921 1603 2003 per
1618 1894 1761 1972 dictum
1772 1894 1970 1986 ballivum,
1983 1924 2097 2005 super
2105 1902 2285 2007 predictis
2298 1934 2357 2012 ap
2426 1974 2434 1981 .

936 2030 1072 2133 posita,
1091 2030 1271 2120 amoveri,
1295 2046 1334 2107 et
1349 2029 1453 2136 quod
1473 2027 1544 2135 ipsi
1559 2048 1628 2133 per
1642 2052 1726 2116 nos,
1748 2042 1941 2132 tamquam
1963 2056 2156 2133 persuum
2170 2032 2357 2138 gardiato-

935 2184 1031 2249 rem,
1048 2159 1086 2235 in
1100 2158 1233 2237 saisina
1248 2177 1286 2236 et
1300 2160 1533 2267 possessione
1549 2184 1616 2235 sua
1628 2156 1886 2264 predictorum
1898 2172 2107 2249 teneantur,
2124 2180 2237 2267 prout
2249 2183 2355 2242 eraut

934 2306 1104 2399 tempore
1128 2292 1315 2369 dictorum
1337 2290 1698 2398 impedimentorum
1718 2289 1974 2396 appositorum
1994 2314 2062 2395 per
2078 2292 2222 2369 dictum
2241 2293 2354 2371 balli-

935 2446 1042 2513 vum;
1064 2422 1241 2528 predictis
1258 2438 1500 2527 procuratore
1519 2436 1648 2497 nostro
1665 2446 1707 2495 ac
1719 2435 1961 2525 procuratore
1982 2420 2166 2498 dictorum
2183 2422 2355 2501 habitan-

935 2554 1036 2630 cium
1057 2554 1285 2630 contrarium
1306 2548 1572 2637 asserentibus,
1594 2549 1797 2655 pluresque
1822 2576 1950 2627 causas
1974 2568 2013 2627 et
2030 2552 2197 2631 raciones
2213 2581 2353 2662 propo-

935 2683 1112 2761 nentibus
1124 2706 1240 2788 quare
1251 2680 1299 2759 ad
1310 2681 1382 2758 hee
1392 2681 1547 2758 minime
1559 2697 1782 2757 tenerentur
1794 2710 1805 2755 r
1818 2681 1906 2758 Visa
1917 2681 2105 2788 inquesta,
2118 2682 2167 2760 de
2181 2686 2354 2765 mandato

935 2830 1080 2903 nostro,
1103 2812 1195 2890 lacta
1215 2836 1328 2919 super
1351 2812 1424 2889 hiis
1449 2830 1488 2889 et
1507 2808 1709 2918 diligenter
1734 2812 1955 2902 examinata,
1976 2812 2065 2919 quia
2087 2831 2281 2921 repertum
2291 2835 2356 2896 ast

933 2945 1040 3051 quud
1054 2941 1143 3021 dicti
1157 2944 1321 3051 religiosi
1335 2943 1589 3022 intencionem
1608 2965 1714 3019 stram
1732 2940 1971 3031 sufficienter,
1987 2970 2101 3049 super
2119 2944 2208 3035 hiis,
2224 2948 2356 3053 proba-

933 3091 1080 3164 veramt,
1098 3075 1326 3164 dictumest,
1345 3100 1413 3181 per
1427 3074 1530 3151 curie
1546 3088 1673 3151 nostre
1682 3072 1889 3181 judicium,
1905 3073 2026 3151 dictos
2042 3073 2239 3183 religiosos
2249 3078 2356 3155 in'de-

933 3206 1011 3283 bite
1025 3204 1138 3285 luisse
1154 3207 1193 3282 in
1208 3206 1374 3312 predicta
1389 3205 1624 3310 possessione
1643 3232 1719 3291 sua,
1732 3231 1800 3310 per
1817 3203 1959 3281 dictum
1975 3203 2167 3297 ballivum,
2183 3206 2353 3286 turbatos

935 3352 972 3414 et
990 3336 1208 3443 impeditos,
1231 3364 1273 3412 ac
1297 3336 1398 3442 ipsos
1417 3334 1457 3412 in
1474 3336 1643 3442 predicta
1665 3364 1731 3413 sua
1752 3336 1983 3441 possessione
2004 3352 2041 3413 et
2059 3337 2190 3413 saisina
2210 3336 2352 3417 debere

933 3491 1128 3543 remanere
1143 3467 1189 3543 de
1203 3465 1380 3543 omnibus
1393 3464 1633 3571 supradictis,
1648 3465 1688 3541 in
1701 3465 1819 3544 modo
1832 3479 1869 3543 et
1881 3464 1999 3543 forma
2009 3466 2146 3573 quibus
2160 3466 2229 3573 ipsi
2243 3486 2352 3548 erant

934 3612 1019 3674 ante
1044 3612 1195 3703 tempus
1215 3596 1403 3674 dictorum
1425 3596 1788 3703 impedimentorum
1811 3597 2064 3704 appositorum
2081 3624 2149 3703 per
2168 3597 2351 3677 ballivum

933 3726 1182 3817 antedictum,
1195 3744 1387 3820 reservata,
1403 3753 1517 3834 super
1535 3728 1624 3818 biis,
1646 3728 1844 3835 questione
1863 3726 2100 3835 proprietatis
2120 3732 2353 3833 procuratori

933 3872 1062 3939 nostro
1090 3875 1128 3936 et
1155 3858 1333 3965 predictis
1361 3858 1582 3938 hominibus
1605 3875 1643 3937 et
1664 3859 1922 3937 habitantibus
1948 3858 1990 3935 in
2013 3858 2105 3935 locis
2131 3860 2356 3965 supradictis

933 4008 1061 4069 contra
1081 3988 1200 4067 dictos
1217 3988 1429 4098 religiosos,
1448 3991 1479 4067 si
1498 4006 1537 4068 et
1553 3991 1706 4098 quaudo
1721 4017 1834 4098 super
1849 3990 1923 4069 hoe
1939 3988 2129 4068 voluerint
2143 3989 2313 4097 experiri.

989 4118 1150 4198 Sabbato
1169 4121 1348 4229 predicta.

987 4250 1157 4330 Decanus
1179 4252 1226 4329 de
1245 4250 1409 4331 Caesello
1429 4254 1644 4358 reportavit.

986 4514 1110 4593 Llllll.
1141 4514 1259 4603 Cum,
1283 4539 1395 4623 super
1419 4532 1541 4592 morte
1562 4514 1706 4593 Perroti
1730 4512 1868 4591 Ribaut
1896 4514 1945 4591 de
1971 4512 2198 4592 Bello-Loco
2220 4512 2351 4591 subtus

930 4645 1103 4738 Lochias,
1121 4645 1169 4723 de
1189 4672 1263 4752 qua
1284 4646 1497 4753 Stephanus
1515 4644 1734 4723 Berrilherii
1750 4662 1788 4723 et
1807 4644 2036 4724 Guillelmus
2048 4643 2256 4733 Frederiei,
2273 4668 2350 4719 car-

930 4776 1059 4856 nifices
1079 4776 1126 4854 de
1152 4777 1249 4855 dicta
1270 4776 1354 4854 villa
1370 4774 1464 4856 Belli
1477 4820 1497 4836 ·
1510 4775 1616 4866 Loci,
1635 4775 1784 4854 fuerant
1802 4776 1976 4884 suspicati
1999 4802 2070 4881 pro
2093 4800 2140 4853 eo
2158 4774 2261 4882 quod
2276 4772 2348 4879 ipsi

845 4926 850 4935 ¹
930 4908 1054 4986 eidem
1072 4908 1227 4986 Perroto
1246 4910 1385 5001 minas,
1410 4925 1495 4986 ante
1509 4908 1812 4987 verberaoionem
1832 4907 2033 5015 quamdam
2055 4906 2183 4985 eidem
2196 4903 2349 4993 factam

928 5038 1115 5126 intulisse,
1129 5055 1167 5116 et
1179 5039 1432 5119 verberacioni
1446 5038 1667 5147 hujusmodi
1681 5067 1809 5146 opem,
1826 5037 1993 5117 favorem
2006 5054 2045 5115 et
2056 5036 2258 5115 consilium
2268 5058 2355 5142 pre·

928 5166 1071 5262 buisse,
1093 5192 1135 5246 ac
1153 5170 1457 5250 verberacionem
1476 5171 1651 5261 eandem,
1668 5170 1758 5248 licet
1770 5170 1996 5277 potuissent,
2013 5192 2092 5247 non
2111 5164 2353 5276 impedivisse

929 5297 1163 5394 dicebantur,
1182 5298 1229 5379 ad
1244 5302 1580 5382 denunciationem
1593 5302 1775 5401 lobannis
1785 5302 1940 5394 llibaut,
1955 5298 2272 5378 mandavissemus
2288 5293 2354 5371 in·

926 5431 1024 5539 quiri
1033 5432 1185 5521 ,vocatis
1200 5433 1586 5540 partibus,veritatem
1600 5448 1638 5510 et
1648 5434 1776 5540 puniri
1789 5432 1878 5511 illos
1891 5432 1956 5541 qui
1973 5431 2171 5540 superbae
2184 5424 2355 5535 culpabi·
