5817 7292
887 1052 962 1127 504
1471 1051 1561 1125 LES
1589 1050 1727 1135 OLlM.

651 1207 787 1259 -Puurrn
801 1206 843 1269 IV.
882 1195 1018 1302 pertati
1038 1195 1327 1299 compacientes,
1345 1195 1392 1272 de
1409 1193 1542 1281 modo,
1561 1191 1682 1270 lorma
1702 1206 1741 1269 et
1757 1207 1930 1299 tempore
1952 1193 2218 1301 appellationis
2232 1227 2317 1303 pre-

720 1299 782 1342 1³10.

884 1325 982 1404 dicte
1003 1326 1093 1403 dicti
1107 1327 1275 1416 Henriei,
1293 1353 1455 1404 excausa
1471 1315 1645 1413 lecimui,
1666 1322 1805 1401 vocatis
1824 1323 2011 1430 partibus,
2028 1325 2167 1434 inquiri
2182 1328 2316 1406 verita-

881 1476 976 1550 tem;
992 1486 1105 1564 quam
1118 1458 1329 1565 inquestam
1345 1457 1605 1535 mandavimus
1617 1472 1824 1564 pergentes
1836 1473 1997 1546 nostras,
2011 1473 2104 1534 tunc
2116 1458 2317 1538 existentes

881 1589 1060 1682 Parisios,
1078 1589 1217 1666 vocatis
1235 1605 1272 1666 et
1292 1587 1429 1667 auditis
1449 1586 1635 1693 partibus,
1652 1585 1816 1694 judicari
1832 1617 1841 1663 ε
1856 1588 2005 1666 Vocatis
2021 1588 2135 1698 igitur
2152 1607 2191 1668 et
2210 1592 2317 1669 andi·

880 1721 929 1800 tis
947 1738 1023 1798 tam
1047 1720 1147 1798 dicto
1166 1720 1302 1800 ballivo
1323 1749 1437 1826 quam
1454 1719 1623 1826 partibus
1643 1719 1859 1809 antedictis,
1882 1736 1918 1797 et
1938 1720 2015 1797 visa
2035 1720 2237 1829 diligenter
2256 1723 2314 1800 in-

881 1869 1013 1963 questa
1034 1852 1216 1959 predicta,
1238 1880 1307 1959 per
1328 1882 1442 1960 quam
1458 1852 1562 1929 curie
1579 1867 1706 1929 nostre
1723 1850 1890 1928 constitit
1904 1851 2098 1929 evidenter
2113 1852 2161 1931 de
2176 1881 2313 1961 propo-

881 1988 960 2064 sitis
978 2014 1047 2093 per
1064 1984 1310 2092 Radulphum
1329 1983 1558 2091 predictum,
1575 2011 1643 2090 per
1662 1984 1766 2060 curie
1788 1998 1915 2060 nostre
1933 1982 2145 2090 judicium,
2168 1984 2313 2064 dictum

880 2115 954 2194 luit
973 2134 1011 2195 et
1031 2117 1320 2225 pronunciatum
1340 2115 1553 2223 predictum
1572 2114 1778 2193 Henricum
1797 2115 1924 2192 miuus
1943 2113 2172 2192 sufficienter
2190 2119 2313 2223 appel·

883 2248 992 2339 lasse,
1005 2268 1044 2327 et
1053 2250 1174 2357 quod,
1189 2249 1285 2326 dicta
1297 2246 1553 2354 appellacione
1567 2274 1651 2334 sua,
1664 2262 1858 2353 tamquam
1870 2244 2017 2337 frivola,
2030 2274 2108 2324 non
2121 2247 2310 2338 obstante,

880 2383 1094 2489 predictum
1111 2381 1322 2489 judicatum
1338 2378 1579 2456 mandabitur
1598 2377 1833 2465 execucioni,
1855 2395 1894 2455 et
1912 2378 2161 2485 quoddictus
2178 2381 2314 2458 Henri·

880 2542 945 2591 cus
964 2513 1037 2591 hoc
1057 2509 1283 2591 emendabit.
1305 2513 1353 2588 Et
1370 2510 1466 2618 ipse,
1486 2509 1532 2587 ad
1550 2509 1769 2589 mandatum
1790 2510 1910 2602 curie,
1933 2538 2048 2617 super
2064 2512 2137 2592 hoc
2154 2512 2312 2620 gagiavit

881 2645 1091 2722 emendam.

935 2777 1071 2855 Actum
1092 2777 1154 2853 die
1174 2775 1336 2868 sabbati,
1354 2791 1440 2883 post
1459 2773 1596 2852 festum
1613 2774 1727 2853 saneti
1745 2773 1912 2867 Andree,
1929 2803 2029 2853 anno
2043 2773 2309 2857 trecentesimo

880 2910 1046 2999 decimo,
1068 2907 1265 2986 interduo
1287 2907 1528 3014 parlamenta.

935 3177 996 3254 lV.
1026 3173 1239 3254 ludicatum
1259 3171 1400 3249 sactum
1421 3200 1491 3279 pro
1514 3171 1647 3250 Sibilia
1667 3172 1702 3250 la
1727 3174 1926 3260 Precarde,
1949 3174 1996 3250 de
2015 3175 2156 3261 Remis,
2179 3189 2309 3250 contra

881 3305 1077 3414 magistros
1095 3302 1240 3379 Heliam
1267 3303 1314 3380 de
1334 3303 1509 3380 Horliaco
1537 3319 1574 3382 et
1595 3303 1838 3410 Radulphum
1863 3304 1910 3382 de
1934 3304 2077 3392 Joiaco,
2099 3305 2311 3382 commissa·

880 3435 957 3512 rios
976 3466 996 3512 a
1017 3433 1172 3513 domino
1188 3437 1288 3542 Rege
1306 3435 1503 3541 deputatos
1523 3437 1562 3512 in
1582 3436 1740 3543 negocio
1761 3436 1974 3514 debitorum
1991 3453 2029 3515 et
2047 3435 2307 3543 depositorum

879 3565 1086 3646 Judeorum
1104 3567 1150 3644 de
1163 3545 1279 3674 reguo
1296 3565 1555 3672 expulsorum,
1571 3567 1679 3645 estin
1690 3566 1816 3644 rotulo
1830 3567 1942 3675 hujus
1954 3566 2194 3674 parlamenti,
2212 3568 2310 3644 eirca

878 3700 1059 3778 medium.

933 3834 1154 3910 Processum
1167 3830 1304 3910 tradidi
1325 3835 1375 3911 Μ.
1394 3835 1426 3908 J.
1449 3832 1497 3908 de
1512 3831 1697 3938 Dyvione,
1714 3831 1776 3910 die
1789 3833 1936 3921 martis,
1955 3831 1995 3909 in
2009 3830 2106 3909 festo
2120 3832 2309 3911 lnvencio·

877 3965 934 4042 nis
956 3963 1070 4040 sancti
1093 3964 1293 4070 Stephani,
1318 3991 1416 4040 anno
1433 3964 1700 4041 trecentesimo
1720 3964 1937 4044 undecimo.

932 4097 1062 4173 Postea
1080 4096 1248 4175 reddidit
1265 4096 1399 4185 michi,
1424 4113 1460 4172 et
1482 4113 1537 4174 est
1557 4096 1596 4171 in
1617 4125 1721 4174 sacco
1740 4096 1853 4203 hujus
1869 4096 2104 4203 parlamenti.

932 4356 975 4433 V.
1006 4357 1205 4433 Processus
1229 4355 1328 4434 inter
1355 4355 1521 4447 Annam,
1549 4355 1742 4432 dominam
1768 4356 1816 4433 de
1841 4357 2017 4447 Pictavia,
2043 4358 2214 4438 relictam
2238 4387 2302 4436 co-

876 4486 978 4564 mitis
997 4486 1265 4575 Ruthenensis,
1287 4505 1415 4564 contra
1430 4485 1658 4566 Gaufridum
1674 4486 1721 4564 de
1741 4489 1859 4567 Ponte
1877 4508 1916 4566 et
1932 4490 2011 4597 ejus
2028 4519 2200 4579 uxorem,
2224 4518 2300 4566 non

875 4615 945 4695 fuit
955 4617 1163 4724 judicatus,
1180 4617 1269 4724 quia
1282 4633 1406 4722 partes
1424 4645 1538 4723 super
1553 4617 1627 4695 hoc
1641 4615 1942 4724 pacificaverunt.

929 4880 989 4958 Vl.
1019 4879 1217 4957 Processus
1242 4879 1339 4957 inter
1357 4880 1567 4957 iohannem
1587 4879 1761 4958 Pereeval
1778 4897 1817 4960 et
1834 4880 2023 4959 decanum
2038 4899 2076 4958 et
2089 4878 2297 4989 capitulum

874 5009 1102 5099 meldenses,
1125 5039 1202 5088 non
1221 5009 1293 5100 fuit
1302 5010 1509 5118 judicatus,
1530 5011 1618 5118 quia
1636 5029 1761 5120 partes
1777 5040 1891 5119 super
1907 5011 1980 5092 boc
1994 5011 2294 5119 pacificaverunt.
