5817 7292
1003 1060 1270 1185 saoneres
1294 1082 1358 1154 rr
1385 1062 1592 1156 proces.
1936 1050 2009 1159 sas

591 1231 717 1295 nostre
742 1217 845 1293 curie
864 1219 1072 1325 judicium,
1100 1221 1242 1299 dictum
1272 1220 1344 1301 luit
1372 1222 1469 1319 male
1492 1223 1608 1301 fuisse
1632 1224 1920 1327 pronunciatum
1944 1254 2012 1332 per
2049 1238 2178 1291 Pomm
2191 1236 2234 1299 IV.

592 1345 735 1423 dictum
749 1348 919 1454 judicem
945 1352 1111 1458 predicte
1137 1380 1244 1431 cause
1264 1353 1540 1459 appellacionis,
1563 1370 1618 1441 et,
1637 1378 1706 1459 per
1726 1370 1870 1457 partem
1892 1353 2010 1433 dicto-
2112 1330 2175 1371 '⁸¹⁰'

591 1506 677 1553 rum
698 1468 840 1553 abbalis
866 1497 904 1555 et
928 1499 1133 1559 conventus
1157 1512 1199 1560 ac
1223 1484 1411 1562 dictorum
1435 1483 1593 1561 fratrum
1614 1484 1661 1561 de
1685 1484 1888 1589 Bosqueto,
1914 1485 2011 1563 bene

591 1606 821 1713 appellatum
837 1607 967 1699 luisse,
985 1610 1147 1719 fuitque,
1166 1642 1232 1721 per
1249 1614 1351 1691 idem
1363 1614 1569 1722 judicium,
1592 1613 1689 1690 dicta
1704 1641 1813 1692 causa
1828 1613 2015 1720 principa·
2128 1670 2140 1693 .

591 1736 637 1814 lis
661 1737 814 1815 remissa
838 1741 886 1817 ad
912 1741 1049 1817 dictam
1069 1743 1211 1822 curiam
1229 1744 1481 1824 Biterrensem
1505 1743 1693 1823 audienda
1722 1760 1761 1821 et
1781 1744 1863 1821 sine
1883 1744 2013 1823 debito

590 1870 838 1947 terminanda.

646 2001 745 2077 Jovis
764 2019 848 2079 ante
868 2005 1154 2084 Pentbecosten.

646 2263 786 2339 LXXX.
817 2262 898 2341 Lite
919 2279 1020 2343 mota
1045 2262 1145 2342 inter
1171 2263 1344 2344 abbatem
1369 2280 1408 2343 et
1432 2282 1658 2343 conventum
1685 2263 2017 2343 Pruilliaci·Escbi·

589 2384 692 2461 vardi
712 2384 750 2459 in
770 2400 896 2461 nostra
915 2394 1064 2487 speciali
1084 2396 1196 2489 garda
1220 2397 1433 2473 minantes.
1463 2424 1505 2469 ex
1524 2424 1599 2475 una
1621 2413 1744 2491 parte,
1770 2414 1808 2474 et
1826 2396 2018 2475 Eschivar-

591 2514 700 2602 dum,
714 2514 913 2589 dominum
927 2511 1016 2588 dicti
1029 2511 1121 2603 loci,
1140 2512 1317 2603 militem,
1332 2541 1377 2589 ex
1389 2512 1520 2605 altera,
1537 2543 1711 2620 supereo
1725 2517 1831 2624 quod
1846 2520 1937 2597 dicti
1953 2522 2018 2601 ab·

590 2643 656 2719 bas
673 2660 711 2719 et
725 2659 929 2718 conventus
947 2641 1162 2719 asserebant
1177 2641 1283 2747 quod
1300 2642 1403 2718 idem
1423 2641 1550 2738 miles,
1568 2642 1677 2732 dum,
1695 2646 1857 2750 quadam
1874 2647 1954 2739 die,
1969 2654 2017 2729 ad

593 2772 765 2878 exequias
786 2770 982 2877 cujusdam
1010 2770 1068 2847 sui
1091 2769 1298 2859 familiaris,
1321 2771 1359 2847 in
1383 2770 1553 2877 ipsorum
1576 2772 1839 2879 religiosorum
1862 2778 2016 2856 ecclesia

591 2931 659 2978 seu
679 2900 885 3009 cymiterio,
908 2928 1062 3007 presens
1082 2918 1194 2989 esset,
1211 2900 1365 3008 quidam
1387 2929 1477 2979 suus
1497 2901 1742 2995 domesticus,
1762 2904 1939 2985 videlicet
1952 2911 2016 2989 Jo-

591 3032 735 3145 hannes
758 3032 1006 3123 Larmeurier,
1027 3034 1066 3109 in
1093 3033 1172 3138 ipsa
1189 3030 1344 3109 ecclesia
1362 3059 1429 3109 seu
1450 3033 1654 3139 cymeterio
1671 3034 1860 3142 ejusdem,
1883 3066 2016 3142 quem-

591 3163 677 3239 dam
690 3162 807 3267 ipsius
822 3161 977 3239 ecclesie
990 3160 1216 3239 monachum
1234 3188 1355 3268 usque
1369 3160 1417 3237 ad
1431 3159 1655 3239 effusionem
1675 3165 1867 3272 sanguinis
1887 3196 2015 3277 pugno

588 3293 788 3398 percussit,
810 3292 891 3398 ipso
906 3292 1027 3369 milite
1047 3292 1195 3369 vidente
1211 3308 1250 3368 et
1268 3291 1408 3369 sciente
1423 3291 1700 3399 prohibereque
1716 3294 1861 3375 valente
1881 3314 1919 3375 et
1938 3327 2014 3377 non
2043 3376 2052 3389 ,

590 3423 830 3529 prohibente,
843 3422 960 3500 immo
972 3422 1123 3529 ipsimet
1134 3421 1258 3499 abbati
1270 3420 1435 3509 dicente,
1452 3419 1605 3499 «Abbas
1614 3434 1738 3529 prave,
1750 3424 1781 3502 si
1791 3443 1829 3501 te
1839 3431 2011 3519 moveris,

589 3571 762 3633 mortuus
777 3583 832 3642 es,
849 3552 1059 3631 »vibrando
1076 3552 1277 3660 quamdam
1293 3550 1473 3630 corticem
1489 3550 1536 3628 de
1555 3580 1699 3660 quercu
1712 3584 1826 3661 quam
1844 3557 1884 3633 in
1898 3586 2014 3636 manu

588 3683 776 3789 gestabat:
787 3712 829 3759 ac
849 3688 879 3759 si
903 3684 1013 3759 vellet
1033 3699 1228 3787 percutere
1244 3683 1410 3758 eundem
1425 3680 1597 3758 abbatem
1616 3683 1793 3760 indutum
1807 3687 2017 3766 sacerdota-

588 3811 689 3888 libus
709 3839 778 3917 pro
802 3838 957 3917 corpore
980 3811 1070 3887 dicti
1091 3810 1230 3889 mortui
1250 3810 1499 3897 inhumando,
1517 3808 1697 3916 quodque
1718 3811 1820 3887 idem
1847 3813 1956 3891 miles
1977 3835 2016 3894 et

590 3939 744 4045 quidam
764 3940 843 4029 alii,
859 3941 916 4017 sui
932 3940 1148 4046 complices,
1166 3939 1313 4026 armati,
1328 3937 1469 4015 multos
1482 3965 1651 4015 excessus
1670 3939 1833 4018 inbonis
1848 3943 2015 4023 etrebus

589 4070 850 4178 religiosorum
866 4070 1087 4149 eorumdem
1104 4069 1382 4156 commiserant,
1404 4084 1567 4173 quatuor
1589 4067 1723 4147 domos
1745 4071 1913 4177 ipsorum
1937 4075 2014 4152 vio·

589 4200 709 4279 lenter
729 4203 901 4281 intrando
924 4230 1059 4309 easque
1075 4196 1404 4307 discooperiendo,
1421 4196 1576 4275 bladum
1594 4200 1700 4306 quod
1721 4198 1775 4276 ibi
1792 4202 2014 4281 invenerunt

591 4331 857 4440 dispergendo,
870 4334 999 4417 vinum
1014 4328 1258 4419 effimdendo,
1274 4327 1466 4417 culcitras,
1483 4327 1704 4435 pulvinaria,
1719 4329 1962 4410 lintheamina
1976 4353 2015 4411 et

589 4460 680 4539 alios
693 4490 835 4569 pannos
854 4463 997 4542 ibidem
1015 4462 1185 4539 inventos
1205 4488 1292 4539 cum
1314 4457 1448 4566 gladiis
1467 4458 1691 4550 scindendo,
1711 4460 1908 4540 lacerando
1923 4481 1961 4542 et
1975 4465 2013 4541 in
2119 4566 2124 4575 0

588 4592 773 4697 putheum
796 4594 969 4701 ejusdem
993 4592 1194 4671 domorum
1217 4590 1381 4697 ipsarum
1400 4588 1639 4695 proiciendo,
1662 4606 1701 4667 et
1721 4590 1915 4697 implendo
1936 4592 2015 4671 dio·

587 4738 670 4798 tum
687 4724 872 4828 putheum
895 4722 1022 4813 doliis,
1045 4722 1164 4800 archis
1188 4739 1226 4800 et
1252 4721 1385 4798 ceteris
1411 4718 1583 4827 ejusdem
1608 4720 1747 4799 domus
1769 4722 2011 4815 utensilibua3

589 4850 837 4932 domunculas
858 4853 975 4932 eciam
994 4882 1104 4961 supra
1125 4854 1221 4931 duos
1241 4850 1424 4928 dictarum
1452 4848 1654 4928 domorum
1678 4853 1839 4957 putheas
1862 4852 2014 4931 edifica·

586 4997 642 5057 tas
673 4982 920 5073 destruendo,
952 5012 1089 5062 cornua
1117 5009 1329 5069 cervorum,
1359 4979 1407 5057 ad
1437 4978 1614 5058 decorem
1640 4980 1795 5061 alterius
1825 4984 1872 5061 de
1905 4983 2013 5060 dictis

588 5109 763 5191 domibus
792 5114 896 5193 affixa
924 5115 1144 5224 parietibus,
1174 5111 1370 5191 avellendo
1396 5128 1434 5189 et
1457 5109 1582 5188 avulsa
1608 5112 1648 5189 in
1671 5113 1857 5219 putheum
1885 5112 2014 5220 prohi-

588 5242 738 5334 eiendo,
762 5266 917 5353 pontem
938 5246 1091 5324 alterius
1115 5244 1316 5323 domorum
1341 5241 1594 5349 predictarum
1616 5242 1865 5332 destruendo,
1886 5258 2012 5348 portas

588 5368 808 5479 frangendo,
830 5396 868 5454 et
888 5378 960 5456 biis
979 5393 1056 5454 tam
1072 5374 1289 5453 enormibus
1313 5402 1389 5451 non
1410 5374 1596 5462 contenti,
1620 5373 1668 5451 ad
1693 5374 1769 5452 duo
1793 5369 2010 5449 molendina

607 5583 614 5609 x
695 5546 747 5587 css
766 5548 847 5591 ocra.
872 5554 919 5594 nr.
1844 5528 1884 5604 ‘t'lt
