5817 7292
1034 1115 1305 1227 snousrss
1330 1137 1396 1210 nr
1423 1121 1630 1212 rnocts.
1970 1143 2043 1216 sss

619 1279 784 1368 clusum,
806 1281 986 1388 assignata
1010 1309 1079 1386 per
1104 1307 1192 1358 eum
1218 1278 1280 1355 die
1306 1296 1406 1356 certa
1428 1279 1597 1386 partibus
1622 1279 1800 1386 predictis
1820 1279 1858 1356 in
1880 1284 2042 1388 presenti
2082 1291 2267 1356 Psuvrzlt‘,

617 1411 850 1518 parlameuto
862 1413 912 1490 ad
925 1413 1209 1492 ordinacionem
1221 1428 1348 1489 nostre
1360 1412 1462 1488 curie
1473 1439 1585 1518 snper
1598 1412 1673 1488 hoc
1685 1410 1911 1488 audiendam
1924 1445 1932 1489 :
1945 1416 2044 1491 Tan·
2144 1385 2207 1428 Μ’

617 1543 718 1635 dem,
733 1571 802 1650 per
815 1544 958 1621 utrium
972 1562 1140 1624 nostram
1152 1543 1331 1650 inspectis
1341 1543 1450 1620 dictis
1463 1543 1698 1650 processibus
1709 1572 1778 1650 per
1789 1543 1910 1620 dictos
1925 1545 2044 1650 inqui-

617 1673 752 1752 sitores
771 1692 810 1754 et
828 1675 1025 1754 officialem
1043 1675 1164 1765 lactis,
1181 1675 1319 1753 auditis
1338 1674 1457 1752 eciam
1474 1674 1688 1754 racionibus
1706 1692 1744 1752 et
1763 1673 2045 1752 defensionibus

617 1805 786 1912 parcium
807 1824 845 1884 et
862 1805 945 1884 aliis
969 1836 1043 1914 que
1069 1805 1169 1883 dicte
1188 1823 1330 1912 partes,
1351 1807 1399 1884 ad
1418 1807 1558 1884 dictem
1583 1806 1686 1883 diem
1706 1821 1982 1910 comparentes,
2005 1806 2043 1882 in

612 1936 762 2042 judicio
780 1966 994 2045 proponere
1011 1937 1232 2026 voluerunt,
1253 1938 1341 2014 visis
1361 1938 1480 2016 eciam
1499 1937 1726 2044 quibusdam
1747 1935 1896 2028 litteris,
1920 1938 2045 2014 muni·

616 2071 756 2147 meotis
781 2087 821 2146 et
839 2069 1101 2148 instrumentis
1123 2096 1238 2174 super
1265 2067 1338 2146 hoc
1362 2069 1560 2157 exhibitis,
1586 2097 1654 2174 per
1673 2069 1776 2146 curie
1796 2087 1926 2147 nostre
1939 2068 2044 2174 judi·

614 2201 732 2288 cium,
750 2200 983 2278 declaratum
999 2216 1039 2278 et
1057 2199 1199 2276 dictum
1215 2197 1289 2275 fuit
1307 2199 1453 2276 dictum
1468 2199 1717 2278 Guillelmum
1735 2202 1774 2277 in
1794 2201 1924 2277 saisina
1944 2201 2042 2278 dicte

614 2329 756 2436 capelle
776 2359 858 2408 esse
875 2328 1087 2408 tenendum
1103 2346 1143 2406 et
1162 2327 1460 2407 defendendum.

668 2462 824 2542 Sabbati
839 2462 1019 2570 predicta.
1128 2481 1134 2487 '

668 2594 720 2672 Μ.
740 2596 784 2671 ll.
805 2592 852 2670 de
874 2596 1026 2671 Foresta
1045 2594 1259 2699 reportavit.

668 2855 728 2934 Vl.
758 2855 858 2933 Cum
881 2871 1037 2961 propter
1063 2855 1316 2961 suspicionem
1342 2855 1476 2933 mortis
1504 2853 1680 2932 Bertaudi
1707 2853 1855 2931 Peloart
1886 2854 2043 2932 Guillel-

612 3015 697 3064 mus
721 2984 905 3092 l'Apostre
931 3002 1060 3093 eaptus
1084 3003 1123 3063 et
1145 2986 1396 3064 incarceratus
1420 2986 1568 3074 luisset,
1595 2986 1765 3075 tandem,
1796 2985 1935 3064 auditis
1960 2987 2041 3096 ejus

612 3116 916 3206 defensionibus,
936 3135 973 3195 et
992 3119 1165 3224 inquesta
1182 3146 1296 3224 super
1312 3117 1402 3206 hoc,
1420 3118 1468 3195 de
1490 3118 1667 3196 mandato
1684 3134 1833 3206 nostro,
1850 3147 1919 3225 per
1935 3118 2041 3196 balli-

612 3275 699 3325 rum
719 3248 1053 3336 silvanectensem,
1074 3249 1211 3326 vocatis
1229 3249 1444 3337 evocandis,
1460 3249 1570 3339 lacta,
1588 3250 1664 3326 viss
1686 3267 1724 3326 et
1739 3249 1940 3359 diligenter
1960 3277 2041 3328 exa-

610 3379 770 3469 minata,
790 3379 894 3457 idem
914 3378 1162 3469 Guillelmus,
1185 3408 1299 3485 super
1322 3397 1445 3458 morte
1469 3380 1557 3456 dicti
1578 3378 1755 3456 Bertaudi
1777 3395 1815 3455 et
1835 3407 1947 3486 super
1971 3384 2040 3457 cri-

609 3509 712 3587 mine
733 3511 905 3618 predicto
925 3528 1057 3588 contra
1074 3511 1201 3617 ipsum
1218 3509 1465 3599 denunciato,
1481 3539 1550 3618 per
1570 3512 1673 3590 curie
1688 3527 1818 3589 nostre
1832 3510 2035 3618 judicium,

608 3640 682 3720 tuit
698 3643 977 3720 sentencialiter
995 3642 1204 3720 absolutus.

664 3774 765 3850 Jovis
782 3790 868 3851 ante
889 3775 1025 3850 Ramos
1044 3772 1276 3864 Palmamm
1296 3803 1397 3852 anno
1421 3773 1688 3852 trecentesimo
1708 3791 1848 3849 octavo.

663 3903 748 3979 Non
766 3903 884 3980 habui
902 3931 1134 4009 processum.

665 4161 748 4241 vll,
772 4164 825 4241 Ce
841 4181 928 4242 sont
945 4192 1034 4242 oeus
1047 4193 1123 4271 que
1140 4190 1222 4241 mes
1239 4164 1332 4241 sires
1350 4164 1498 4242 Dreues
1514 4163 1561 4240 de
1583 4160 1700 4240 Mello
1720 4191 1740 4238 a
1759 4159 1891 4239 baillez
1908 4161 2036 4269 pleges

609 4293 659 4372 de
678 4323 718 4373 sa
735 4323 933 4373 recreanoe
951 4325 1051 4402 pour
1069 4325 1177 4374 recor
1195 4296 1245 4374 de
1262 4297 1404 4403 prison.

664 4423 977 4515 Premieremeot,
1000 4426 1036 4503 le
1056 4427 1310 4505 connestable.
1322 4473 1380 4488 -
1392 4429 1444 4503 Le
1466 4443 1575 4503 conte
1596 4425 1645 4502 de
1665 4427 1804 4532 Roucy.
1816 4471 1873 4486 -·
1887 4425 2035 4502 Maistre

607 4555 727 4634 Jeban
746 4554 948 4645 d’Aussais,
971 4557 1123 4636 chantre
1144 4558 1344 4638 d’Orlieus.
1366 4605 1423 4620 -·
1437 4560 1489 4634 Le
1509 4557 1686 4665 seigneur
1706 4557 1753 4634 de
1774 4557 2034 4636 saint-Verain

607 4705 647 4764 et
664 4685 700 4764 le
720 4686 901 4792 seigneur
918 4687 967 4766 de
988 4690 1177 4768 Chambli.

661 4818 711 4895 Et
723 4819 852 4908 Eram,
873 4819 902 4895 li
919 4820 1012 4898 sires
1030 4820 1080 4898 de
1101 4821 1377 4910 saint-versia,
1395 4820 1523 4899 donne
1541 4821 1670 4926 pleges
1689 4820 1737 4899 de
1760 4851 1800 4900 sa
1818 4847 2030 4910 reomense,

605 4975 704 5056 pour
717 4977 855 5028 recour
870 4951 919 5027 de
934 4953 1187 5056 prison,.touz
1201 4981 1291 5031 oeus
1304 4954 1372 5062 qui
1388 4972 1477 5034 sont
1491 4955 1646 5032 nomme
1661 4982 1729 5060 par
1745 4955 1856 5032 desus
1872 4971 1910 5030 et
1924 4981 2034 5030 mon·

605 5079 779 5188 seigneur
796 5080 923 5159 Pierre
938 5082 988 5160 de
1001 5085 1195 5191 Fonteuay
1209 5111 1297 5161 avec
1317 5083 1411 5161 euls.

660 5211 716 5291 Ce
735 5211 794 5290 lut
811 5211 878 5290 fait
892 5221 913 5289 l
928 5215 1112 5302 Cachant,
1131 5215 1167 5293 le
1182 5231 1254 5296 xtv‘
1268 5216 1359 5324 jour
1377 5214 1522 5307 d'avril,
1546 5213 1617 5292 l’an
1634 5215 1700 5292 mil
1717 5216 1809 5294 trois
1829 5233 1913 5292 cent
1927 5214 2031 5300 neul,

605 5342 762 5422 abeure
778 5344 826 5422 de
846 5374 1010 5454 vespres,
1033 5375 1085 5426 ou
1108 5347 1225 5454 prael.

662 5474 714 5551 Μ.
735 5477 776 5552 Ρ.
798 5477 846 5554 de
860 5477 1081 5588 Albignieco
1101 5479 1216 5557 michi
1237 5481 1451 5587 reportavit.
