5817 7292
1005 1052 1269 1160 uuoonrns
1294 1070 1359 1142 ar
1385 1054 1594 1144 ruccas.
1621 1028 1625 1032 ’
1935 1072 2009 1145 sss

589 1232 709 1320 pecta,
731 1213 882 1304 iactam,
911 1213 958 1291 ad
980 1230 1146 1294 uosuam
1169 1210 1377 1289 faceremus
1400 1211 1543 1287 curiam
1562 1210 1743 1315 asportari
1761 1208 1949 1300 etviden',
1974 1228 2013 1289 et
2050 1220 2235 1284 sacroru,

589 1344 637 1435 si,
652 1372 720 1452 per
733 1372 816 1423 eam
833 1343 1269 1452 reperiretauinnocens,
1283 1340 1541 1419 absolveretur
1555 1368 1578 1415 a
1595 1337 1823 1446 quibusdam
1845 1338 2013 1419 financiis
2110 1310 2172 1357 Μ’

590 1504 695 1583 quas,
717 1504 786 1582 per
803 1476 879 1553 vim
894 1492 933 1553 et
950 1492 1095 1553 metum
1111 1502 1153 1551 ac
1171 1474 1383 1582 potenciam
1406 1470 1538 1561 officii,
1559 1498 1646 1548 cum
1662 1469 1836 1580 gentibus
1855 1474 2010 1561 nostris,

590 1607 629 1684 in
644 1606 817 1685 ducentis
830 1606 1101 1715 quinquaginta
1115 1605 1222 1683 libris
1233 1602 1535 1695 Turonensibus,
1551 1601 1741 1681 solvendis
1754 1602 1864 1681 nobis
1879 1619 1920 1679 ct
1934 1605 2016 1711 epi·

590 1767 703 1844 scopo
722 1737 955 1828 Caturcensi,
979 1766 1018 1815 se
1040 1736 1171 1816 fecisse
1192 1736 1354 1828 dicebat,
1373 1752 1505 1845 petens
1527 1734 1793 1849 dictasgentes
1814 1752 1958 1813 nostras
1977 1736 2016 1813 in

592 1870 764 1977 dampnis
780 1887 820 1948 et
834 1869 1013 1947 interesse
1029 1869 1120 1957 suis,
1138 1896 1229 1975 que,
1248 1867 1521 1973 premissorum
1535 1865 1729 1943 occasione
1743 1866 2014 1973 gravaminum,

591 2001 833 2090 sustinuerat,
856 1999 1125 2105 condempnari
1143 1999 1276 2075 :Dicta
1295 1996 1410 2105 igitur
1423 1997 1595 2104 inquesta
1611 1996 1658 2073 ad
1675 2010 1841 2073 nostram
1856 1997 2013 2088 curiam,

591 2130 639 2207 de
660 2130 836 2209 mandato
857 2148 999 2219 nostro,
1021 2146 1229 2235 asportata,
1251 2128 1326 2206 visa
1350 2145 1388 2205 et
1407 2125 1610 2236 diligenter
1628 2128 1851 2215 examinata,
1870 2156 1938 2235 per
1952 2158 2017 2207 cu-

590 2258 645 2336 rie
668 2277 794 2338 nostre
812 2260 1017 2368 judicium,
1040 2260 1184 2339 dictum
1213 2258 1286 2338 fuit
1308 2258 1496 2365 predictas
1523 2257 1700 2337 financias
1724 2276 1826 2379 ratas.
1846 2286 2013 2349 manere,

591 2407 629 2465 et
639 2388 777 2469 dictam
785 2389 974 2483 Dulciam,
987 2418 1055 2469 seu
1074 2391 1158 2499 ejus
1171 2388 1425 2497 fidejussores,
1434 2390 1483 2466 ad
1497 2389 1720 2466 solvendum
1737 2388 1849 2467 nobis
1864 2408 1903 2468 ct
1916 2390 2017 2469 dicto

591 2520 765 2627 episcopo
783 2522 990 2627 predictam
1010 2521 1171 2627 pecunie
1186 2548 1375 2598 summam
1392 2517 1570 2625 compelli
1586 2519 1744 2609 debere,
1762 2538 1802 2597 et
1818 2521 1907 2626 quia
1924 2524 2019 2600 vice

590 2650 670 2727 rius
687 2650 895 2756 predictus,
916 2678 986 2756 per
1009 2652 1152 2729 diverse
1180 2666 1219 2727 et
1244 2650 1450 2757 longinqua
1477 2649 1724 2728 discurrendo
1751 2650 1850 2740 loca,
1878 2651 1926 2728 ad
1948 2654 2019 2731 cri·

593 2803 683 2855 men
703 2778 801 2855 dicte
821 2778 955 2857 Dulcia
975 2780 1196 2887 impositum
1217 2780 1506 2886 explorandum,
1529 2780 1694 2885 dequo,
1716 2798 1773 2866 ut,
1794 2806 1863 2885 per
1875 2780 2017 2858 'dictam

593 2909 821 3017 inquestam,
836 2910 985 3017 liquido
1001 2928 1126 2989 nostre
1142 2911 1245 2988 curie
1261 2910 1448 3017 apparuit,
1464 2928 1635 3017 suspecta
1648 2911 1785 2990 merito
1796 2910 1946 2990 dicebat
1958 2913 2019 2990 ha·

592 3035 691 3127 beri,
713 3065 889 3146 expensae
909 3039 999 3119 fecit
1016 3068 1204 3119 summam
1223 3040 1496 3151 quinquaginta
1514 3039 1695 3119 librarum
1716 3042 1937 3149 etamplius
1957 3072 2019 3121 ex·

472 3208 480 3219 ·
593 3166 786 3258 cedentes,
808 3187 923 3276 prout
942 3171 981 3249 in
1001 3169 1136 3249 litteris
1151 3188 1367 3249 nostrarum
1379 3173 1554 3281 gencium
1570 3173 1825 3280 predictarum
1840 3173 2019 3253 confectis

592 3325 705 3405 super
723 3299 834 3379 dictis
852 3299 1022 3379 financiis
1043 3302 1194 3407 plenius
1218 3303 1445 3390 continetur,
1463 3303 1511 3380 do
1525 3304 1705 3409 predictis
1720 3304 1893 3383 ducentis
1904 3306 2020 3413 quin·

592 3430 769 3538 quaginta
787 3430 911 3523 libris,
931 3432 1203 3544 quinquaginta
1223 3432 1319 3511 libre
1339 3434 1600 3524 Turoneuses,
1617 3461 1686 3541 pro
1706 3434 1816 3512 dictis
1828 3436 2017 3541 expensis,

592 3562 727 3642 vicario
756 3564 926 3671 predicto
961 3564 1173 3655 solventur3
1212 3562 1441 3671 fueruntque
1471 3582 1602 3672 gentes
1636 3584 1764 3644 nostre
1794 3583 1833 3642 et
1862 3567 2021 3645 vicarius

593 3676 754 3795 predicti
777 3720 800 3767 a
831 3693 943 3770 dictis
965 3692 1138 3799 dampnis
1158 3710 1197 3770 et
1220 3694 1400 3770 interesse
1426 3722 1502 3799 que
1528 3693 1680 3800 petebat
1710 3694 1842 3770 eadem
1868 3695 2016 3789 Dulcia,

593 3846 663 3925 per
680 3820 784 3897 idem
808 3820 911 3900 curie
931 3838 1057 3899 nostre
1071 3822 1277 3928 judicium,
1297 3822 1479 3911 absoluti,
1500 3824 1655 3930 ipsaque
1681 3821 1816 3901 Dulcia
1840 3854 1860 3900 a
1887 3823 2019 3903 docem

596 3948 703 4027 libris
712 3949 1002 4029 Turonensibus
1018 3978 1128 4059 quas,
1145 3951 1294 4029 racione
1306 3954 1596 4057 premissorum,-
1608 3951 1800 4059 capellano
1821 3954 1911 4032 dicti
1924 3955 2020 4033 vica·

595 4078 640 4156 rii
660 4079 903 4187 promiserat,
924 4080 1044 4158 extitit
1063 4079 1244 4159 absoluta.

651 4209 752 4290 lovis
769 4228 854 4289 ante
868 4211 1154 4290 Penthecosten.

651 4341 696 4422 G.
719 4341 767 4420 de
786 4344 881 4421 Usoo
901 4343 1113 4450 reportavit.

652 4604 811 4681 LXXIX.
841 4604 944 4684 Mota
963 4606 1233 4698 controversia,
1256 4604 1295 4681 in
1316 4604 1419 4683 curia
1435 4606 1559 4683 vicani
1579 4608 1819 4699 Biterrensis,
1839 4610 1939 4689 inter
1956 4614 2020 4691 ab·

596 4734 721 4813 batem
738 4750 777 4813 et
795 4750 1022 4814 conventum
1040 4735 1384 4815 Sancti-salvatoris
1401 4736 1572 4828 Lodovc,
1593 4766 1660 4816 seu
1674 4740 1870 4847 syndicum
1886 4770 2019 4821 eorum

599 4881 636 4943 et
654 4863 932 4944 Guillebertum
952 4894 994 4945 ac
1015 4866 1249 4947 Bemardum
1273 4869 1320 4945 de
1341 4869 1548 4977 Bosqoeto,
1569 4868 1717 4959 fratres,
1739 4899 1783 4949 ex
1801 4890 2017 4979 puteana,

600 5012 637 5073 et
656 4995 864 5103 capitulum
884 4996 1283 5103 cathedralisccclesic
1301 4998 1454 5078 lodove
1478 5028 1520 5077 ac
1538 5002 1789 5079 Bertrandum
1808 5003 1857 5081 de
1876 5006 2021 5085 Monte·

598 5125 768 5217 Petroso,
790 5154 835 5205 ex
852 5126 987 5219 altera,
1008 5158 1123 5237 super
1142 5158 1187 5209 eo
1206 5130 1328 5238 quod,
1350 5158 1436 5208 cum
1460 5130 1587 5210 locum
1604 5149 1738 5211 tenens
1755 5132 1896 5242 judicis
1915 5136 2019 5213 curie

601 5253 690 5335 dicti
709 5256 835 5335 vicarii
854 5259 1083 5352 mandasset,
1104 5289 1173 5368 per
1191 5259 1334 5342 litteras
1353 5288 1455 5352 suas,
1477 5262 1612 5360 vicario
1628 5264 1781 5342 Lodove
1801 5264 1905 5342 curie
1920 5282 2019 5341 tcm-

600 5385 739 5490 pcralis
751 5388 1007 5494 jurisdicionis
1022 5393 1184 5501 episcopi
1205 5392 1295 5471 dicti
1312 5391 1401 5484 loci,
1414 5392 1518 5501 quod
1538 5394 1660 5473 dictos
1679 5393 1853 5469 abbatem
1873 5409 1912 5469 et
1930 5418 2020 5470 con-
