5817 7292
914 1088 987 1161 572
1493 1087 1582 1161 Lus
1611 1086 1754 1163 OLIM.

688 1236 817 1290 Pfflm
830 1238 873 1301 lv,
909 1228 1052 1309 tutorio
1067 1256 1200 1306 eorum
1215 1228 1386 1320 nomine,
1403 1227 1600 1336 dictosque
1612 1226 1769 1315 liberos,
1787 1251 1831 1302 cx
1846 1252 1922 1303 nna
1935 1242 2058 1333 perte,
2074 1244 2113 1304 et
2123 1226 2332 1309 Giraudum

749 1327 812 1373 rm.
910 1361 1082 1440 Dautour
1097 1377 1135 1437 et
1148 1359 1301 1436 Petrum
1318 1358 1366 1436 de
1375 1358 1554 1449 Naboaac,
1566 1359 1774 1467 burgenses
1788 1357 1837 1434 de
1852 1358 2008 1464 Ryomo,
2023 1385 2068 1435 ex
2081 1357 2210 1449 altera,
2221 1390 2333 1468 super

913 1518 958 1569 eo
975 1491 1079 1598 quod
1094 1489 1192 1567 dicta
1210 1488 1356 1579 relicta,
1378 1490 1533 1567 nomine
1553 1488 1742 1596 predicto,
1760 1485 1910 1565 dicebat
1925 1487 2045 1568 dictos
2062 1487 2272 1598 burgenses
2287 1493 2335 1569 ab
2429 1552 2434 1561 .

850 1726 853 1729 .
911 1621 1078 1728 ipsorum
1098 1617 1371 1725 appellacione,
1393 1648 1507 1726 quam
1526 1618 1597 1725 ipsi
1616 1618 1665 1695 ad
1684 1645 1753 1696 nos
1772 1617 2077 1723 interposuerant
2098 1648 2120 1697 a
2149 1622 2336 1699 sententia

911 1749 1117 1827 cancellarii
1140 1748 1187 1828 de
1204 1750 1348 1858 Ryomo
1370 1765 1498 1827 contra
1516 1748 1617 1855 ipsos
1635 1746 1719 1837 lata,
1734 1775 1804 1855 pro
1823 1748 1926 1827 dicto
1941 1750 2052 1828 Petro
2068 1749 2223 1840 Heliou,
2241 1753 2336 1829 ceci-

653 1962 656 1971 ,
911 1879 1026 1970 disse,
1048 1908 1117 1986 pro
1143 1907 1188 1956 co
1208 1879 1313 1984 quod
1335 1879 1496 1957 heredes
1517 1877 1606 1955 dicti
1626 1878 1727 1955 Petri
1745 1878 1900 1968 Heliou,
1923 1895 2010 1985 post
2027 1898 2192 1957 mortem
2216 1880 2335 1987 ipsius

704 2002 707 2009 ’
774 2044 777 2051 ’
909 2009 1007 2088 Petri
1021 2011 1103 2118 qui,
1128 2009 1195 2088 diu
1212 2026 1298 2087 aute
1315 2010 1591 2116 parlamentum
1609 2009 1860 2115 subsequens,
1877 2009 2017 2086 dictam
2036 2009 2334 2115 appellacionem

911 2138 1133 2229 decesserat,
1149 2166 1228 2217 nou
1242 2138 1405 2217 fecerant
1420 2137 1625 2246 adjoruari,
1642 2138 1747 2245 quod
1763 2138 1884 2216 facere
1901 2137 2106 2229 debebant,
2121 2140 2329 2219 secundum

910 2270 1223 2348 consuetudinem
1248 2270 1351 2347 curie
1375 2285 1503 2347 nostre
1525 2268 1729 2356 notoriam,
1751 2284 1797 2345 ut
1820 2268 1991 2358 dicebat;
2012 2286 2113 2374 parte
2137 2269 2328 2348 dictorum

908 2401 1154 2510 burgensium
1179 2400 1406 2478 contrarium
1430 2414 1635 2485 asserente,
1660 2412 1698 2473 et
1722 2397 1870 2474 dicente
1890 2397 1996 2505 quod
2013 2398 2082 2503 ipsi
2100 2398 2330 2477 sufficienter

907 2529 1205 2635 fecerantsuper
1223 2527 1297 2606 hoc
1316 2528 1436 2606 dictos
1455 2525 1616 2603 heredes
1634 2525 1823 2633 adjoruari
1845 2526 2076 2632 quamcicius
2094 2527 2142 2604 ad
2160 2528 2329 2633 ipsorum

908 2659 1154 2768 burgensium
1170 2641 1352 2735 'noticiam
1371 2672 1590 2763 pervenerat
1608 2655 1754 2733 dictum
1774 2656 1928 2735 Petrum
1948 2655 2084 2735 Heliou
2104 2656 2329 2737 decessisse:

907 2790 994 2869 Visa
1009 2789 1124 2897 igitur
1137 2788 1326 2895 inquesta,
1344 2788 1392 2865 de
1404 2787 1581 2864 mandato
1593 2803 1740 2877 nostro,
1758 2815 1873 2894 super
1883 2787 2078 2893 predictis,
2093 2776 2204 2880 facta,
2218 2808 2335 2868 atten-

908 2936 1020 3029 taque
1035 2920 1133 2998 dicta
1146 2918 1421 2999 consuetudine
1434 2946 1503 3024 per
1518 2917 1657 2995 dictam
1671 2915 1840 2995 relictam
1854 2916 2025 3027 allegata,
2038 2920 2128 3025 quia
2141 2938 2335 3028 repertum

910 3066 965 3129 est
981 3050 1119 3129 dictam
1132 3050 1301 3129 relictam
1317 3048 1573 3129 intencionem
1589 3076 1695 3125 suam
1711 3048 1799 3125 satis
1811 3048 2009 3155 probasse,
2030 3048 2228 3157 dictosque
2244 3050 2337 3129 bur-

908 3208 1040 3289 gensas
1059 3181 1203 3259 scivisse
1225 3196 1264 3259 et
1279 3181 1371 3259 scire
1392 3177 1570 3257 debuisse
1590 3194 1753 3256 mortem
1773 3178 1863 3256 dicti
1884 3178 2068 3272 defuncti,
2085 3210 2155 3287 per
2169 3198 2333 3287 quatmr

909 3338 1056 3390 menses
1072 3310 1282 3418 etamplius
1301 3326 1387 3387 ante
1407 3309 1551 3386 dictum
1566 3307 1859 3415 parlamentum,
1874 3326 1913 3386 ct
1928 3337 2005 3387 nou
2018 3309 2147 3389 secisse
2162 3310 2210 3387 de
2226 3310 2329 3398 dicto

908 3439 1194 3547 edjornamento
1214 3438 1320 3544 quod
1339 3436 1545 3529 debebant,
1565 3466 1634 3546 per
1653 3437 1752 3516 dicte
1768 3439 1871 3517 curie
1887 3455 2011 3517 nostre
2025 3439 2228 3547 judicium,
2246 3438 2329 3517 dic·

908 3586 991 3647 tum
1008 3568 1082 3647 fuit
1100 3569 1289 3677 predictos
1307 3566 1515 3676 burgenses
1533 3566 1648 3647 fnisse
1664 3568 1896 3677 negligentes
1913 3569 1954 3647 in
1968 3569 2134 3676 ipsorum
2146 3569 2246 3648 dicta
2263 3597 2329 3676 ap·

908 3698 1117 3807 peHacione
1143 3697 1422 3807 prosequenda,
1451 3699 1628 3806 ipsosque
1655 3699 1705 3776 ad
1729 3697 2037 3808 prosequendum
2063 3700 2221 3777 eandem
2247 3727 2330 3777 uou

909 3858 989 3909 esse
1008 3828 1166 3908 ulterius
1184 3828 1413 3919 audiendos,
1433 3844 1472 3907 et
1486 3828 1592 3938 quod
1611 3828 1682 3935 ipsi
1699 3830 1773 3909 hoc
1792 3830 2061 3909 emendabunt.

964 3959 1126 4041 Sabbata
1142 3959 1320 4065 predicta.

966 4090 1127 4197 Mangon
1143 4091 1355 4197 reportavit.

964 4350 1102 4431 LXVII.
1134 4353 1232 4433 Cum
1244 4352 1346 4431 curie
1360 4370 1488 4433 nostre
1501 4352 1771 4433 denunciatum
1779 4355 1913 4437 fuisset
1924 4356 2030 4465 quod
2041 4355 2333 4435 Ber-tholomeus

910 4480 956 4557 de
981 4482 1219 4575 Florentino,
1242 4485 1484 4578 lumbardus,
1511 4486 1603 4565 olim
1623 4490 1787 4569 serviens
1812 4507 1941 4569 noster
1960 4492 2005 4598 ¹in
2023 4489 2172 4569 ballivia
2190 4487 2332 4567 Bituri-

909 4613 1026 4703 censi,
1048 4642 1161 4721 super
1174 4616 1270 4696 vicio
1292 4614 1462 4695 sodomie
1482 4635 1562 4695 erat
1579 4620 1725 4698 notorie
1747 4621 1975 4714 diffamatam,
1996 4620 2176 4728 quodque
2190 4618 2328 4695 vicium

909 4741 1127 4850 hujusmodi
1151 4765 1398 4853 perpetrarat,
1420 4775 1508 4837 uos,
1531 4776 1645 4854 super
1668 4752 1859 4856 premissis
1876 4752 2012 4831 vocatis
2032 4749 2245 4837 evocandis,
2266 4748 2329 4824 iu-

907 4889 1079 4978 questam
1093 4873 1177 4953 lieri
1191 4879 1450 4957 mandavimus
1465 4878 1686 4987 diligentem
1698 4910 1774 4989 que
1783 4881 1990 4989 judicanda
2005 4899 2133 4961 nostre
2148 4880 2248 4958 curie
2266 4906 2331 4956 ex-

907 5000 984 5079 titit
1003 5021 1207 5111 reportata,
1231 5022 1284 5097 et,
1312 5009 1399 5114 quia
1418 5038 1487 5117 per
1506 5009 1644 5087 dictam
1663 5010 1874 5119 inquestam
1899 5011 2102 5123 diligenter
2120 5012 2330 5119 inspectam

907 5132 1024 5211 nichil
1043 5151 1234 5241 repertum
1249 5152 1305 5214 est
1321 5136 1368 5216 de
1386 5137 1565 5243 predictis
1578 5138 1807 5221 sufficienter
1818 5158 1948 5221 contra
1965 5143 2088 5250 ipsum
2106 5141 2328 5249 probatum,

906 5292 975 5372 per
992 5265 1096 5345 curie
1114 5283 1239 5347 nostre
1254 5268 1457 5377 judicium,
1476 5268 1579 5349 idem
1594 5273 1884 5353 Bertbolomeus
1902 5278 2016 5381 'snper
2031 5276 2106 5353 hoc
2123 5272 2240 5352 extitit
2258 5270 2333 5349 ab·

908 5396 1062 5475 solutus.
