5817 7292
1040 1091 1308 1199 sacoaras
1335 1108 1397 1181 ar
1421 1095 1627 1187 PROCES.
1959 1140 2022 1213 m

625 1270 664 1333 et
678 1252 970 1361 pronunciatum
988 1250 1108 1329 dictos
1121 1248 1305 1326 homines·
1316 1247 1413 1325 maie
1429 1250 1631 1355 judicasse,
1649 1272 1695 1330 ¹et
1710 1259 1875 1339 relictam
1891 1272 2034 1367 predic„
2062 1293 2194 1357 suanm
2214 1308 2258 1369 tv,

624 1401 702 1461 tam
723 1382 823 1459 bene
848 1379 1074 1489 appellasse,
1096 1378 1201 1457 etad
1222 1379 1442 1456 mandatum
1463 1395 1587 1482 nostre
1612 1382 1712 1457 curie
1730 1408 1945 1489 procurator
1964 1396 2039 1474 dic·
2131 1389 2199 1431 Μ·

624 1529 751 1591 torum
768 1510 969 1589 hominum
989 1538 1102 1616 super
1117 1510 1191 1587 hoc
1206 1506 1318 1587 nobis
1338 1508 1495 1618 gagiavit
1509 1509 1720 1585 emendam.

680 1642 834 1722 sabbati
851 1658 936 1719 ante
958 1642 1136 1720 Sanctum
1153 1640 1355 1719 Andream.

680 1908 723 1983 V.
754 1904 840 1985 Visa
860 1904 1031 2010 inquesta
1052 1904 1151 1980 inter
1170 1904 1345 1981 abbatem
1365 1920 1403 1981 et
1423 1921 1648 1981 conventum
1669 1902 1968 1985 Sancti-Victoris
1985 1914 2051 1990 Pa-

624 2036 812 2125 risiensis,
835 2052 873 2112 et
891 2035 1073 2113 ballivum
1088 2035 1424 2122 Silvanectensem,
1444 2064 1514 2141 pro
1528 2034 1684 2112 domino
1702 2036 1826 2143 Rege,
1836 2031 1933 2108 facta
1945 2062 2053 2145 super

624 2168 758 2244 saisina
772 2165 924 2274 justicie
947 2182 985 2243 et
1000 2166 1138 2273 expleti
1157 2166 1354 2275 cujusdam
1372 2195 1479 2245 casus
1498 2167 1662 2275 mesleye
1682 2166 1750 2272 qui
1769 2166 1810 2241 in
1832 2168 2053 2247 eorumdem

623 2296 887 2402 religiosorum
904 2298 1056 2405 grangia
1077 2297 1125 2375 de
1146 2296 1435 2377 Amblain-Villa
1456 2297 1659 2387 acciderat,
1680 2286 1955 2404 perjudicium
1969 2324 2054 2377 nos—

623 2445 680 2504 tre
701 2428 802 2505 curie
822 2426 965 2505 dictum
980 2426 1053 2505 fuit
1070 2428 1175 2536 qnod
1197 2429 1374 2507 dominus
1393 2432 1487 2520 Rex,
1507 2446 1700 2535 tamquam
1715 2454 1816 2534 pars,
1834 2425 1979 2503 dictum
1998 2458 2055 2504 ca-

624 2588 708 2636 sum
734 2558 898 2668 mesleye
918 2559 1127 2665 justiciabit
1151 2576 1189 2637 et
1217 2560 1462 2667 explectabit,
1491 2560 1590 2637 salva
1613 2558 1724 2635 dictis
1749 2557 1935 2664 reiigiosis
1958 2560 2054 2666 peti-

626 2689 734 2767 cione
761 2708 839 2767 tarn
862 2691 1102 2797 proprietatis
1128 2720 1243 2797 quam
1266 2690 1513 2798 possessionis
1540 2690 1579 2766 in
1601 2689 1753 2797 justicia
1777 2688 1852 2766 loci
1870 2690 2052 2795 predicti,

626 2820 657 2896 si
673 2849 786 2927 super
804 2820 877 2898 hoc
892 2820 1095 2898 voluerunt
1114 2838 1243 2899 contra
1262 2820 1462 2899 dominum
1478 2824 1620 2928 Regem
1635 2848 1784 2898 movere
1802 2821 2051 2928 questionem.

681 2953 839 3030 Veneris
859 2968 946 3059 post
964 2953 1144 3030 Sanctum
1162 2952 1365 3030 Andream.

682 3218 741 3295 VI.
773 3214 864 3295 Octa
882 3216 1082 3323 questione
1101 3218 1141 3294 in
1163 3216 1266 3293 curia
1285 3216 1444 3293 seculari
1465 3216 1609 3294 abbatis
1630 3234 1667 3294 et
1686 3233 1892 3295 conventus
1910 3216 2054 3296 Sancti-

625 3348 1025 3427 Germani-de-Pratis
1044 3348 1261 3425 Parisiensis
1281 3348 1380 3426 iuter
1399 3349 1613 3426 Johannem
1633 3348 1681 3426 de
1700 3349 1829 3437 Bailli,
1853 3347 2050 3439 clericum,

626 3508 668 3556 ex
694 3508 769 3558 una
793 3497 922 3587 parte,
950 3496 988 3557 et
1011 3481 1220 3558 Johannam
1242 3480 1278 3558 la
1302 3480 1530 3574 Bouchiere‚
1554 3510 1598 3559 ex
1626 3481 1714 3569 alia,
1744 3509 1925 3588 supereo
1947 3481 2051 3589 qnod

627 3610 750 3689 dictus
769 3610 960 3689 Johannes
985 3612 1148 3690 duarum
1177 3614 1379 3689 domorum
1407 3614 1562 3691 sitarum
1584 3614 1686 3722 apud
1705 3613 2055 3692 Sanctum-Germa-

626 3770 743 3830 num,
766 3760 980 3821 accentum
1000 3761 1038 3821 et
1056 3773 1191 3821 novem
1212 3743 1424 3822 solidorum
1443 3744 1708 3822 Parisiensinm
1730 3773 1864 3821 census
1882 3773 1948 3821 seu
1969 3744 2055 3822 red·

627 3872 730 3950 ditus
744 3873 931 3963 annualis,
954 3876 994 3952 in
1008 3877 1125 3985 ipsius
1139 3876 1319 3954 Johannis
1330 3876 1519 3984 peticione
1536 3876 1745 3983 specialiter
1759 3876 2049 3967 declaratorum,

626 4003 887 4095 medietatem,
911 4036 954 4083 ex
975 4008 1085 4085 certis
1105 4006 1226 4085 causis
1245 4008 1284 4083 in
1306 4008 1387 4115 ejus
1405 4008 1594 4116 peticione
1616 4008 1820 4097 contentis,
1841 4035 1862 4081 a
1881 4007 2048 4086 dictaJo

625 4134 749 4211 hanna
769 4134 943 4241 petebat,
972 4136 1022 4213 ad
1041 4138 1151 4215 illum
1171 4138 1286 4215 finem
1307 4138 1413 4244 quod
1432 4137 1689 4244 predictarum
1707 4162 1837 4212 rerum
1856 4133 1902 4209 ab
1923 4162 1968 4211 eo
1988 4165 2053 4242 pe-

624 4266 782 4342 titarum
808 4264 1017 4372 adjudicata
1042 4267 1132 4358 sibi,
1161 4286 1344 4375 quantum
1367 4268 1416 4345 ad
1436 4268 1703 4375 proprietatem
1724 4282 1762 4342 et
1779 4265 2054 4371 possessionem

625 4396 829 4475 medietate
849 4424 963 4505 super
982 4398 1071 4493 hoc,
1092 4427 1161 4507 per
1185 4399 1322 4477 dictam
1343 4400 1499 4491 curiam,
1523 4398 1656 4477 divisio
1675 4396 1785 4475 fieret
1803 4397 1902 4475 inter
1919 4396 2022 4503 ipsos
2042 4431 2051 4475 ε

625 4528 815 4618 Tandem,
837 4558 905 4637 per
926 4529 1024 4605 viam
1047 4530 1334 4639 appollacionis,
1359 4531 1466 4609 totali
1490 4530 1661 4639 predicto
1681 4529 1859 4637 negocio,
1880 4530 1987 4637 p‘rius
2005 4532 2050 4607 ad

625 4657 873 4738 Castelletum
904 4678 1075 4739 nostrum
1097 4662 1361 4753 Parisiensem,
1394 4681 1433 4741 et
1460 4663 1600 4740 deinde
1624 4660 1673 4738 ad
1697 4678 1862 4739 nostram
1886 4661 2049 4752 curiam,

627 4820 713 4867 cum
735 4790 853 4899 ipsius
873 4820 982 4870 cause
1009 4793 1247 4901 processibus
1273 4794 1480 4885 devolutis,
1502 4792 1718 4901 auditisque
1745 4792 1914 4900 parcium
1939 4792 2053 4871 racio

626 4922 740 5000 nibus
761 4923 848 5001 hinc
869 4941 907 5001 et
926 4924 1033 5018 inde,
1056 4944 1093 5004 et
1110 4926 1198 5005 visis
1219 4926 1327 5005 dictis
1346 4924 1586 5036 processibus
1605 4940 1644 5002 et
1656 4924 1835 5031 judicatis
1849 4952 1966 5030 super
1980 4926 2053 5003 hoc

626 5051 748 5143 factis,
769 5054 998 5160 quibusdam
1019 5086 1062 5133 ex
1082 5058 1137 5135 eis
1157 5087 1201 5136 ex
1220 5076 1320 5136 certa
1340 5087 1449 5135 causa
1464 5086 1531 5166 per
1544 5057 1686 5135 curiam
1706 5073 1872 5133 nostram
1890 5054 2051 5165 rejectis,

626 5211 694 5289 per
719 5184 823 5261 curie
848 5203 975 5264 nostre
994 5186 1205 5295 judicium,
1228 5188 1328 5266 dicta
1350 5189 1560 5267 Johmnaa
1582 5186 1762 5295 predictis
1785 5203 1914 5264 eontra
1932 5186 2050 5293 ipsam

624 5340 693 5416 per
711 5314 856 5394 dictum
869 5317 1080 5395 Johannem
1097 5320 1240 5427 petitis,
1257 5337 1373 5429 prout
1387 5320 1505 5427 ipsius
1517 5319 1658 5428 peticio
1671 5320 1857 5407 continet,
1875 5315 1947 5395 fuit
1959 5344 2045 5393 sen·

625 5444 835 5525 tencialiter
853 5447 1035 5527 absoluta.
