5817 7292
1048 1135 1317 1243 suoutrss
1343 1156 1406 1228 rr
1431 1136 1639 1229 ruocrts.
1988 1157 2058 1228 105

637 1292 780 1370 dicium
800 1310 840 1371 et
856 1310 1115 1401 contemptum
1127 1294 1401 1405 jurisdictionis
1415 1312 1544 1375 nostre
1559 1313 1598 1374 et
1611 1295 1708 1373 dicta
1717 1295 1980 1403 jurisdictione
1994 1326 2060 1376 sua
2096 1304 2227 1361 Pusam
2239 1305 2283 1369 tv,

635 1426 834 1531 temporali
867 1424 1075 1519 abutendo,
1104 1426 1234 1535 bajulo
1259 1444 1388 1507 nostro
1416 1428 1720 1516 Montis-Deme,
1750 1457 1863 1506 suum
1893 1428 2059 1507 officium
2158 1398 2222 1441 lm

637 1557 838 1647 exercenti,
873 1556 1009 1635 mrdtas
1040 1557 1195 1667 injurias
1226 1558 1452 1650 intulerunt,
1482 1558 1661 1638 baculum
1691 1576 1863 1638 nostrum
1893 1559 2057 1667 regium,

635 1686 675 1761 in
695 1686 863 1793 quodam
883 1687 1018 1794 portali
1034 1688 1135 1796 apud
1155 1690 1539 1797 Ruppem-Amatoris
1554 1718 1624 1797 per
1642 1689 1866 1768 servientem
1887 1706 2060 1767 nostrum

636 1845 863 1923 appensum,
885 1836 1106 1896 amoverunt
1124 1820 1215 1897 etin
1232 1820 1358 1898 lutum
1373 1849 1440 1900 seu
1455 1840 1596 1899 terram
1611 1821 1868 1929 projecerunt,
1884 1820 2061 1899 homines
2153 1848 2156 1854 ’

634 1946 721 2023 ville
733 1947 1080 2054 Ruppis-Amatoris
1098 1951 1146 2027 ad
1159 1952 1378 2030 mandatum
1394 1953 1572 2061 gencium
1582 1970 1796 2031 nostrarum
1809 2014 1819 2042 ,
1833 1952 1873 2029 in
1885 1968 2059 2031 nostrum

637 2076 842 2155 exercitum
860 2078 1030 2157 volentes
1051 2080 1177 2157 venire
1197 2099 1469 2160 arrestaverunt
1493 2100 1531 2161 et
1557 2082 1836 2189 impediverunt
1853 2082 1999 2171 venire,
2023 2100 2062 2160 et

635 2208 765 2313 plures
791 2208 839 2287 ad
863 2238 933 2287 nos
957 2227 995 2287 et
1019 2228 1185 2289 nostram
1212 2214 1354 2291 curiam
1383 2215 1631 2322 appellantes,
1657 2230 1744 2320 post
1765 2213 2061 2320 appellaciouom

635 2338 684 2415 ad
712 2365 782 2417 nos
811 2340 1087 2447 interpositam,
1121 2361 1317 2449 ceperunt,
1350 2361 1623 2425 arrestaverunt
1654 2361 1693 2422 et
1721 2346 2060 2434 incarceraverunt,

635 2469 926 2549 vulneraverunt
952 2472 1097 2579 aliquos
1124 2473 1362 2563 eorumdem,
1385 2492 1423 2553 et
1441 2476 1591 2552 cuidam
1612 2475 1759 2553 bomini
1784 2476 2062 2582 condempnato

636 2628 789 2707 percos
813 2602 861 2679 ad
887 2603 1140 2682 amittendum
1169 2632 1325 2682 manum
1351 2606 1556 2695 sinistram,
1585 2607 1652 2712 qui
1676 2607 1726 2686 ad
1750 2636 1821 2685 nos
1845 2606 2059 2713 appellavit,

637 2750 723 2837 post
740 2733 1035 2838 appellacionem
1050 2734 1271 2841 hujusmodi
1286 2764 1442 2813 manum
1459 2736 1651 2813 dexteram
1670 2754 1973 2843 amputaverunt,
1995 2766 2064 2843 per

638 2878 822 2939 arrestum
850 2880 977 2939 nostre
1000 2864 1119 2951 curie,
1145 2865 1287 2941 dictum
1313 2863 1386 2942 luit
1403 2866 1509 2971 quod
1529 2865 1643 2943 abbas
1662 2866 1869 2971 predictus,
1890 2896 1959 2973 pro
1979 2896 2064 2974 pre-

639 2989 748 3068 dictis
775 2992 986 3071 excessibus
1012 2993 1273 3072 ministrorum
1298 3022 1477 3082 suorum,
1504 3022 1668 3103 quorum
1697 2994 1887 3103 aliquibus
1910 3024 2065 3103 presens

637 3119 753 3200 luisse
773 3125 973 3231 reperitur,
997 3124 1198 3205 emendam
1220 3143 1384 3233 quatuor
1400 3125 1566 3203 millium
1585 3125 1767 3204 librarum
1782 3129 2063 3207 Tmouensium

638 3254 748 3335 nobis
767 3253 896 3332 solvet.

694 3384 817 3491 Super
840 3412 885 3463 eo
914 3414 1001 3465 vero
1026 3386 1132 3493 quod
1156 3387 1316 3465 ministri
1336 3388 1432 3466 dicti
1453 3387 1598 3465 abbatis
1621 3388 1827 3494 quemdam
1850 3388 2061 3479 hominem,

636 3514 803 3619 positum
813 3542 891 3593 seu
908 3515 1076 3593 saisitum
1090 3516 1138 3593 ad
1151 3545 1307 3596 manum
1326 3535 1513 3609 nostram,
1529 3535 1615 3624 post
1629 3518 1767 3596 dictam
1784 3518 2064 3625 apposicionem

636 3672 770 3724 manus
802 3665 840 3723 et
867 3647 1138 3725 inhibieionem
1169 3648 1303 3727 factam
1338 3650 1408 3741 eis,
1442 3678 1487 3727 ex
1514 3668 1621 3757 parte
1650 3667 1798 3741 nostra,
1824 3650 2064 3756 suspendisse

639 3775 828 3867 dicuntur,
850 3778 988 3855 vocatis
1003 3778 1189 3886 partibus,
1205 3782 1340 3861 veritas
1356 3781 1588 3889 inquiretur,
1606 3798 1645 3857 et
1659 3782 1872 3859 remittetur
1892 3781 2064 3888 inquesta

639 3905 686 3981 ad
706 3909 847 3984 curiam
863 3908 1081 4017 judicanda.

695 4037 858 4116 Sabbato
877 4056 963 4146 post
982 4039 1149 4118 mediam
1164 4041 1512 4148 Quadragesimam.

696 4166 904 4245 Gorinthns
921 4172 1133 4276 reportavit.

695 4296 863 4375 Audient
888 4299 1065 4379 dominus
1088 4300 1318 4379 Guillelmus
1343 4302 1391 4380 de
1419 4302 1598 4379 Plaisiaco
1620 4317 1658 4377 et
1681 4299 1912 4379 Guillelmus
1935 4302 1982 4381 de
2004 4306 2067 4383 Vi-

637 4429 757 4518 riaco,
779 4428 836 4507 vel
855 4430 919 4508 ille
937 4459 1072 4509 eorum
1088 4432 1153 4539 qui
1174 4461 1300 4511 vacare
1315 4433 1470 4539 poterit

695 4693 771 4770 LX.
802 4693 913 4771 Facta
936 4693 1108 4799 inquesta
1132 4721 1200 4801 per
1222 4694 1468 4773 senescallum
1492 4696 1842 4786 Carcassononsem,
1868 4725 1983 4804 super
2005 4726 2065 4776 ex-

638 4822 806 4901 cessibus
830 4840 868 4901 ct
885 4852 1077 4902 armorum
1100 4826 1318 4930 portacione
1338 4826 1467 4906 illicita
1486 4826 1593 4906 lactis
1610 4828 1650 4905 in
1669 4846 1770 4907 terra
1788 4827 1935 4907 douaini
1954 4830 2065 4908 Mira-

638 4952 731 5060 picis
761 4982 830 5062 per
860 4982 975 5060 quam
1002 4953 1130 5061 plures
1158 4956 1333 5035 homines
1361 4957 1510 5037 nobiles
1536 4975 1575 5036 et
1600 4957 1790 5037 innobiles
1816 4958 1988 5037 villarum
2015 4960 2063 5040 de

638 5084 826 5177 lordaco,
855 5084 902 5162 de
929 5086 1141 5179 Caussono,
1168 5086 1216 5164 de
1237 5085 1376 5194 Apino,
1407 5088 1455 5167 de
1483 5090 1656 5183 Unacho,
1682 5090 1732 5168 de
1754 5091 1989 5181 Favinhano,
2014 5092 2063 5169 de

639 5215 763 5293 lorda
784 5232 823 5293 et
840 5214 889 5294 de
908 5215 1139 5325 quibusdam
1155 5217 1240 5298 aliis
1257 5218 1357 5297 villis
1376 5237 1414 5298 et
1429 5221 1523 5301 locis
1541 5222 1742 5301 comitatus
1759 5223 1957 5311 Fuxensis,
1976 5252 2064 5301 cum

638 5345 714 5423 illis
733 5345 781 5425 de
799 5346 972 5427 Andoma
990 5350 1057 5455 qui
1079 5366 1168 5428 sunt
1191 5349 1239 5429 de
1263 5366 1364 5429 extra
1382 5378 1562 5461 regnum,
1584 5353 1707 5431 dictus
1729 5351 1956 5431 senescallus
1975 5378 2065 5429 con-

640 5474 854 5585 dempnavit
870 5506 934 5557 oos
951 5479 990 5557 in
1002 5479 1175 5586 pluribus
1189 5482 1350 5561 summis
1361 5483 1521 5591 pecunie
1538 5484 1694 5563 domino
1706 5484 1797 5591 Regi
1816 5510 1884 5591 pro
1903 5480 2064 5559 emenda

748 5652 801 5695 sss
821 5652 903 5696 otiu.
928 5656 974 5697 ur.
1459 5692 1465 5704 .
1921 5640 1957 5704 lle
