5817 7292
1042 1065 1307 1174 erutvss
1333 1085 1397 1157 rr
1422 1068 1625 1160 paones.
1972 1088 2044 1159 aer

626 1224 791 1301 hannem
811 1222 847 1300 le
862 1221 994 1315 Blont,
1011 1241 1183 1331 ternpore
1198 1251 1276 1330 quo
1293 1223 1453 1317 vivebat,
1471 1254 1560 1301 cum
1575 1224 1673 1301 dicta
1685 1251 1801 1303 uxore
1817 1254 1900 1315 sua,
1916 1242 2045 1334 utpote
2077 1236 2208 1291 anm
2227 1236 2271 1305 W.

625 1354 705 1432 sine
726 1355 942 1433 auctoritate
960 1356 1077 1463 ipsius
1094 1354 1217 1432 mariti
1239 1354 1314 1444 sui,
1330 1354 1520 1444 habitum,
1539 1355 1678 1432 debere
1698 1354 1850 1460 penitus
1868 1354 2045 1447 anullari;
2146 1330 2210 1372 Μ’

625 1484 692 1590 qui
707 1484 936 1591 prepositus,
956 1487 1095 1567 auditis
1115 1486 1224 1565 dictis
1241 1485 1427 1591 partibus,
1445 1512 1515 1593 per
1533 1514 1645 1562 suum
1655 1482 1861 1594 judicium,
1878 1513 2048 1591 pronun-

626 1614 734 1691 ciavit
753 1615 891 1693 dictam
911 1618 1118 1695 lohannam
1140 1616 1188 1694 ad
1208 1616 1480 1695 resumendum
1504 1615 1604 1693 dicta
1630 1633 1839 1693 atramenta
1864 1617 1985 1693 teneri
2011 1633 2049 1692 et

627 1744 764 1824 dictam
774 1745 989 1825 Esdelinam
1002 1750 1051 1826 ad
1061 1748 1371 1855 prosecucionem
1386 1748 1485 1825 dicte
1503 1774 1611 1824 cause
1621 1807 1630 1836 ‚
1645 1746 1685 1823 in
1697 1763 1796 1825 statu
1811 1746 1851 1821 in
1863 1774 1941 1852 quo
1952 1762 2046 1835 erat,

625 1891 795 1982 tempore
806 1878 939 1955 mortis
951 1877 1040 1955 dicti
1052 1876 1122 1955 filii
1133 1878 1203 1966 sui,
1216 1878 1357 1956 debere
1368 1875 1656 1982 admitti3aquo
1662 1875 1844 1985 judicato,
1856 1892 2049 1982 tamquam

625 2003 718 2084 lalso
735 2023 772 2083 et
785 2035 914 2112 pravo,
932 2008 1054 2085 dictus
1067 2008 1259 2086 Johannes
1273 2008 1322 2083 ad
1336 2023 1501 2085 nostram
1516 2006 1658 2083 curiam
1672 2005 1888 2112 appellavit:
1904 2005 2050 2083 Auditis

625 2132 750 2237 igitur,
776 2136 816 2211 in
836 2166 946 2214 causa
966 2137 1065 2214 dicte
1093 2136 1374 2243 appellacionis,
1396 2136 1566 2241 partibus
1585 2136 1764 2241 predictis
1787 2154 1825 2213 et
1848 2136 1926 2213 viso
1947 2138 2048 2215 dicto

623 2292 815 2369 processu,
842 2293 910 2372 per
929 2267 1031 2344 curie
1051 2282 1179 2346 nostre
1194 2266 1400 2374 judicium,
1424 2266 1569 2344 dictum
1589 2266 1661 2343 suit
1679 2268 1893 2374 predictum
1913 2296 2050 2374 prepo-

623 2393 736 2471 situm
755 2394 853 2473 bene
870 2395 1059 2502 judicasse
1080 2414 1118 2475 et
1137 2397 1281 2475 dictum
1297 2397 1508 2475 lohannem
1529 2395 1625 2473 male
1645 2395 1868 2502 appellasse,
1892 2415 1930 2475 et
1944 2398 2049 2503 quod

624 2523 703 2629 ipse
718 2524 791 2601 hoc
806 2524 1033 2604 emendabit.

552 2680 557 2690 ¹
680 2653 843 2730 Sabbato
858 2654 1038 2760 predicta.

575 2840 583 2847 -
681 2784 731 2860 Μ.
750 2784 964 2891 Stephanus
981 2786 1028 2863 de
1045 2786 1225 2865 Housseia
1241 2788 1453 2895 reportavit.

680 2914 857 2993 Traditus
872 2913 944 2993 suit
963 2944 1161 3023 processus
1180 2919 1371 3026 preposito
1395 2918 1604 2999 Parisiensi.

679 3180 770 3257 LIX.
801 3181 998 3289 Religiosis
1016 3183 1102 3260 viris
1122 3182 1256 3262 abbate
1277 3200 1316 3261 et
1336 3200 1523 3261 conventu
1543 3184 1592 3260 de
1612 3183 1815 3262 Yssiodoro
1830 3184 1942 3261 nobis
1961 3212 2050 3262 con-

623 3311 872 3415 querentibus
892 3340 1005 3419 super
1028 3340 1073 3391 eo
1098 3314 1222 3421 quod,
1243 3315 1332 3421 ipsis
1353 3314 1599 3391 existentibus
1618 3314 1658 3390 in
1672 3331 1799 3391 nostra
1818 3314 1946 3422 gardia
1965 3342 2050 3420 spe-

624 3439 723 3531 ciali,
745 3444 854 3548 Hugo
873 3441 1073 3535 Armandi,
1093 3472 1227 3551 gerens
1250 3472 1290 3521 se
1306 3472 1377 3550 pro
1397 3441 1552 3522 consule
1573 3442 1672 3521 dicte
1687 3442 1791 3533 ville,
1807 3472 1895 3521 cum
1915 3472 2049 3552 magna

624 3570 869 3650 multitudine
885 3574 1142 3651 habitancium
1153 3575 1253 3651 dicte
1263 3573 1370 3665 ville,
1388 3572 1518 3680 plures
1533 3574 1587 3651 eis
1600 3574 1883 3652 inobediencias
1894 3574 2047 3662 lecerat,

626 3714 662 3773 et
681 3698 925 3804 quamplures
941 3701 1112 3807 injurias,
1129 3702 1375 3777 contumelias
1393 3719 1431 3778 et
1446 3728 1617 3778 excessus
1633 3701 1776 3778 eisdem
1793 3701 1988 3791 intulerat,
2008 3722 2051 3781 ut

626 3824 818 3916 dicebant,
832 3827 1091 3905 mandavimus
1111 3828 1158 3906 de
1173 3829 1367 3933 predictis,
1383 3830 1520 3908 vocatis
1534 3829 1722 3935 partibus,
1741 3830 1952 3937 inquestam
1965 3830 2049 3909 lieri
2135 3917 2144 3933 ‚

626 3972 752 4035 nostre
760 3957 862 4035 curie
871 3958 1273 4037 remittendam2Dicta
1280 3960 1396 4068 igitur
1404 3961 1578 4067 inquesta
1586 3987 1701 4067 super
1710 3961 1784 4039 hoe
1794 3959 1889 4037 facta
1899 3976 1938 4038 et
1947 3963 2049 4039 curie

626 4104 753 4166 nostre
762 4087 1059 4195 adjudicandam
1069 4088 1198 4181 missa,
1211 4090 1349 4169 auditis
1359 4118 1473 4198 super
1482 4091 1556 4168 hoc
1566 4090 1735 4197 partibus
1743 4089 1922 4199 predictis
1932 4093 2050 4170 etvisa

626 4234 665 4295 et
674 4216 875 4327 diligenter
887 4219 1094 4297 examinata
1103 4218 1276 4327 inquesta
1290 4220 1478 4327 predicta,
1492 4221 1582 4328 quia
1596 4238 1790 4327 repertum
1802 4238 1874 4313 est,
1889 4250 1957 4330 per
1966 4250 2049 4299 ean·

626 4347 733 4439 dem,
752 4349 898 4427 dictum
915 4350 1132 4457 Hugonem‚
1150 4368 1343 4429 tenentem
1366 4352 1406 4428 in
1428 4380 1543 4429 manu
1559 4380 1625 4430 sua
1644 4351 1848 4461 quamdam
1866 4353 2045 4445 securim,

625 4480 768 4559 venisse
782 4480 830 4557 ad
845 4481 1003 4559 domum
1019 4482 1200 4561 lobannis
1212 4484 1260 4561 de
1274 4483 1460 4573 Carraria,
1473 4512 1560 4561 cum
1573 4511 1707 4592 magna
1721 4482 1965 4562 multitudine
1980 4485 2049 4561 ha·

625 4610 834 4690 bitancium
853 4611 951 4689 dicte
971 4611 1077 4701 ville,
1095 4630 1149 4703 et,
1170 4630 1257 4722 post
1276 4613 1470 4693 defensam
1488 4613 1715 4691 servientum
1735 4614 1838 4691 curie
1858 4612 2046 4695 dictorum

625 4740 905 4849 religiosorum,
922 4759 1068 4847 portam
1082 4742 1180 4821 dicte
1202 4744 1337 4823 domus
1357 4745 1406 4822 ad
1423 4761 1563 4823 terram
1581 4743 1768 4851 posuisse,
1783 4744 1983 4851 ipsumque
1998 4743 2047 4820 ad

625 4872 828 4981 quemdam
840 4873 1044 4980 postellum
1055 4875 1273 4954 existentem
1283 4894 1368 4955 ante
1378 4877 1517 4954 dictam
1527 4875 1703 4967 domum,
1716 4904 1802 4953 cum
1815 4875 1914 4953 dicta
1925 4874 2046 4953 securi

623 5003 869 5109 percussisse,
892 5004 980 5083 licet
999 5006 1089 5084 dicti
1110 5007 1312 5085 servientes
1332 5006 1459 5085 eidem
1480 5005 1651 5085 dicerent
1669 5005 1775 5113 quod
1794 5005 1893 5081 dicta
1908 5002 2047 5083 domus

627 5150 665 5211 et
681 5135 781 5213 bona
796 5136 898 5215 intus
912 5136 1112 5217 existeneia
1132 5152 1238 5215 erant
1255 5138 1377 5245 posita
1388 5138 1440 5215 ad
1458 5164 1613 5215 manum
1632 5136 1736 5215 curie
1756 5135 1945 5214 dictorum
1963 5133 2047 5210 reli·

626 5262 834 5371 giosorum,
847 5267 1046 5376 ipsumque
1059 5269 1257 5375 Hugonem
1275 5285 1312 5347 et
1327 5267 1454 5375 plures
1469 5267 1562 5346 alios
1578 5266 1808 5345 habitatores
1826 5264 1923 5342 dicte
1938 5261 2043 5351 ville,

626 5420 695 5496 per
716 5394 859 5475 curiam
880 5396 1066 5477 dictorum
1087 5398 1351 5508 religiosorum
1373 5414 1588 5515 attestatos,
1612 5424 1682 5502 pro
1707 5394 1817 5475 certis
1837 5391 2045 5470 excessibus

711 5566 764 5610 tes
785 5566 866 5609 οιιιι.
882 5570 929 5614 ιιι.
1876 5546 1919 5610 88
