5817 7292
1015 1061 1280 1167 saoneres
1305 1079 1369 1151 nr
1395 1061 1601 1154 esoces.
1893 1132 1900 1141 .
1940 1081 2015 1155 sse

600 1220 741 1297 curiam
762 1216 980 1325 appellavit:
998 1217 1148 1295 Auditis
1166 1217 1280 1325 igitur
1300 1218 1409 1297 dictis
1424 1218 1609 1325 partibus,
1630 1219 1669 1295 in
1692 1219 1795 1297 casua
1814 1237 1955 1311 nosue,
1976 1222 2015 1299 in
2055 1230 2241 1293 taurontv,

599 1376 708 1427 causa
731 1348 993 1455 appellacionis
1021 1348 1204 1453 predicte,
1234 1366 1272 1425 et
1295 1349 1372 1426 viso
1402 1366 1440 1425 et
1467 1348 1668 1457 diligenter
1690 1350 1897 1427 examinato
1920 1351 2018 1429 dicte
2117 1320 2180 1363 Μ’

599 1478 813 1586 principalis
825 1506 933 1557 cause
946 1506 1137 1583 processu,
1149 1507 1218 1584 per
1229 1479 1331 1557 curie
1345 1496 1470 1557 nostre
1479 1479 1683 1586 judicium,
1699 1476 1773 1557 suit
1782 1476 1925 1555 dictum
1935 1508 2020 1585 pre·

600 1612 766 1717 positum
784 1628 823 1688 et
839 1609 1018 1688 ballivum
1036 1608 1225 1714 predictos
1242 1610 1338 1688 bene
1353 1610 1542 1717 judicasse
1559 1626 1598 1685 et
1611 1610 1734 1715 ipsum
1749 1607 1911 1685 militem
1925 1610 2020 1687 male

601 1740 822 1849 appellasse,
845 1756 884 1817 et
902 1739 1006 1845 qnod
1026 1738 1105 1845 ipse
1126 1737 1201 1819 boc
1217 1741 1445 1821 emendabit.

657 1870 813 1951 Veneris
832 1886 916 1969 ante
937 1872 1190 1947 Pentecosten.

655 2004 686 2079 J.
708 2002 758 2079 de
777 2002 871 2079 Usco
888 2000 1100 2106 reportavit.

655 2262 796 2339 XXVII.
827 2259 909 2337 Lite
934 2274 1050 2347 mota,
1077 2286 1203 2336 coram
1221 2261 1411 2365 preposito
1434 2262 1646 2349 Parisieusi‚
1669 2263 1766 2341 inter
1782 2262 2024 2342 Vincencium

601 2391 649 2468 de
665 2391 777 2497 Nigro
793 2406 831 2467 et
849 2389 930 2496 ejus
944 2416 1114 2491 uxorem,
1134 2418 1177 2467 ex
1192 2419 1264 2467 una
1279 2408 1403 2497 parte,
1421 2408 1461 2468 et
1476 2393 1693 2497 magistrum
1711 2393 1920 2471 Johannem
1932 2396 2025 2474 Bru·

600 2520 706 2609 nelli.
730 2550 774 2596 ex
792 2519 923 2607 altera,
945 2546 1058 2624 super
1078 2546 1123 2595 eo
1143 2519 1248 2626 quod
1268 2520 1369 2596 idem
1392 2521 1642 2609 Vencencius,
1668 2550 1738 2599 suo
1758 2539 1798 2599 et
1814 2524 1941 2600 uxoris
1957 2552 2023 2601 sue

459 2748 463 2762 Ι
600 2650 769 2739 nomine,
786 2648 1020 2754 proponebat
1038 2648 1143 2753 quod
1160 2649 1469 2756 compromissum
1489 2649 1626 2727 factum
1642 2649 1763 2728 fuerat
1781 2652 1820 2727 in
1835 2668 1956 2729 certos
1968 2680 2026 2729 ar·

600 2780 733 2869 bimos,
751 2779 893 2857 edictis
904 2776 1074 2886 partibus
1088 2780 1337 2857 communiter
1349 2779 1503 2870 electos,
1520 2810 1617 2888 pena
1633 2798 1672 2859 et
1685 2781 1902 2887 juramento
1914 2781 2024 2859 valla-

599 2926 699 2999 tum,
721 2909 769 2987 de
788 2908 950 3017 quadam
970 2911 1220 3011 controversia
1234 2911 1331 2989 inter
1351 2938 1415 2989 eos
1430 2928 1510 2988 orta
1528 2940 1643 3017 super
1656 2912 1779 2991 tribus
1792 2912 1955 3019 arpentis
1973 2914 2025 2991 vi-

601 3070 756 3119 nearum
778 3067 856 3118 uno
875 3037 1066 3147 quarterio
1087 3040 1229 3129 rninus,
1255 3040 1408 3117 sitarum
1428 3041 1530 3146 apud
1547 3042 1751 3149 Baigneux‚
1772 3041 2025 3122 saint-Eblant

600 3188 638 3251 et
652 3200 715 3249 sex
730 3188 767 3249 et
782 3169 1049 3278 quinquaginta
1063 3171 1195 3248 solidis
1214 3188 1252 3248 et
1269 3198 1332 3249 sex
1351 3172 1515 3249 denariis
1533 3173 1647 3249 annui
1666 3200 1814 3261 census,
1831 3171 1912 3250 sitis
1924 3172 2026 3249 Parir

598 3304 691 3391 sius,
718 3300 891 3377 videlicet
910 3286 1157 3413 quadraginta
1181 3300 1313 3379 solidis
1332 3302 1412 3379 sitis
1436 3330 1549 3406 supra
1571 3302 1733 3408 quadam
1757 3303 1872 3379 domo
1893 3302 1963 3379 sita
1982 3302 2023 3378 in

598 3433 678 3512 vico
699 3430 1045 3525 Sancti-Germani,
1068 3436 1107 3512 in
1126 3461 1199 3540 qna
1220 3430 1388 3511 habitant
1406 3432 1580 3509 monachi
1600 3431 1649 3509 de
1669 3431 1960 3538 Regali-Monte,
1988 3448 2026 3509 et

598 3563 785 3643 sexdecim
799 3562 932 3640 aelidis
950 3592 1014 3643 sex
1035 3563 1199 3643 denariis
1213 3562 1292 3639 sitis
1306 3589 1418 3668 supra
1436 3561 1637 3667 domoque
1652 3560 1725 3637 luit
1739 3561 1921 3644 Johannis
1934 3561 2024 3639 dicti

599 3696 757 3803 Aquas,
778 3699 913 3777 invice
929 3696 997 3805 qui
1018 3694 1121 3771 ducit
1134 3694 1181 3769 de
1195 3692 1414 3769 Ferronaria
1431 3690 1479 3765 ad
1489 3718 1639 3767 crucem
1654 3689 1734 3766 dou
1748 3690 1892 3777 Timor,
1908 3690 1947 3767 in
1961 3719 2026 3767 cu-

600 3852 673 3903 neo
689 3824 757 3901 alle
777 3826 1078 3931 pellipariorum
1096 3820 1338 3926 quiquidem
1356 3818 1484 3895 arbitri
1502 3832 1674 3922 suscepto
1693 3817 1732 3892 in
1749 3844 1919 3895 secuere
1935 3818 2024 3896 dieti

601 3956 873 4059 compromissi,
894 3952 1132 4063 presentibus
1152 3949 1263 4026 dictis
1280 3946 1450 4054 partibus
1466 3965 1506 4025 et
1519 3946 1744 4024 sentenciam
1763 3945 1851 4023 leni
1864 3947 2026 4052 petenti-

602 4084 688 4173 bus,
704 4086 1046 4191 pronunciaverunt
1059 4079 1163 4189 quod
1178 4079 1284 4156 vinee
1300 4094 1338 4155 et
1351 4096 1484 4155 census
1499 4076 1656 4183 predicti
1672 4094 1797 4153 essent
1807 4104 2025 4154 communes

602 4214 700 4291 inter
713 4232 835 4319 partes
848 4215 1033 4321 predictas
1050 4229 1086 4288 et
1101 4210 1149 4287 ad
1160 4209 1368 4317 quamlibet
1381 4208 1563 4315 ipsarum,
1579 4234 1648 4313 pro
1663 4223 1767 4311 parte
1782 4206 1924 4294 media,
1940 4233 2026 4311 per·

601 4344 778 4435 tinemut,
800 4345 906 4423 nulla
924 4342 1123 4422 sufficienti
1145 4339 1420 4455 contradicione
1440 4367 1507 4419 seu
1530 4336 1796 4415 redamaeioue
1819 4360 1934 4442 super
1951 4335 2026 4415 hoc

602 4492 751 4582 sequts;
777 4504 894 4581 quare
913 4475 1066 4582 petebat
1090 4474 1192 4551 idem
1212 4470 1460 4560 Vencencius‚
1484 4468 1636 4547 nomine
1659 4495 1738 4575 quo
1756 4494 1886 4573 supra,
1908 4464 2025 4542 dictas

602 4634 662 4685 res
679 4605 811 4695 dividi,
834 4624 873 4683 et
886 4623 1030 4713 partem
1052 4602 1246 4682 dimidiam
1263 4600 1417 4679 cuilibet
1431 4627 1564 4677 eomm
1578 4596 1769 4707 assignari,
1781 4596 1886 4704 juxta
1903 4594 2024 4672 dicto·

603 4764 687 4815 rum
700 4737 925 4814 sentenciam
941 4736 1180 4823 arbitrorum,
1200 4762 1285 4811 cum
1305 4734 1384 4838 ipse
1403 4729 1539 4818 nollet,
1562 4746 1605 4807 ut
1624 4728 1785 4817 dicebat,
1802 4724 1963 4831 amplius
1982 4724 2023 4801 in

603 4866 700 4945 dicta
723 4867 987 4945 communione
1009 4893 1219 4959 remanere3
1242 4864 1342 4943 dicto
1360 4862 1537 4969 magistro
1555 4859 1724 4938 lohanue
1743 4884 1799 4945 se,
1822 4854 1952 4963 multis
1967 4880 2025 4930 ra·

603 4994 783 5086 cionibus,
810 4998 850 5075 in
870 4996 1096 5076 contrarium
1120 4994 1346 5073 defendente
1367 5010 1404 5071 et
1427 4990 1573 5071 dicente
1592 4988 1818 5067 arbitrorum
1837 4985 2026 5093 predicto-

603 5154 687 5205 rum
706 5128 931 5205 sentenciam
947 5155 1025 5205 non
1046 5126 1183 5215 valere,
1205 5153 1275 5203 nec
1293 5152 1338 5203 ex
1355 5152 1399 5201 ea
1419 5122 1642 5201 divisionem
1659 5118 1743 5197 lieri
1763 5117 1922 5209 debere3
1942 5132 2026 5193 tsn-

604 5254 707 5344 dem,
733 5257 869 5335 auditis
896 5286 1010 5363 super
1034 5256 1108 5335 hoc
1137 5256 1349 5337 racionibus
1372 5254 1540 5361 parcium
1565 5251 1837 5359 predictarum,
1862 5245 2022 5350 visisque

605 5383 907 5488 depositionibus
924 5390 1097 5477 testium,
1122 5404 1160 5465 et
1180 5387 1354 5492 inspectis
1373 5384 1568 5463 tenoribus
1586 5382 1920 5461 instrumentorum
1936 5398 2024 5478 pm·

1845 5528 1896 5590 83.
