5817 7292
996 1086 1261 1221 nsousrns
1288 1105 1349 1178 nr
1376 1066 1582 1179 esoces.
1925 1106 1993 1175 ott

582 1276 723 1336 versos,
746 1247 785 1323 in
803 1244 930 1351 aliquo
948 1274 1062 1353 super
1077 1245 1150 1325 hoc
1168 1274 1245 1324 non
1266 1246 1403 1325 debere
1424 1243 1709 1350 condempnari,
1721 1272 1808 1319 cum
1827 1270 1904 1322 non
1916 1243 2000 1323 fue·
2028 1250 2158 1305 renum
2177 1251 2221 1313 tv,

582 1379 633 1456 rit
651 1378 789 1457 lactum
810 1375 1073 1465 universitatis,
1091 1377 1158 1455 sed
1172 1392 1356 1455 certarum
1371 1394 1410 1454 et
1421 1374 1667 1483 singularium
1680 1400 1944 1479 personarum,
1957 1391 2001 1451 ut
2096 1342 2161 1385 lm

584 1508 748 1597 dicebat,
760 1534 874 1613 super
888 1506 1026 1613 quibus
1039 1506 1311 1597 mandavimus,
1329 1536 1397 1614 per
1410 1506 1542 1613 plures
1549 1504 1822 1584 commissarios
1835 1520 1875 1583 et
1887 1503 2002 1609 pluri·

584 1638 655 1716 bus
670 1638 827 1727 vicibus,
845 1636 982 1742 inquiri
998 1637 1204 1716 veritatem:
1218 1640 1326 1715 Facta
1344 1638 1458 1747 igitur
1470 1635 1644 1726 finaliter,
1660 1635 1799 1713 vocatis
1810 1633 2001 1740 partibus,

585 1769 757 1875 inquesta
774 1769 822 1845 de
842 1768 1038 1874 predictis,
1056 1768 1231 1875 dictoque
1248 1769 1349 1847 curie
1368 1786 1495 1847 nostre
1515 1784 1721 1874 reportata,
1736 1793 1853 1873 eaque
1873 1764 1949 1841 visa
1962 1794 2004 1843 ac

586 1898 785 2007 diligenter
804 1898 1025 1987 examinata,
1047 1900 1150 2003 quia,
1172 1926 1239 2005 per
1257 1900 1375 2007 ipsam
1401 1900 1631 2005 inquestam,
1647 1914 1837 2003 repertum
1856 1911 1913 1973 est
1934 1896 2005 1974 bo·

585 2030 707 2107 mines
731 2046 769 2106 et
796 2028 1023 2106 habitatores
1043 2029 1233 2133 predictos
1261 2030 1519 2107 universaliter
1542 2028 1656 2107 luisse
1677 2026 1940 2106 inobedientes
1967 2044 2006 2105 et

583 2156 764 2244 rebelles,
786 2158 824 2233 in
838 2184 914 2233 non
935 2155 1116 2235 servando
1136 2158 1416 2237 ordinacionem
1431 2177 1598 2236 nostram
1616 2188 1729 2267 super
1746 2186 1859 2237 cursu
1877 2173 2005 2235 nostre

582 2285 689 2364 sortis
708 2302 875 2375 monete,
896 2284 1030 2363 lactem
1051 2302 1089 2363 et
1103 2286 1330 2393 publicatam
1349 2288 1387 2365 in
1403 2288 1487 2367 villa
1498 2290 1685 2396 predicta,
1702 2306 1741 2367 et
1758 2288 2005 2396 quod-plures

581 2416 705 2523 magni
724 2446 766 2494 ac
785 2416 919 2495 divites
938 2414 1037 2493 dicte
1061 2416 1147 2495 ville
1167 2446 1207 2493 se
1226 2418 1369 2523 pluries
1383 2436 1672 2526 congregarunt,
1688 2436 1887 2496 tractantes
1906 2444 2005 2525 quo·

581 2547 697 2624 modo
712 2562 864 2652 possent
879 2546 1017 2624 dictam
1033 2546 1314 2626 ordinacionem
1329 2547 1531 2652 impedire,
1547 2548 1803 2653 inducereqnc
1819 2548 2004 2653 populum

581 2675 628 2752 ad
648 2674 899 2753 resistendum
918 2675 1093 2782 gentibus
1114 2676 1252 2754 nostris
1275 2704 1343 2782 per
1367 2675 1607 2765 violenciam,
1635 2694 1673 2753 et
1691 2676 1809 2753 eciam
1833 2702 2003 2753 commo-

581 2830 667 2881 vere
688 2806 870 2895 eundem,
894 2806 1136 2912 ipsorumque
1153 2822 1352 2883 tractatum
1371 2807 1449 2883 suis
1468 2807 1647 2913 operariis
1665 2805 1860 2894 recitasse,
1883 2823 1921 2883 et
1938 2834 2002 2884 eos

581 2933 629 3009 ad
642 2935 811 3041 predicta
830 2962 898 3012 seu
920 2933 1044 3042 pejora
1067 2934 1237 3013 facienda
1256 2936 1447 3025 incitasse,
1471 2964 1513 3013 es
1528 2936 1669 3043 quihus
1683 2935 1946 3015 inobedicncia
1964 2952 2003 3013 et

580 3064 808 3153 rebellione,
821 3064 1243 3172 predicteinjurielacte
1254 3066 1354 3145 dicto
1362 3067 2003 3173 prepositofueruntsubsequte,et

580 3194 684 3301 quod
701 3194 835 3273 divites
851 3212 889 3273 et
908 3196 1033 3304 magni
1054 3195 1153 3273 dicte
1173 3196 1260 3273 ville
1279 3198 1460 3277 restitisse
1479 3197 1693 3276 minoribus
1714 3199 1831 3275 dictas
1848 3196 2003 3304 injurias

580 3308 902 3403 committentibus
911 3325 1137 3432 potuissent,
1153 3327 1258 3432 quod
1270 3325 1390 3405 lacere
1405 3354 1482 3405 non
1495 3343 1690 3415 curarunt,
1704 3344 1744 3404 et
1755 3326 1861 3433 quod
1870 3353 2003 3405 omnes

580 3453 728 3545 divites,
746 3455 957 3535 mediocres
971 3473 1009 3533 et
1022 3455 1183 3562 majores
1199 3458 1299 3535 dicte
1312 3457 1417 3547 ville,
1436 3486 1663 3564 quamquam
1678 3457 1917 3564 perciperent
1933 3484 2000 3534 seu

578 3602 731 3690 possent
750 3585 943 3694 percipere
963 3585 1061 3663 dicta
1079 3586 1243 3691 pericula
1265 3616 1331 3665 seu
1350 3588 1492 3696 majora
1511 3588 1677 3666 evenisse
1695 3613 1822 3691 posse,
1847 3603 2003 3692 propter

580 3714 876 3793 inobedientiam
909 3732 948 3791 et
976 3714 1227 3793 rebellionem
1249 3716 1449 3821 predictas,
1480 3744 1678 3823 nunquam
1696 3732 1866 3793 tamena
1891 3716 2001 3795 dictis

582 3843 845 3921 inobediencia
859 3860 897 3921 et
911 3843 1120 3922 rebellione
1133 3862 1386 3937 recesserunt,
1405 3847 1534 3936 immo,
1551 3876 1636 3924 curn
1655 3843 2001 3952 aliisinobedienti·

582 3972 654 4049 bus
676 3988 714 4048 et
733 3972 954 4061 rebellibus,
976 3974 1015 4049 in
1035 3973 1145 4051 dictis
1163 3974 1424 4054 inobediencia
1442 3994 1480 4053 et
1497 3975 1704 4053 rebellione
1724 3990 2000 4081 perseverantes

584 4121 856 4193 remensem,
878 4132 947 4210 per
964 4106 1067 4182 curie
1087 4124 1213 4185 nostre
1229 4106 1436 4214 judicium,
1458 4106 1549 4184 dicti
1567 4106 1742 4185 homines
1761 4123 1800 4182 et
1816 4104 2001 4185 habitato-

583 4260 642 4310 res
657 4233 915 4313 universaliter
930 4235 1031 4313 dicto
1046 4235 1206 4316 Girardo
1222 4238 1261 4315 in
1280 4237 1431 4316 duobus
1446 4235 1617 4315 millibus
1629 4236 1812 4314 librarum
1823 4251 1862 4313 et
1873 4236 1998 4324 nobis,

484 4460 490 4473 ι
584 4389 651 4467 pro
668 4356 828 4441 emenda
847 4382 991 4458 nostra,
1013 4364 1052 4441 in
1073 4366 1204 4443 decern
1225 4367 1394 4445 millibus
1415 4366 1596 4445 librarum
1612 4366 1893 4443 Turonensium
1914 4395 2003 4444 con-

582 4491 774 4598 dempnati
793 4492 958 4571 luerunt.
1452 4484 1458 4495 ’

639 4622 800 4701 Sabhato
820 4640 905 4731 post
922 4625 1206 4705 Penthecosten.

638 4754 801 4863 Mangon
818 4771 855 4831 et
869 4756 1179 4835 Sanctus-Paulus
1192 4774 1486 4864 reportaverunt.
1584 4798 1591 4811 ·

638 5014 714 5093 Cll.
745 5015 828 5093 Lite
848 5034 965 5104 mota,
995 5017 1033 5093 in
1058 5018 1157 5113 curia
1186 5034 1327 5108 nostra,
1350 5018 1449 5095 inter
1468 5018 1667 5095 Ricardum
1685 5017 1734 5094 de
1751 5018 1873 5108 Valle,
1893 5018 2001 5098 Guil-

583 5142 740 5222 lelmum
770 5146 898 5225 Selille
931 5163 968 5223 et
992 5146 1136 5225 Heliam
1166 5145 1386 5241 Columbel,
1414 5164 1639 5226 mercatores
1660 5148 1714 5225 de
1741 5146 1927 5234 Cadomo,
1957 5176 1998 5223 er

582 5288 684 5377 parte
704 5304 796 5366 una,
820 5294 857 5354 et
880 5254 1090 5356 iohannem
1115 5278 1310 5368 Tancreti,
1340 5306 1383 5356 ex
1409 5278 1546 5370 altera,
1567 5306 1680 5385 super
1708 5306 1754 5356 eo
1783 5278 1887 5383 quod
1910 5276 1998 5351 dicti

587 5421 811 5482 mercatores
831 5407 1005 5487 dicebant
1024 5408 1233 5487 lobannem
1254 5408 1483 5515 predictum,
1502 5408 1625 5487 filium
1644 5424 1683 5485 et
1701 5408 1881 5483 heredem
1904 5406 2000 5481 Ven-

1364 5605 1381 5641 a
1831 5580 1879 5640 77·
