5817 7292
857 1121 904 1190 70
963 1181 975 1198 ,
1436 1117 1527 1194 Les
1558 1119 1697 1193 otltt.

630 1258 761 1326 annm
774 1269 816 1332 tv,
912 1261 954 1336 X.
987 1258 1199 1338 Seneseallo
1227 1256 1469 1338 Tholosano:
1500 1261 1642 1339 Notum
1670 1263 1719 1339 sit
1749 1261 1929 1340 omuibus
1951 1261 2080 1370 quod,
2109 1293 2196 1342 cunr
2224 1267 2273 1344 de

692 1362 755 1404 ltot.

856 1391 1032 1468 mandato
1056 1390 1220 1499 magistri
1243 1389 1389 1467 Sicardi
1407 1391 1454 1468 de
1472 1389 1617 1481 Vauro,
1640 1410 1732 1470 tuuc
1746 1391 1888 1499 judicis
1910 1392 2065 1500 majoris
2080 1396 2273 1474 seocwalli

855 1521 972 1600 nostri
994 1521 1215 1612 Tbolosani,
1236 1522 1410 1627 inquesta
1429 1519 1532 1599 sactu
1543 1521 1693 1610 fuisset,
1714 1524 1852 1601 vocatis
1867 1524 1934 1631 qui
1950 1524 2173 1603 »debuerunt
2189 1555 2276 1606 evo·

855 1653 945 1741 cari,
964 1669 1092 1730 contra
1108 1651 1335 1730 Arnaudum
1347 1653 1395 1731 de
1410 1653 1593 1744 Guitaoo,
1606 1653 1851 1732 castellanum
1866 1655 1914 1732 de
1929 1655 2131 1745 Scmabra,
2144 1657 2276 1734 Amat:

855 1784 947 1861 dum
970 1783 1179 1892 Raymondi
1193 1781 1334 1874 bastol,
1353 1784 1669 1862 castellanumde
1687 1785 2017 1878 Poclio-Mauriuo,
2039 1815 2084 1864 ac
2096 1789 2273 1865 bomioes

855 1915 1042 1992 dictorum
1066 1933 1290 2007 castrorum,
1307 1941 1377 1993 neo
1398 1943 1476 1993 non
1492 1917 1666 1994 homines
1686 1916 1809 1994 insule
1825 1917 2025 2006 deZonis,
2050 1916 2099 1995 de
2117 1920 2274 2009 Seados,

855 2043 903 2120 de
923 2045 1281 2134 Montediaillardm
1304 2075 1347 2122 ac
1365 2046 1495 2154 plures
1509 2046 1607 2125 alios
1627 2049 1817 2126 eorumin
1832 2047 1900 2125 lite
1911 2061 2107 2129 consortes
2120 2049 2277 2127 comita-

854 2193 916 2254 tus
936 2177 1214 2269 Convenarum,
1232 2205 1346 2285 super
1364 2179 1578 2258 excessibus
1595 2197 1634 2256 et
1646 2177 1840 2257 violenciis
1854 2207 1942 2256 cum
1954 2180 2070 2255 armis
2084 2178 2191 2257 factis
2210 2207 2277 2285 per

854 2309 955 2414 ipsos
971 2306 1107 2384 invilla
1123 2309 1170 2384 de
1187 2309 1472 2400 Mundelhanis',
1488 2309 1805 2388 contraeonsules
1814 2327 1856 2387 et·
1866 2309 2043 2387 homines
2052 2310 2154 2388 dicte
2168 2310 2274 2400 ville,

855 2439 1087 2516 verberando
1101 2439 1256 2518 eosdem
1273 2457 1311 2516 et
1323 2439 1607 2532 innumeranda,
1624 2470 1665 2518 ac
1679 2469 1813 2519 eorum
1829 2440 1929 2518 bona
1943 2441 2190 2546 asportando,
2205 2469 2278 2518 ser·

853 2572 1094 2676 vientemque
1114 2587 1287 2648 nostrum
1304 2572 1557 2662 vulnerando,
1579 2589 1664 2678 post
1683 2589 1722 2649 et
1740 2590 1869 2649 contra
1888 2570 2187 2678 appellacionem
2208 2601 2277 2679 per

857 2701 977 2777 dictos
996 2701 1170 2778 homines
1196 2703 1242 2777 de
1263 2701 1530 2780 Mondelbanis
1545 2703 1592 2780 ad
1615 2703 1758 2779 curiam
1782 2701 1978 2779 senescalli
2000 2703 2118 2779 nostri
2132 2701 2276 2779 Tbolo·

856 2830 935 2908 sani
964 2831 1242 2937 interpositam,
1272 2848 1312 2907 et
1331 2832 1625 2923 inhibicionem,
1654 2831 1764 2910 dictis
1787 2834 1871 2910 reis
1885 2833 2020 2909 saetam
2045 2861 2115 2938 per
2136 2833 2278 2909 dictum

856 2962 1079 3040 servientem
1101 2980 1290 3050 nostrum,
1313 2993 1357 3039 ex
1376 2979 1482 3068 parte
1496 2962 1636 3070 judicis
1657 2962 1957 3070 appellacionum
1979 2962 2172 3040 senescalli
2193 2991 2280 3042 nos·

856 3093 903 3170 tri
924 3093 1151 3184 Tbolosani,
1173 3122 1221 3170 ne
1241 3112 1326 3199 post
1346 3092 1402 3170 vel
1425 3112 1556 3171 contra
1575 3094 1715 3171 dictam
1734 3094 2033 3200 appellacionem
2058 3093 2218 3202 aliquid,
2240 3099 2279 3172 in

855 3231 1109 3337 prejudicium
1138 3231 1327 3306 dictorum
1355 3229 1573 3316 hominum,
1600 3229 1823 3306 innovarent
1846 3257 1916 3306 seu
1940 3229 2058 3304 eciam
2082 3243 2279 3333 attempta-

855 3377 961 3436 rent:
981 3361 1171 3448 Tandem,
1190 3360 1287 3437 dicta
1303 3361 1476 3466 inquesta
1493 3359 1664 3465 predicto
1680 3361 1859 3468 magistro
1883 3358 2036 3438 Sicardo
2051 3357 2184 3449 relata,
2205 3360 2278 3435 visa

854 3517 924 3595 per
943 3490 1067 3596 ipsum
1088 3507 1126 3568 et
1143 3489 1355 3600 diligenter·
1369 3492 1592 3579 examinata,
1618 3507 1760 3568 servato
1771 3491 1871 3598 juris
1883 3489 2033 3579 ordine,
2052 3488 2172 3564 dictos
2194 3515 2279 3565 reos

854 3621 895 3695 in
923 3623 1032 3700 certis
1058 3622 1216 3729 pecunie
1243 3622 1532 3729 quantitatibus,
1561 3621 1673 3700 nobis
1694 3650 1764 3728 pro
1789 3621 1966 3728 predictis
1985 3618 2197 3696 excessibus
2213 3648 2280 3725 ap-

856 3753 1055 3859 plicandis,
1073 3783 1140 3860 per
1156 3753 1391 3829 diffinitivam
1407 3755 1637 3831 sentenciam
1654 3753 1959 3858 condempnavit,
1975 3777 2081 3855 emta
2103 3750 2192 3826 dicti
2206 3751 2277 3841 rei,

855 3901 1033 3992 tanquam
1054 3885 1101 3963 ab
1124 3885 1273 3992 iniqua,
1297 3885 1335 3960 in
1353 3903 1539 3992 quantum
1556 3903 1685 3962 contra
1705 3885 1821 3991 ipsos,
1839 3901 1877 3959 et
1889 3899 2120 3988 ‘procurator
2138 3899 2278 3972 noster,

796 4087 801 4104 ,
856 4016 895 4091 in
912 4035 1096 4124 quantum
1112 4035 1240 4094 contra
1261 4045 1348 4108 nos,
1366 4018 1414 4094 ad
1430 4035 1599 4094 nostram
1617 4016 1758 4094 curiam
1778 4014 2032 4121 appellarunt,
2052 4031 2094 4089 et
2113 4032 2281 4119 postmo-

856 4147 947 4225 dum
962 4148 1133 4256 judicem
1154 4148 1225 4226 sibi
1246 4150 1325 4225 dari
1344 4149 1610 4236 obtinuerunt,
1633 4150 1671 4223 in
1691 4175 1801 4224 causa
1816 4143 2086 4253 appellacionis
2099 4145 2277 4252 predicte,

855 4308 923 4383 per
938 4279 1170 4357 carissimum
1191 4281 1513 4390 consanguineum
1533 4298 1572 4357 et
1590 4279 1745 4356 fidelem
1765 4295 1939 4356 nostrum
1957 4278 2000 4352 R.
2024 4277 2201 4354 comitem
2216 4279 2281 4354 At-

854 4407 1124 4500 trebatensem,
1140 4429 1334 4490 tenentem
1350 4429 1439 4489 tunc
1452 4413 1578 4489 locum
1595 4428 1769 4487 nostrum
1784 4411 1825 4487 in
1838 4428 1937 4487 terra
1950 4411 2131 4487 Vasconis
2147 4427 2185 4485 et
2199 4426 2280 4486 toto

853 4539 995 4615 ducatu
1015 4541 1231 4648 Aquitanie3
1251 4543 1316 4647 qui
1333 4544 1451 4649 judex
1471 4545 1511 4620 in
1527 4571 1636 4621 causa
1650 4543 1754 4619 dicte
1763 4541 2034 4649 appellacionis
2047 4537 2276 4645 procederes

853 4671 992 4747 vocatis
1013 4671 1123 4749 dictis
1139 4672 1309 4778 partibus
1324 4691 1364 4749 et
1382 4701 1512 4750 eamm
1532 4674 1698 4752 articulis
1717 4675 1910 4761 admissis,
1929 4669 2226 4748 dellen‘sionibus
2241 4686 2280 4744 et

855 4799 1308 4910 allegacionibusauditis,
1321 4804 1481 4883 testibus
1491 4804 1913 4897 examinatis,coneluso
1921 4802 1962 4877 iu
1971 4797 2280 4906 negocio,adnos

855 4933 1000 5010 remisit
1022 4961 1218 5039 processus
1241 4951 1317 5012 tam
1338 4965 1446 5015 cause
1472 4937 1688 5046 principalis
1708 4964 1827 5043 quam
1855 4929 2278 5039 eciamuppellaoionis:

855 5063 950 5141 Visis
975 5065 1088 5172 igitur
1108 5085 1175 5173 per
1193 5067 1336 5143 curiam
1357 5086 1522 5146 nostram
1539 5070 1740 5176 utriusque
1760 5091 1868 5144 cause
1889 5062 2124 5170 processibus
2140 5078 2179 5138 et
2198 5059 2280 5136 dili-

854 5212 986 5303 genter
996 5197 1229 5285 examinatis,
1242 5197 1329 5284 suit,
1343 5225 1410 5303 per
1421 5201 1524 5277 curie
1535 5217 1663 5279 nostre
1668 5197 1874 5307 judicium,
1887 5195 1986 5271 dicta
1996 5191 2280 5270 sectandam

856 5327 1017 5420 firmata,
1040 5346 1077 5405 et
1096 5329 1403 5436 pronunciatum,
1424 5361 1492 5438 per
1503 5333 1605 5410 idem
1617 5329 1821 5440 judicium,
1839 5354 1922 5404 eam
1939 5323 2280 5402 etecucioniman-

856 5459 935 5536 dari
956 5458 1114 5554 debere,
1133 5461 1301 5568 predicta
1319 5463 1594 5568 appellacione,
1610 5480 1789 5568 tanqam
1805 5457 1984 5546 insolida,
2002 5456 2278 5534 nonobstante.
