5817 7292
831 1137 923 1219 us
982 1123 990 1130 ’
1379 1183 1405 1197 --
1432 1137 1524 1215 ens
1554 1135 1691 1216 otiu.

621 1301 751 1356 rernm
763 1297 808 1364 IV.
847 1274 924 1364 una
942 1299 1069 1394 parte,
1088 1298 1126 1362 et
1143 1277 1395 1363 Guillelnrum
1412 1283 1653 1376 Buticularii‚
1675 1283 1858 1374 militem,
1880 1312 1924 1362 ex
1944 1283 2075 1374 altera,
2097 1311 2208 1391 super
2227 1313 2272 1364 eo

681 1388 746 1436 ¹⁸⁰⁶*
847 1416 953 1525 quod
971 1409 1231 1493 tlicttismiles
1255 1414 1404 1492 dicebat
1430 1415 1534 1520 quod
1555 1415 1635 1522 ipse
1651 1433 1734 1492 erat
1755 1431 1791 1494 et
1809 1417 1869 1492 sui
1888 1416 2172 1522 predecessores
2194 1415 2275 1495 lue-

847 1564 931 1624 rant
949 1548 990 1624 in
1008 1549 1109 1626 bona
1125 1546 1260 1622 saisina
1279 1545 1445 1624 habendi
1464 1545 1578 1622 altam
1593 1545 1784 1652 justiciam
1807 1547 1847 1623 in
1871 1547 1957 1623 villa
1976 1546 2024 1623 de
2044 1547 2216 1625 Loirieco
2238 1565 2275 1626 et

845 1677 1035 1756 territorio
1050 1676 1239 1784 ejusdem,
1256 1705 1372 1783 quare
1391 1675 1546 1781 petebat
1564 1675 1883 1781 impedimentum
1901 1677 1970 1756 sibi
1991 1707 2105 1784 super
2119 1678 2193 1756 hoc
2207 1706 2275 1784 per
2388 1713 2390 1716 ·

845 1810 989 1886 dictum
1012 1807 1230 1914 episcopum
1246 1805 1459 1912 appositum
1479 1805 1664 1897 amoveri;
1687 1824 1725 1882 et
1745 1833 1766 1884 e
1786 1808 2058 1886 contradictus
2078 1807 2274 1917 episcopus

843 1939 1077 2049 proponebat
1096 1967 1135 2016 se
1156 1965 1237 2015 esse
1257 1955 1295 2014 et
1313 1938 1599 2044 predecessores
1618 1965 1707 2014 suos
1725 1936 1840 2017 fuisse
1862 1940 1900 2015 in
1922 1940 2056 2017 saisina
2080 1941 2179 2018 dicte
2200 1942 2273 2020 alte

838 2073 1006 2181 justicie,
1022 2088 1060 2148 et
1074 2070 1178 2177 quod
1193 2067 1297 2175 apud
1314 2097 1421 2158 eum,
1438 2068 1588 2146 racione
1608 2067 1767 2147 ecclesie
1785 2099 1872 2162 sue,
1891 2069 1990 2148 dicta
2003 2071 2138 2148 saisina
2155 2099 2275 2150 rema-

843 2226 934 2281 nere
952 2201 1129 2292 debebam
1148 2199 1285 2280 auditis
1304 2200 1392 2276 hinc
1411 2200 1502 2276 inde
1521 2201 1739 2308 propositis,
1760 2231 1828 2308 per
1848 2202 1946 2283 dicte
1963 2203 2064 2280 curie
2086 2203 2273 2310 episcopa-

843 2335 890 2412 lis
910 2333 1117 2442 'judicium
1144 2331 1385 2410 dictumluit
1407 2331 1514 2439 quod
1537 2327 1711 2438 predicte
1730 2331 1803 2408 alte
1823 2325 1974 2439 justicie
2000 2334 2133 2411 saisina
2156 2361 2272 2440 penes

845 2466 987 2542 dictum
1014 2465 1233 2571 episcopum
1257 2489 1450 2540 remanere
1479 2461 1655 2540 debebat.
1676 2461 1708 2538 Α
1732 2491 1807 2570 quo
1826 2461 2014 2570 judicato,
2034 2482 2226 2572 tamquam
2252 2493 2272 2540 a

843 2597 936 2674 falso
964 2613 1002 2673 et
1027 2621 1157 2701 pravo,
1180 2594 1303 2672 dictus
1327 2595 1436 2671 miles
1460 2595 1508 2670 ad
1534 2611 1700 2672 nostram
1723 2594 1864 2672 ¹curiam
1890 2596 2106 2703 appellavit:
2125 2595 2274 2673 Auditis

816 2732 821 2741 '
844 2728 968 2834 igitur,
994 2727 1034 2802 in
1061 2753 1171 2802 causa
1195 2724 1462 2832 appellacionis
1488 2726 1674 2830 predicte,
1701 2753 1770 2832 per
1794 2702 1936 2805 curiam
1960 2744 2142 2815 nostram,
2164 2725 2274 2802 dictis

843 2857 1027 2964 partibus,
1044 2851 1184 2935 'et‘viso
1204 2851 1382 2964 processu
1399 2883 1513 2965 super
1531 2858 1604 2935 hoc
1620 2857 1749 2936 habito
1769 2859 1868 2934 inter
1882 2857 1998 2936 dictae
2016 2875 2141 2964 partes
2157 2855 2196 2932 in
2211 2885 2275 2932 cu·

843 2991 898 3066 ria
915 2989 1066 3096 speciali
1087 2986 1269 3096 predicta,
1286 3016 1354 3095 per
1373 2990 1475 3067 curie
1498 3007 1624 3068 nostre
1641 2988 1850 3097 judicium,
1874 2990 2019 3067 dictum
2036 2989 2110 3066 fuit
2128 2987 2274 3095 predic-

843 3139 921 3198 tam
940 3121 1192 3228 episcopelem·
1207 3118 1351 3196 'curiam
1366 3119 1464 3196 male
1479 3119 1688 3224 judicasse,
1707 3121 1902 3197 etdictum
1918 3120 2079 3197 militem
2094 3119 2193 3196 bene
2208 3145 2273 3224 ap-

843 3250 1019 3358 pellasse,
1038 3267 1076 3326 et
1091 3250 1196 3355 quod
1215 3247 1529 3354 impedimentum
1551 3249 1786 3326 amovebitur
1805 3279 1873 3353 per
1892 3250 2035 3326 dictum
2054 3250 2272 3355 episcopum

844 3381 1057 3487 appositum
1077 3380 1202 3456 eidem
1225 3377 1335 3453 militi
1354 3378 1394 3452 in
1413 3377 1547 3454 saisina
1566 3378 1639 3455 alte
1656 3378 1806 3484 justicie
1825 3379 2006 3485 predicte.

901 3509 1076 3588 Mercurii
1096 3524 1182 3614 post
1200 3505 1434 3584 Trinitatem.

900 3639 1024 3719 Monoi
1044 3638 1256 3744 reportavit

902 3907 976 3982 tlt.
1007 3904 1105 3982 Cum
1121 3904 1226 4010 prior
1239 3901 1568 3995 Pedii-Liborelli‚
1585 3902 1803 3980 senescallie
1821 3903 2106 3997 Xanctonensis,
2124 3905 2172 3983 de
2189 3937 2271 4014 spe·

847 4035 931 4112 ciali
955 4036 1069 4143 garda
1086 4033 1238 4112 domini
1259 4035 1387 4142 Regis,
1410 4035 1559 4112 racione
1586 4035 1799 4112 monasterii
1821 4034 2072 4129 Bone-Vallis,
2095 4040 2269 4132 existens,

848 4163 1077 4276 conquestus
1102 4162 1245 4247 luisset
1264 4163 1326 4243 de·
1339 4165 1514 4272 pluribus
1543 4165 1715 4274 gravibus
1743 4166 1906 4274 injuriis,
1934 4168 2210 4275 gravaminibus
2236 4190 2273 4249 et

846 4297 1068 4389 ridlenciise
1078 4299 1150 4376 sibi
1160 4315 1210 4376 et
1222 4299 1401 4405 *gentihus
1414 4299 1510 4389 suis,
1528 4327 1570 4376 ac
1585 4297 1767 4377 Ganlrido
1782 4299 1923 4388 Rotier,
1942 4301 2114 4378 servienti
2130 4301 2271 4380 domini

847 4432 973 4536 Regis,
985 4431 1066 4508 sibi
1087 4423 1267 4535 deputato
1287 4427 1334 4507 ad
1354 4429 1667 4538 ejuseustodiam
1686 4457 1755 4537 per
1774 4429 2019 4508 senescallum
2040 4434 2273 4512 Xanctonen·

846 4559 945 4650 sem,
958 4562 1094 4639 virtute
1108 4561 1389 4668 urendetiqued
1399 4561 1625 4667 per-litteras·
1634 4561 1780 4639 domini
1794 4561 1904 4670 Regis
1918 4555 2124 4668 receperat,
2141 4563 2270 4653 illatis,

849 4709 892 4770 ut
905 4693 1068 4784 dicebat,
1085 4691 1391 4799 per-(lanfridum
1401 4692 1559 4798 Vigerii,
1576 4693 1779 4770 dominum
1791 4694 2048 4770 Donne-Petre
2061 4692 2100 4768 in
2110 4693 2269 4785 Alnisio,

742 4865 747 4873 ·
848 4822 1063 4901 senescullie
1078 4820 1437 4930 predicte,=Helyam
1459 4823 1506 4899 de
1522 4825 1637 4931 Faya,
1659 4824 1740 4932 ejus
1757 4823 1926 4911 fratrem,
1949 4851 1991 4899 ee
2010 4823 2205 4902 Metheum
2223 4823 2271 4904 de

849 4955 970 5043 Dolis,
993 4953 1084 5032 dicti
1109 4953 1252 5033 domini
1280 4954 1514 5060 prepositum
1542 4972 1580 5031 et
1605 4949 1833 5033 allocetum:
1855 4954 2046 5045 Tandem,
2069 4984 2181 5062 super
2195 4957 2273 5035 'hoc

849 5086 984 5164 vocatis
1007 5085 1189 5192 partibus,
1216 5085 1396 5194 inquisita
1421 5086 1569 5192 plenius
1595 5087 1878 5194 veritate,·quia
1899 5087 2090 5179 inventum
2115 5105 2170 5166 est
2188 5116 2274 5194 pre-

848 5215 964 5294 dictas
997 5218 1152 5325 injurias
1185 5234 1222 5296 et
1255 5218 1456 5296 violencias
1486 5217 1715 5295 sufficienter
1743 5246 1823 5296 esse
1854 5218 2043 5325 probatas,
2074 5247 2143 5324 per
2171 5217 2272 5296 curie

847 5331 984 5427 nostre²³
989 5348 1194 5456 judicium,
1219 5350 1363 5426 dictum
1381 5349 1454 5425 suit
1479 5350 1586 5456 quod
1606 5350 1727 5428 dictus
1747 5349 1926 5427 dominus
1945 5348 2114 5453 predicto
2134 5347 2270 5453 priori,

846 5494 914 5583 pro
935 5480 1106 5589 dampnis
1125 5479 1221 5571 suis,
1243 5479 1378 5558 reddet
1397 5480 1578 5559 ducentas
1594 5481 1708 5559 libras
1727 5479 1982 5570 Turonenses‚
2006 5477 2182 5586 dictoque
2202 5507 2274 5557 ser-
