5817 7292
1048 1076 1315 1186 nuoutsns
1341 1095 1404 1168 na
1430 1076 1637 1170 raucas
1981 1097 2050 1171 sn

635 1237 743 1333 cerii,
754 1235 1134 1346 GuillelmusEgidii,
1153 1235 1215 1314 isti
1226 1253 1303 1314 tres
1314 1235 1679 1328 suntlilii-lamilias,
1697 1251 1735 1312 et
1749 1235 1909 1340 quilibet
1923 1265 2055 1314 eorum
2095 1246 2225 1304 Parnm
2236 1247 2278 1310 tv,

634 1371 675 1448 in
691 1397 837 1448 carcere
857 1367 1092 1446 detinebitur
1105 1396 1304 1476 quousque
1317 1366 1477 1472 quilibet
1498 1367 1721 1446 eorumdem
1741 1367 1927 1474 sexaginta
1941 1366 2055 1446 libras
2158 1339 2219 1383 ¹³⁰⁸

633 1501 874 1580 Turonenses
893 1499 1066 1590 solverit;
1091 1498 1222 1578 Vitalis
1250 1497 1379 1586 Fabri,
1404 1497 1629 1605 quingentas
1651 1495 1766 1573 libras
1791 1497 2052 1586 Turonenses,

632 1633 845 1712 bernardus
865 1633 1063 1739 Stephani,
1084 1632 1308 1740 quingentas
1327 1630 1442 1708 libras
1462 1632 1722 1718 Turoneuses‚
1744 1627 1965 1737 Austorgius
1984 1630 2059 1708 Co·

633 1761 807 1850 lombeti,
834 1761 1125 1871 quadringentas
1150 1761 1265 1839 libras
1289 1764 1546 1850 Turonenses,
1569 1757 1799 1839 Guillelmus
1819 1757 2055 1850 Columbeti,

632 1893 722 1972 alias
738 1892 862 1971 dictus
877 1894 1051 1980 Masona,
1068 1891 1248 1969 ducentas
1267 1891 1382 1969 libras
1394 1894 1656 1979 Turonenses,
1674 1904 1712 1966 et
1725 1918 1812 1966 cum
1825 1889 1899 1966 boc
1920 1889 2057 1966 domus

632 2054 714 2117 sua,
736 2024 803 2102 ubi
828 2023 931 2101 curia
949 2022 1165 2101 communis
1186 2021 1398 2109 tenebatur,
1421 2020 1687 2100 conliscabitur
1705 2047 1774 2126 pro
1796 2047 1841 2096 eo
1861 2019 1949 2126 quia
1969 2049 2056 2126 pre-

631 2183 717 2233 sens
737 2155 778 2230 in
797 2153 1052 2232 invasionibus
1067 2147 1246 2259 predictis
1259 2151 1448 2240 interfuit,
1467 2167 1504 2228 et
1519 2149 1662 2261 pluries
1677 2149 1750 2226 alta
1762 2177 1852 2228 voce
1865 2149 2054 2228 clamavit:

633 2286 884 2363 «Destruatur
897 2284 1036 2362 domus
1050 2281 1282 2373 communis,
1304 2281 1393 2388 quia
1402 2310 1487 2358 mea
1503 2297 1574 2370 est,
1590 2297 1628 2358 et
1640 2280 1850 2358 moriantur
1863 2279 1919 2356 illi
1936 2280 1983 2358 de
1999 2311 2057 2359 re-

632 2413 754 2523 ·galia
773 2415 839 2522 qui
860 2415 963 2492 intus
977 2418 1114 2491 suntl·
1139 2412 1370 2490 bertrandus
1386 2412 1435 2489 de
1455 2409 1577 2518 Aqua,
1600 2412 1782 2490 ducentas
1799 2409 1929 2504 libras,
1947 2414 2055 2519 Hugo

630 2545 841 2654 Pelegriui,
862 2561 1015 2622 centum
1036 2544 1166 2633 libras,
1188 2544 1323 2620 Petrus
1349 2541 1595 2648 Tranquerii,
1619 2541 1805 2649 sexaginta
1830 2540 1961 2632 libras,
1988 2544 2057 2620 Pe-

629 2694 711 2754 trus
728 2675 841 2753 Boaci
861 2692 1013 2754 centum
1031 2674 1164 2762 libras,
1181 2672 1413 2751 Guillelmus
1428 2673 1476 2748 de
1495 2671 1626 2761 Villae,
1640 2671 1794 2779 triginta
1808 2670 1937 2760 libras,
1955 2671 2057 2750 Guil-

629 2804 768 2882 lelmus
779 2803 950 2894 Cristini,
962 2804 1114 2912 triginta
1130 2801 1261 2894 libras,
1272 2802 1503 2879 Bertrandus
1510 2800 1647 2892 Gaieti,
1659 2800 1788 2906 viginti
1803 2799 1932 2889 libres,
1950 2800 2057 2879 Guil-

629 2937 768 3016 lelmus
780 2937 936 3043 Floreti,
952 2936 1083 3045 viginti
1098 2936 1229 3025 libras,
1245 2936 1377 3011 Petrus
1392 2932 1502 3020 Gras,
1518 2930 1556 3009 lo
1571 2931 1723 3020 Bastier,
1739 2931 1926 3038 sexaginta
1942 2931 2056 3012 libras

629 3071 887 3159 Turonenses,
903 3068 1116 3146 Bernardus
1129 3067 1240 3159 Grae,
1256 3063 1445 3171 sexaginta
1455 3061 1585 3153 libras,
1599 3062 1730 3143 Vitalis
1744 3062 1791 3140 de
1806 3061 1939 3156 Villas,
1954 3091 2056 3141 sexa-

629 3203 731 3311 ginta
749 3200 866 3279 libras
881 3202 1121 3277 Turonenses
1140 3195 1365 3305 persolvent.
1383 3194 1440 3271 De
1461 3193 1620 3300 pecunia
1638 3221 1726 3272 vero
1746 3193 1959 3300 supradicta
1979 3222 2056 3270 ma-

628 3333 744 3442 gister
757 3330 1020 3439 Raymundus,
1040 3329 1165 3406 locum
1185 3345 1321 3404 tenens
1338 3322 1465 3402 ballivi
1488 3324 1717 3411 communis,
1737 3352 1806 3430 pro
1827 3324 1963 3433 injuria
1983 3325 2053 3403 sibi

628 3463 721 3541 lacta
737 3461 893 3540 habebit
909 3477 1061 3538 centum
1078 3458 1209 3547 libras,
1230 3472 1268 3533 et
1287 3453 1451 3533 serviens
1472 3453 1574 3530 curie
1595 3453 1826 3541 communis,
1843 3454 1908 3559 qui
1925 3453 1996 3536 luit
2015 3454 2054 3530 in

629 3594 748 3702 capite
766 3590 995 3683 vulneratus,
1012 3588 1184 3681 babebit,
1201 3614 1270 3694 pro
1288 3584 1427 3694 injuria
1444 3583 1517 3662 sibi
1534 3583 1645 3674 lacta,
1661 3583 1906 3692 quadraginta
1926 3583 2051 3662 libras.

595 3787 603 3804 .
684 3725 727 3802 ln
746 3722 889 3803 octabis
901 3721 1051 3798 Pasche.

684 3852 869 3931 Thibotot
886 3850 1099 3958 reportavit.

634 4071 642 4090 ,
686 3971 866 4090 sequitu
885 3963 987 4060 nua'
1001 3981 1107 4089 quoa
1131 3995 1261 4087 postea
1279 4006 1394 4085 super
1414 3979 1492 4060 nor,
1508 3979 1725 4056 ordinatum
1744 3973 1836 4052 nia:

685 4115 744 4193 Ad
763 4131 956 4223 requestas
980 4141 1072 4219 quas
1098 4110 1203 4188 curie
1228 4108 1388 4188 laciebat
1407 4107 1604 4216 episcopus
1624 4105 1873 4194 Mimatensis,
1899 4132 1968 4211 per
1993 4134 2053 4183 cu-

630 4245 742 4339 riam,
755 4244 899 4321 dictum
909 4243 982 4321 luit
994 4241 1098 4349 quod
1113 4243 1193 4348 ipse
1208 4255 1337 4318 contra
1347 4239 1576 4318 adversarios
1591 4265 1677 4316 suos
1690 4236 1904 4345 adjornatos
1918 4252 1956 4313 et
1969 4263 2053 4312 con-

629 4392 797 4454 tumaces
806 4372 960 4452 babebit
975 4372 1187 4462 delectum,
1205 4388 1242 4449 et
1258 4371 1392 4448 iterato
1403 4369 1620 4446 citabuntur
1633 4395 1746 4474 super
1760 4366 1923 4445 utilitate
1939 4393 2051 4471 quam

630 4506 725 4614 petit
743 4507 867 4583 dictus
886 4505 1087 4612 episcopus
1107 4533 1151 4581 ex
1170 4503 1322 4580 delectu
1341 4501 1524 4609 predicto.

685 4638 797 4726 Item,
813 4664 928 4744 super
940 4635 1139 4713 concordia
1153 4634 1193 4710 in
1206 4633 1307 4709 curia
1321 4631 1415 4708 lacta
1428 4632 1528 4708 inter
1546 4630 1669 4738 ipsum
1685 4645 1722 4706 et
1739 4627 1923 4735 quosdam
1941 4627 2049 4716 alios,

631 4769 784 4847 dabitur
802 4767 874 4846 sibi
893 4767 1034 4857 littera,
1056 4782 1171 4872 prout
1189 4763 1270 4841 lieri
1293 4762 1459 4842 debebit.

686 4901 797 4989 Item,
817 4900 865 4978 de
884 4895 1205 4976 condemnacionc
1225 4894 1441 5002 pecuniaria
1450 4921 1518 4999 per
1529 4891 1671 4969 curiam
1687 4890 1799 4979 lacta,
1816 4889 1969 4966 racione
1983 4891 2055 4966 vio

630 5031 837 5110 lenciarum
848 5049 887 5108 et
901 5028 1125 5138 injuriarum
1135 5027 1323 5104 illatarum
1335 5025 1437 5132 apud
1449 5023 1699 5132 Marologium
1712 5020 1936 5100 officialibus
1952 5047 2055 5096 com·

631 5163 758 5240 munis
777 5162 880 5240 curie
901 5160 1046 5241 domini
1064 5157 1174 5266 Regis
1190 5175 1228 5235 et
1245 5157 1336 5234 dicti
1354 5156 1539 5262 episcopi,
1561 5155 1662 5232 idem
1684 5153 1880 5261 episcopus
1902 5149 2055 5226 habebit

631 5292 889 5384 medietatem,
907 5309 946 5370 et
964 5289 1137 5368 similiter
1155 5287 1224 5366 fiet
1241 5289 1280 5364 in
1301 5286 1490 5365 similibus
1510 5285 1676 5374 casibus,
1700 5284 1729 5360 si
1744 5301 1782 5360 et
1796 5280 1950 5390 quando
1971 5305 2054 5355 eve·

631 5423 756 5502 neunt
774 5412 877 5530 apud
894 5422 1105 5500 Mimatum.
