5817 7292
879 1133 902 1208 8
1458 1135 1549 1208 LES
1577 1131 1721 1210 OLIM.

653 1289 785 1342 rarum
797 1287 842 1352 tv,
879 1277 967 1356 dam
986 1277 1152 1386 magistri
1169 1275 1312 1356 Gaiteri
1332 1275 1379 1354 de
1397 1275 1540 1385 Folloy,
1561 1276 1666 1384 quod
1679 1291 1830 1383 pratum
1845 1273 1962 1355 fuisse
1983 1275 2120 1355 dicitur
2132 1279 2232 1358 Petri
2253 1281 2300 1359 de

714 1379 776 1422 Μ’
878 1409 1233 1516 Sancto-Fussyano,
1249 1425 1330 1486 orta
1350 1406 1481 1486 fuisset
1499 1409 1667 1516 questi03
1687 1435 1757 1515 pro
1778 1433 1824 1484 eo
1844 1406 1949 1514 quod
1963 1407 2087 1485 dictus
2106 1409 2303 1517 episcopus

877 1539 1064 1618 asserebat
1084 1539 1227 1616 dictum
1244 1555 1394 1645 pratum
1415 1539 1530 1615 situm
1550 1565 1632 1616 esse
1650 1538 1691 1614 in
1708 1553 1808 1614 terra
1827 1554 1948 1615 suaet
1964 1536 2060 1615 infra
2078 1537 2176 1618 fines
2193 1544 2305 1619 terri·

875 1669 962 1748 torii
986 1669 1262 1762 Ambianensis,
1290 1669 1329 1745 in
1353 1697 1429 1776 quo
1448 1669 1530 1776 ipse
1555 1670 1752 1776 episcopus
1772 1685 1811 1745 et
1829 1668 1887 1746 sui
1908 1643 2193 1775 predecessores
2213 1701 2303 1752 con·

875 1821 1079 1880 sueverunt
1106 1801 1368 1880 omnimodam
1392 1799 1504 1877 altam
1531 1817 1570 1877 et
1594 1801 1741 1879 bassam
1766 1801 1909 1880 habere
1928 1800 2239 1908 jurisdicionem,
2266 1825 2304 1883 et

875 1935 927 2009 sio
951 1932 1094 2010 dictum
1120 1949 1271 2039 pratum
1296 1959 1340 2007 er
1361 1929 1594 2008 forisfactura
1616 1930 1734 2040 ipsius
1757 1931 1858 2008 Petri
1880 1930 1930 2008 ad
1949 1932 2131 2010 eumdem
2157 1936 2303 2042 episco-

874 2092 968 2170 pum
981 2064 1169 2171 pertinere
1185 2061 1343 2150 debere3
1364 2079 1402 2138 et
1418 2089 1462 2138 ex
1475 2061 1650 2151 adverso,
1672 2061 1795 2139 dictus
1808 2060 1967 2138 ballivus
1981 2082 2211 2169 proponeret
2226 2066 2302 2144 dic-

874 2212 957 2272 tum
977 2213 1125 2302 pratum
1145 2195 1261 2271 situm
1282 2219 1363 2270 esse
1382 2191 1479 2268 infra
1499 2192 1731 2270 scabinatum
1752 2191 2065 2284 Ambianensem,
2088 2210 2188 2270 extra
2206 2193 2302 2274 fines

873 2326 1051 2402 territorii
1071 2326 1119 2402 de
1132 2326 1308 2430 Hoqueto
1326 2321 1427 2399 etde
1448 2323 1697 2412 Rite-Boura,
1713 2339 1753 2399 et
1767 2324 1909 2432 Regem
1924 2350 2005 2401 esse
2019 2323 2060 2398 in
2078 2324 2300 2405 saisinaaite

871 2456 1021 2564 justicie
1047 2471 1085 2532 et
1108 2451 1428 2532 forisfacturarum
1448 2453 1489 2529 in
1513 2453 1616 2532 dicto
1639 2453 1834 2532 scabinatu
1856 2481 1923 2530 seu
1945 2452 2038 2532 locis
2056 2453 2191 2534 similis
2211 2483 2301 2532 oon-

875 2587 1053 2676 dicionis,
1071 2603 1124 2674 et,
1144 2585 1195 2663 ob
1219 2586 1308 2672 hoc,
1333 2584 1459 2690 ipsum
1482 2600 1634 2690 pratum
1655 2613 1699 2662 er
1726 2584 1825 2662 dicta
1845 2583 2077 2662 forisfactura
2096 2585 2145 2663 ad
2160 2589 2301 2694 Regem

876 2717 1079 2822 pertinere,
1095 2731 1133 2792 et
1143 2715 1216 2793 sibi
1231 2742 1426 2792 remanere
1441 2713 1602 2792 debere:
1619 2715 1809 2804 Tandem,
1821 2715 1960 2792 vocatis
1974 2715 2145 2822 partibus
2155 2734 2193 2795 et
2204 2717 2303 2795 suffi-

875 2851 1018 2927 cienter
1044 2847 1200 2937 auditis,
1225 2847 1302 2924 visa
1326 2844 1444 2922 eciam
1468 2846 1642 2953 inquesta
1666 2873 1780 2952 super
1806 2845 1880 2923 hoc
1904 2843 2015 2932 facta,
2048 2846 2303 2955 omnibusque

875 2983 946 3059 rite
961 2981 1068 3068 actis,
1089 3008 1159 3085 per
1173 2977 1275 3055 curie
1290 2976 1481 3084 judicium
1497 2975 1792 3083 pronunciatum
1810 2974 1882 3052 fuit
1896 2973 2001 3082 quod
2022 2976 2146 3054 dictus
2162 2977 2305 3085 episco-

875 3141 946 3218 pus
966 3111 1221 3188 intencionem
1242 3135 1349 3185 suam
1369 3134 1447 3184 non
1467 3105 1705 3210 probaverat,
1734 3123 1772 3182 et
1795 3104 1883 3182 ideo
1905 3104 2007 3183 curia
2031 3107 2177 3186 dictum
2196 3108 2304 3186 batti-

876 3271 965 3318 vum
985 3239 1160 3328 absolvit,
1178 3236 1225 3314 ab
1241 3233 1485 3341 impeticione
1504 3233 1669 3344 episcopi
1689 3233 1899 3312 memorati.

933 3507 993 3584 XI.
1025 3505 1123 3598 Cum
1142 3507 1246 3615 prior
1261 3524 1299 3586 et
1317 3524 1524 3586 conventus
1539 3507 1587 3586 de
1602 3505 1707 3587 Cella
1727 3509 1767 3585 in
1785 3510 1897 3618 Brya,
1921 3509 2089 3587 diceutes
2104 3534 2144 3586 se
2162 3532 2241 3585 esse
2260 3507 2300 3583 in

876 3637 974 3714 bona
987 3639 1120 3716 saisina
1131 3638 1203 3716 alte
1219 3655 1257 3716 et
1270 3638 1377 3716 basse
1388 3638 1539 3746 justicie
1552 3639 1595 3716 -in
1612 3639 1700 3717 villa
1715 3667 1789 3748 que
1801 3636 2298 3743 diciturVa'lier·Templom,

877 3786 992 3854 etse,
1016 3770 1165 3847 racione
1189 3769 1359 3876 specialis
1384 3771 1500 3878 garde
1525 3786 1668 3861 nostre,
1693 3770 1833 3850 debere
1855 3789 1895 3848 et
1912 3786 2112 3847 consuetos
2134 3793 2214 3844 esse
2233 3795 2302 3874 per

875 3898 1120 3976 Parisiensem
1149 3901 1382 4006 prepositum
1412 3900 1590 4006 gardiari,
1620 3918 1943 4009 conquererentur
1970 3899 2019 3976 de
2044 3897 2183 3976 ballivo
2208 3897 2302 3975 Tre·

875 4030 976 4107 censi
992 4046 1030 4107 et
1045 4031 1127 4138 ejus
1139 4030 1331 4138 preposito
1347 4031 1395 4108 de
1405 4031 1683 4123 Columberiis,
1699 4031 1782 4139 qni,
1796 4049 1839 4107 ut
1852 4029 2043 4118 dicebant,
2056 4028 2301 4134 impediendo

874 4189 988 4266 super
1012 4161 1087 4239 biis
1111 4163 1230 4240 dictos
1252 4162 1469 4270 religiosos,
1497 4162 1635 4270 injuste
1660 4161 1771 4238 etde
1796 4189 1891 4238 novo
1914 4159 2096 4267 quasdam
2114 4161 2229 4269 prisia
2247 4159 2300 4237 se-

875 4311 1003 4369 cerant
1017 4293 1162 4370 ibidem
1173 4291 1419 4402 justiciando,
1437 4311 1684 4401 peterentque
1700 4292 1832 4398 prisias
1846 4291 2071 4402 hujusmodi
2086 4291 2179 4371 sibis
2191 4290 2298 4368 reddi

875 4448 943 4525 per
962 4449 1115 4498 manum
1137 4423 1226 4502 dicti
1247 4423 1465 4502 Parisiensis
1483 4425 1663 4532 prepositi
1686 4424 1745 4500 vel
1767 4443 1953 4516 nostram3
1973 4442 2013 4503 et
2032 4453 2053 4502 e
2073 4441 2201 4502 contra
2224 4422 2301 4499 dio·

875 4569 937 4630 tus
957 4551 1135 4643 ballivus,
1159 4554 1309 4632 racione
1331 4555 1553 4663 Campanis,
1575 4556 1720 4634 diceret
1740 4585 1781 4635 se
1802 4585 1883 4636 esse
1905 4558 1946 4634 in
1969 4554 2205 4663 possessione
2226 4553 2299 4629 alte

876 4697 915 4759 et
938 4682 1046 4762 basse
1067 4684 1216 4793 justicie
1245 4685 1284 4762 in
1309 4686 1394 4764 villa
1415 4686 1582 4794 predicta
1591 4677 1610 4777 ,‘
1628 4705 1668 4764 et
1685 4715 1726 4765 se
1745 4715 1826 4766 non
1844 4685 1966 4764 teneri
1991 4684 2040 4761 ad
2059 4679 2298 4759 reddendum

875 4814 1007 4922 prisias
1039 4814 1273 4895 antedictas:
1303 4817 1492 4909 Tandem,
1524 4819 1662 4897 auditis
1693 4817 1909 4896 racionibus
1941 4812 2109 4920 parcium
2139 4809 2228 4887 hinc
2261 4827 2300 4886 et

875 4945 982 5036 inde,
1012 4964 1050 5025 et
1075 4947 1162 5026 visis
1192 4946 1341 5027 duabus
1369 4947 1706 5029 informacionibus
1736 4975 1851 5054 super
1876 4944 1952 5022 boc
1977 4940 2101 5030 factis,
2131 4967 2207 5017 una
2232 4967 2300 5046 per

874 5075 914 5151 P.
937 5076 1093 5169 Saimel,
1118 5095 1210 5157 tunc
1232 5078 1412 5157 ballivum
1435 5081 1683 5174 Trecensem,
1706 5094 1743 5155 et
1760 5077 1832 5155 alia
1857 5100 1926 5180 per
1943 5069 2179 5180 prepositum
2198 5069 2300 5148 Pari·

875 5205 1053 5302 siensem,
1071 5209 1129 5286 vel
1150 5237 1219 5315 per
1236 5209 1434 5314 deputatos
1453 5211 1502 5289 ab
1522 5205 1628 5320 ipsis,
1644 5239 1714 5318 per
1728 5207 1833 5284 curie
1854 5219 1984 5282 nostre
1999 5201 2207 5310 judicium,
2227 5201 2310 5278 dic'

874 5355 956 5417 tum
985 5337 1057 5416 fuit
1083 5336 1203 5446 quod,
1233 5336 1402 5415 totaiiter
1429 5341 1607 5421 anullatis
1632 5335 1969 5418 informationibus
1998 5349 2037 5412 et
2062 5331 2300 5441 processibus

876 5467 1092 5558 antedictis,
1116 5467 1245 5546 dictus
1270 5463 1430 5546 ballivus
1453 5470 1623 5550 resaisiet
1648 5467 1792 5555 dictum
1818 5463 1946 5544 locum
1973 5461 2021 5542 de
2048 5461 2174 5569 prisiis
2198 5476 2301 5540 ante-
