5817 7292
1032 1114 1296 1220 saoneres
1322 1134 1388 1206 ur
1412 1118 1618 1207 rauche.
1966 1134 2042 1211 tos

615 1271 747 1377 pisset,
767 1270 865 1378 ipses
884 1272 1069 1351 tamenin
1091 1301 1267 1379 processu
1288 1274 1459 1382 predicto
1481 1274 1684 1353 couleesata
1699 1275 1773 1353 luit
1792 1300 1852 1366 se,
1869 1293 2042 1385 tempme
2082 1285 2269 1350 Percurre,

615 1402 747 1480 mortis
765 1402 854 1479 dicti
869 1403 1053 1511 Philippi,
1075 1404 1177 1512 apud
1191 1434 1231 1484 se
1247 1406 1405 1497 hahere,
1424 1434 1512 1485 cum
1526 1407 1576 1483 de
1591 1408 1753 1485 summis
1771 1408 1949 1514 predictis
1964 1410 2043 1515 ipsa
2144 1376 2209 1421 m

615 1533 654 1611 in
674 1533 880 1612 inventario
900 1535 1070 1641 predicto
1091 1536 1234 1613 nullum
1254 1536 1386 1615 lecerit
1409 1538 1667 1626 mensionem,
1692 1554 1769 1614 tam
1792 1555 1976 1644 qrraumm
1997 1540 2045 1617 ad

614 1680 760 1769 partem
775 1694 881 1745 suam
896 1695 979 1743 eam
995 1668 1035 1745 in
1050 1667 1229 1774 predictis
1242 1670 1402 1747 summis
1416 1670 1712 1777 contingentem,
1729 1696 1844 1775 Qum
1858 1686 2044 1775 quantum

534 1860 537 1865 .
615 1795 664 1873 rd
683 1798 929 1875 commodum
955 1796 1205 1887 neminimus,
1231 1799 1359 1905 quoad
1380 1817 1526 1907 partem
1546 1799 1736 1877 dictorum
1759 1798 1948 1877 heredum
1973 1798 2044 1878 sibi

615 1953 683 2031 per
695 1926 844 2004 dictum·
854 1926 1074 2005 defunctum
1088 1928 1223 2022 relicti,
1239 1932 1391 2035 penitus
1404 1933 1587 2022 amisisse,
1602 1948 1642 2008 et
1655 1931 1796 2007 dehere
1806 1931 1952 2036 integre
1965 1958 2047 2036 pre·

616 2056 726 2135 dictis
737 2058 856 2165 ltlclye
868 2059 1023 2164 suisque
1035 2060 1287 2137 coheredibus
1300 2062 1493 2167 applicari,
1507 2063 1546 2137 in
1558 2061 1643 2138 aliis
1652 2088 1742 2137 vero
1756 2062 2047 2171 quadringentas

617 2186 693 2264 duo
710 2206 748 2265 et
760 2190 963 2295 nonaginta
980 2189 1085 2267 libris
1099 2191 1317 2297 quindecim
1330 2192 1461 2270 solidis
1474 2220 1553 2271 uno
1569 2192 1724 2271 denario
1737 2194 2044 2286 Turonensihus,

615 2345 706 2422 quae
720 2334 890 2424 tempore
902 2317 991 2397 lacti
1007 2318 1098 2397 dicti
1112 2321 1324 2412 inventarii,
1339 2324 1688 2429 propterdehutum
1704 2324 1889 2431 parcium,
1905 2341 1948 2401 ut
1961 2352 2048 2432 pree

615 2448 789 2537 mittitur,
811 2450 851 2525 in
872 2479 988 2527 manu
1006 2469 1132 2529 nostra
1149 2454 1303 2531 tenebat
1328 2454 1540 2559 prepositus
1560 2455 1797 2544 Parisieusii,
1820 2472 1859 2531 et
1878 2454 1917 2531 in
1936 2455 2046 2535 bonis

570 2626 574 2635 ·
615 2577 698 2659 aliis
712 2578 891 2657 omnihus
906 2608 984 2658 nou
1003 2581 1146 2670 celatis,
1163 2582 1237 2659 fuit
1254 2583 1352 2665 dicte
1368 2584 1593 2691 Margarete,
1613 2612 1684 2690 pro
1696 2602 1802 2690 parte
1820 2585 1937 2690 ipsam
1954 2612 2046 2663 cou-

615 2709 803 2815 tingente,
821 2709 1004 2815 peridem
1020 2712 1124 2789 curie
1141 2730 1269 2791 nostre
1282 2712 1489 2820 judicium,
1506 2714 1708 2805 medietas,
1727 2733 1766 2792 et
1779 2715 1849 2791 alia
1862 2716 2047 2794 medietas

617 2839 726 2917 dictis
753 2840 960 2919 heredibus
982 2840 1219 2948 adjudicata;
1249 2843 1288 2919 in
1313 2861 1418 2951 parte
1443 2872 1532 2921 vero
1556 2844 1723 2951 predicta
1747 2844 1867 2922 dictos
1889 2845 2044 2953 llelyam

618 2970 900 3079 coheredesquc
919 3000 1009 3051 suos
1026 2972 1066 3049 in
1089 2974 1198 3053 dictis
1213 2974 1329 3052 bouis
1347 3002 1425 3052 nou
1440 2974 1618 3051 ¹recolatis
1634 2975 1894 3083 contingente,
1914 3005 2047 3053 usum·

616 3099 778 3180 trucem
800 3132 843 3181 ex
859 3104 1069 3183 donacione
1084 3104 1269 3210 predicta,
1287 3108 1361 3183 vita
1379 3107 1535 3194 comite,
1552 3106 1733 3184 retinebit
1747 3108 1880 3185 eadem
1904 3109 2048 3216 Marga-
2098 3126 2105 3136 ’

616 3248 709 3324 reta,
727 3252 765 3311 ct
782 3234 965 3340 prestabit
983 3236 1198 3313 concionem
1215 3236 1475 3347 ydoneamde
1490 3234 1600 3313 dictis
1618 3239 1866 3343 pecuniarum
1885 3240 2045 3315 summis

616 3378 759 3468 purtem
783 3363 971 3441 dictorum
993 3366 1181 3443 heredum
1203 3366 1528 3473 contingentibus,
1549 3383 1594 3443 ut
1616 3365 1830 3472 predictum
1852 3384 1930 3455 eet,
1956 3368 2045 3445 red·

616 3491 755 3572 dendie
776 3495 941 3587 eisdem3
968 3513 1007 3573 et
1031 3497 1266 3589 demendo,
1293 3496 1476 3589 fruendo,
1502 3493 1659 3574 arbitrio
1682 3497 1775 3575 honi
1797 3496 1885 3585 viri,
1911 3498 2045 3578 ceteris

616 3624 726 3704 bonis
748 3628 948 3719 omuibus,
974 3628 1084 3705 dictis
1108 3628 1361 3707 coheredibus
1384 3657 1453 3735 pro
1476 3647 1582 3735 parte
1606 3654 1741 3707 eorum
1766 3628 1989 3736 adjudicatis
2009 3647 2046 3707 et

617 3754 760 3833 eisdem
775 3758 1034 3847 restituendis,
1050 3786 1094 3835 ac
1105 3756 1294 3837 detulere
1307 3760 1498 3839 bononem
1511 3759 1769 3866 predictorum
1783 3786 1858 3864 que
1870 3786 1942 3836 usu
1957 3784 2046 3835 cou-

617 3903 832 3975 sumuntur,
850 3887 1056 3967 heredibus
1076 3890 1221 3967 eisdem
1240 3888 1449 3966 reddendo.
1549 3898 1559 3917 ‘

671 4017 771 4093 lovis
789 4034 877 4123 post
894 4020 1027 4097 Latere
1046 4019 1267 4103 Jerusalem.

673 4146 718 4227 G.
742 4147 790 4226 de
807 4150 904 4231 Ueco
924 4148 1167 4258 [reportavitl.

673 4411 817 4489 Lxxfl.
848 4408 945 4488 Cum
971 4410 1070 4488 inter
1089 4412 1283 4491 Othonem
1304 4412 1352 4491 de
1376 4412 1596 4504 Sedilhmo,
1616 4410 1878 4505 domicellum,
1900 4440 1944 4491 ex
1969 4442 2043 4491 una

618 4556 740 4646 purte,
753 4540 990 4635 etooueules,
1004 4544 1285 4622 universitatem
1302 4562 1340 4623 et
1353 4544 1625 4623 hominesville
1638 4544 1822 4625 Salritatis
1834 4545 1882 4622 de
1903 4544 2042 4632 Gaurm

620 4698 665 4749 er
679 4672 811 4765 altera,
831 4674 870 4751 in
886 4672 1120 4753 Galhandum
1134 4675 1181 4753 de
1194 4676 1378 4755 Paelhaco
1393 4694 1432 4754 et
1450 4675 1714 4784 llaymondum
1729 4677 1777 4753 de
1790 4677 1951 4765 suano,
1965 4692 2045 4753 tan-

618 4830 731 4909 quam
759 4805 799 4882 iu
821 4806 997 4894 arbitros,
1024 4806 1278 4898 arbitratorea
1305 4836 1372 4887 seu
1399 4806 1614 4885 amicabiles
1637 4807 1908 4914 compositores
1933 4832 2047 4914 super

618 4931 759 5027 boetis,
772 4934 1065 5046 ohliie,agrariie
1077 4955 1123 5015 at
1141 4938 1221 5015 aliis
1238 4938 1414 5031 deveriie,
1431 4966 1525 5048 quas
1545 4957 1678 5046 etque
1697 4939 1801 5016 idem
1822 4938 2047 5018 domicellus

565 5160 571 5175 ι
619 5064 771 5168 petebat
786 5066 834 5145 ab
849 5065 919 5156 eie,
933 5068 1083 5145 muone
1096 5068 1376 5174 possessionum
1394 5098 1487 5177 quas
1501 5070 1548 5147 ah
1568 5071 1654 5176 ipso
1665 5087 1795 5147 tenere
1815 5068 2046 5146 dicunturiu

620 5194 791 5276 districtu
805 5198 853 5275 de
868 5196 1043 5276 Salutate
1059 5216 1098 5277 et
1106 5200 1350 5306 pertinenciis
1360 5202 1546 5311 ejusdem,
1558 5200 1875 5307 compromissum
1893 5199 2044 5288 suisset,

619 5346 732 5434 prom
745 5329 815 5407 hec
832 5329 982 5435 plenius
1001 5330 1042 5407 iu
1063 5333 1231 5439 quodam
1251 5332 1506 5419 iuewrrmento
1521 5360 1636 5439 super
1651 5331 1724 5410 hiis
1743 5330 1913 5414 conlecto
1928 5329 2047 5407 conti-

621 5474 772 5548 nentur,
789 5460 956 5568 dictique
972 5462 1119 5552 arbitri,
1141 5464 1284 5542 dictum
1304 5494 1415 5545 suum
1436 5493 1504 5541 seu
1524 5462 1720 5541 arbitrium
1738 5488 1850 5566 super
1869 5460 1942 5537 hoc
1959 5480 2046 5563 pro*
