5817 7292
712 1342 777 1384 1800.

878 1099 951 1172 500
1457 1095 1547 1168 LES
1578 1091 1720 1168 OLIM.

652 1252 782 1305 aarum
794 1249 838 1311 1V·
876 1240 924 1318 de
944 1238 1181 1348 Savigniaco,
1200 1267 1243 1317 ex
1264 1237 1396 1327 altera,
1417 1237 1541 1317 dictus
1554 1236 1792 1346 Dyonisiusa
1812 1234 1973 1340 quadam
1995 1231 2301 1344 interloqutoria,

876 1385 1005 1450 contra
1016 1371 1140 1479 ipsum
1152 1400 1221 1477 per
1229 1369 1440 1476 predictum
1450 1370 1685 1477 prepositum
1698 1367 1786 1454 lata,
1798 1384 1992 1473 tamquam
2001 1394 2022 1442 a
2030 1365 2121 1444 falsa
2132 1383 2170 1444 et
2178 1396 2303 1480 prava,

876 1502 923 1580 ad
939 1519 1106 1581 nostram
1117 1504 1258 1580 curiam
1269 1500 1511 1607 appellasset:
1526 1500 1715 1590 Tandem,
1728 1498 1867 1576 auditis
1881 1498 1991 1576 dictis
2007 1499 2176 1606 partibus
2190 1498 2230 1577 in
2245 1529 2310 1577 cu·

875 1634 930 1710 ria
945 1651 1087 1722 nostra,
1103 1633 1144 1709 in
1159 1661 1267 1712 causa
1280 1631 1549 1738 appellacionis
1557 1630 1744 1736 predicte,
1760 1656 1828 1736 per
1842 1646 2027 1706 arrestum
2042 1647 2170 1708 nostre
2185 1631 2306 1720 curie,

874 1781 951 1842 tam
970 1764 1068 1841 dicte
1087 1761 1376 1870 interloqutoria
1391 1790 1506 1868 quam
1520 1760 1726 1868 appellacio
1742 1759 1927 1867 predicta,
1945 1760 2027 1837 sine
2043 1761 2208 1867 dampno
2222 1790 2309 1868 par·

876 1897 993 1986 cium,
1012 1894 1175 1972 anullate
1197 1893 1367 1984 luerunt3
1387 1911 1425 1970 et
1436 1892 1604 2000 precepit
1619 1893 1724 1969 curia
1737 1908 1865 1969 nostra
1876 1891 1981 1998 quod
1996 1891 2097 1969 dicte
2110 1909 2236 1999 partes
2250 1921 2309 1970 co·

875 2055 955 2104 ram
975 2027 1145 2133 predicto
1162 2026 1370 2132 preposito,
1389 2026 1430 2102 in
1448 2053 1581 2103 eorum
1600 2023 1797 2131 principali
1813 2051 1923 2102 causa
1940 2023 2137 2131 predicta,
2148 2023 2307 2103 ulterius

877 2160 1096 2267 procedant.

931 2291 1095 2370 Sabbato
1116 2309 1200 2398 post
1218 2291 1448 2370 Brandones.

932 2559 1007 2637 CX.
1040 2558 1136 2635 Cum
1164 2555 1383 2663 Philippum
1410 2554 1457 2632 de
1482 2551 1620 2647 Blesis,
1655 2571 1808 2664 propter
1830 2551 2014 2666 quosdam
2041 2581 2210 2635 excessus
2233 2553 2304 2634 sihi

875 2689 1072 2796 impositos
1091 2716 1159 2794 per
1180 2685 1414 2795 prepositum
1441 2685 1748 2765 Aurelianensem
1776 2688 1989 2779 detentum,
2010 2705 2087 2766 tam
2110 2687 2306 2795 episcopus

875 2818 1155 2898 Aurelianensis
1173 2847 1288 2925 quam
1311 2817 1518 2926 capitulum
1537 2819 1815 2898 Sancti-Auiani
1835 2819 2116 2898 Aurelianensis
2135 2837 2307 2927 peterent

875 2949 946 3028 sibi
966 2949 1093 3039 reddi,
1112 2949 1213 3028 etde
1232 2977 1418 3027 consensu
1439 2950 1628 3027 dictorum
1643 2950 1810 3058 episcopi
1830 2967 1870 3030 et
1883 2951 2054 3059 capituli,
2070 2968 2225 3059 propter
2244 2977 2307 3028 eo-

875 3110 960 3160 rum
977 3082 1159 3161 debatum
1179 3081 1409 3188 predictum,
1426 3081 1530 3158 idem
1541 3081 1738 3190 Philippus
1757 3069 1903 3190 positus
1924 3082 2057 3162 luisset
2076 3083 2118 3159 in
2138 3083 2306 3161 custodia

876 3211 1044 3293 officialis
1056 3212 1291 3302 Parmensis,
1311 3239 1379 3319 per
1399 3241 1488 3289 eum
1507 3213 1728 3292 reddendus
1747 3215 1802 3292 illi
1824 3216 1883 3295 cui
1900 3214 2010 3292 reddi
2027 3213 2200 3301 deberet,
2215 3241 2304 3318 pro-

876 3360 1024 3422 curator
1045 3343 1135 3420 dicti
1156 3343 1327 3449 capituli,
1348 3344 1519 3449 ipsorum
1544 3361 1583 3422 et
1606 3345 1830 3423 clericorum
1850 3345 2003 3423 ecclesie
2026 3343 2303 3422 Sancti-Auiani

877 3474 1162 3581 exempcionem
1190 3475 1369 3582 allegans,
1394 3503 1435 3552 ac
1462 3475 1635 3554 saisinam
1662 3478 1768 3583 quod
1790 3477 2003 3586 prepositus
2022 3475 2304 3554 Aurelianensis

876 3605 1019 3712 pluries
1046 3604 1215 3684 reddidit
1238 3605 1363 3684 eidem
1392 3606 1556 3715 capitulo
1579 3607 1736 3686 clericos
1762 3609 1866 3686 chori
1887 3607 1964 3696 sui,
1985 3606 2158 3714 pluribus
2184 3607 2305 3683 racio-

876 3736 988 3816 nibus
998 3753 1145 3843 peteret
1154 3737 1298 3815 dictum
1311 3738 1749 3848 Philippum,tamquam
1759 3739 1938 3818 clericum
1950 3739 2038 3816 dicti
2049 3739 2155 3817 chori
2168 3738 2307 3816 Sancti-

875 3869 1027 3960 Aniani,
1046 3868 1117 3946 sibi
1137 3870 1263 3959 reddi,
1281 3871 1444 3950 offerens
1459 3889 1686 3980 separatum
1704 3873 1866 3981 probare
1886 3871 2059 3951 saisinam
2074 3871 2303 3978 predictam

877 4002 977 4080 dicto
992 4000 1167 4107 episcopo
1182 4001 1312 4108 plures
1324 4003 1494 4082 raciones
1506 4006 1546 4082 in
1563 4005 1793 4082 contrarium
1807 4021 2063 4111 proponente,
2081 4019 2120 4081 et
2128 4002 2193 4110 jus
2205 4030 2307 4080 com-

875 4160 990 4210 mune
1010 4160 1080 4239 pro
1101 4161 1140 4209 se
1158 4131 1359 4240 allegante,
1383 4152 1420 4211 et
1439 4135 1588 4212 dicente
1607 4136 1712 4243 quod
1732 4135 1855 4214 dictus
1871 4134 2069 4242 Philippus
2088 4151 2219 4240 captus
2236 4134 2305 4209 lirit

878 4281 916 4342 et
930 4291 1098 4342 excessus
1113 4264 1292 4371 predicti,
1311 4265 1411 4342 dicto
1427 4266 1604 4374 Philippo
1619 4265 1804 4373 impositi,
1822 4266 2012 4345 commissi
2026 4265 2182 4343 luerunt
2194 4264 2233 4340 in
2243 4265 2306 4372 jn-

876 4395 1092 4474 risdictione
1109 4396 1199 4473 dicti
1212 4397 1374 4504 episcopi
1387 4416 1425 4477 et
1438 4416 1536 4477 extra
1552 4427 1707 4477 omnem
1719 4398 1848 4479 locum
1860 4415 2099 4506 exemptum:
2114 4396 2302 4485 Tandem,

869 4525 1015 4606 ‘auditis
1039 4527 1240 4606 hincinde
1263 4530 1464 4637 propositis
1488 4549 1527 4608 et
1547 4531 1626 4608 viso
1652 4531 1819 4638 quodam
1841 4532 2111 4617 instrumento,
2135 4545 2304 4634 exparte

877 4659 1128 4762 procuratoris
1148 4660 1238 4739 dicti
1255 4660 1407 4768 capituli
1425 4663 1612 4769 producto
1632 4691 1747 4769 super
1768 4663 2009 4769 exempcioue
2031 4660 2219 4768 proposita
2234 4687 2303 4765 per

878 4789 1058 4880 eundem,
1076 4808 1114 4868 et
1128 4791 1265 4870 auditis
1278 4792 1431 4869 testium
1448 4793 1756 4901 deposicionibus
1768 4823 1882 4900 super
1893 4794 2028 4872 saisina
2040 4791 2204 4900 predicta
2218 4817 2304 4896 pro-

876 4920 1094 5011 ductorum,
1121 4951 1188 5029 per
1212 4941 1397 5002 arrestum
1422 4926 1525 5002 curie
1545 4943 1689 5014 nostre,
1708 4945 1893 5034 quantum
1914 4925 1963 5002 ad
1982 4924 2109 5031 ipsam
2119 4919 2301 5029 pertinet,

876 5051 1019 5130 dictum
1036 5053 1109 5129 luit
1126 5053 1342 5161 predictum
1356 5054 1573 5163 Philippum
1589 5057 1714 5135 eidem
1733 5057 1928 5164 episcopo,
1946 5073 2140 5161 tamquam
2153 5051 2229 5131 loci
2242 5079 2304 5130 or·

875 5180 1037 5272 dinario,
1060 5183 1170 5263 reddi
1190 5185 1347 5275 debere,
1367 5186 1468 5264 salvo
1488 5187 1527 5263 in
1546 5188 1723 5267 omnibus
1736 5188 1824 5296 jure
1843 5185 1996 5294 capituli
2010 5182 2225 5290 supradicti.

932 5313 1059 5392 Martis
1079 5333 1164 5420 post
1183 5319 1318 5394 Ramos
1337 5316 1565 5396 Palmarum.
