5817 7292
873 1110 943 1183 120
1258 1164 1260 1169 -
1451 1112 1544 1184 LES
1573 1111 1713 1185 OLIM.

642 1261 772 1315 Parnm
784 1258 827 1323 1v‚
925 1252 1061 1330 Actum
1081 1252 1183 1362 apud
1204 1253 1431 1344 Vincennas,
1449 1254 1578 1333 martis
1593 1272 1680 1333 ante
1692 1255 1977 1364 'Magdalenam
1994 1285 2093 1336 anno
2107 1275 2290 1341 trecente-

703 1352 765 1393 Μ’
867 1391 962 1463 simo
982 1385 1111 1464 tercio.

923 1520 1123 1623 Reportata
1149 1515 1263 1595 michi
1289 1544 1356 1621 per
1379 1517 1429 1592 M.
1458 1514 1503 1595 G.
1530 1513 1682 1595 Charite
1703 1535 1742 1595 et
1765 1514 1970 1597 Martiuum
1989 1520 2038 1597 de
2057 1521 2224 1628 Crepon,
2246 1551 2291 1601 ex

867 1665 971 1755 parte
992 1647 1261 1725 archidiaconis
1282 1646 1488 1725 Remensis.

922 1914 996 1991 VII.
1028 1912 1141 2003 Cum,
1159 1941 1228 2019 pro
1250 1912 1458 1991 excessibus
1474 1929 1511 1989 et
1524 1913 1673 2021 injuriis
1692 1913 1981 2021 quamplurimis
1993 1943 2063 2021 per
2078 1916 2289 1993 iohannem

866 2044 913 2122 de
940 2042 1146 2151 Chanlayo,
1172 2072 1274 2122 nunc
1297 2044 1477 2135 militem,
1497 2074 1584 2121 cum
1606 2062 1837 2124 armatorum
1854 2045 2116 2137 multitudine,
2140 2047 2292 2125 dudum

864 2174 977 2252 illatis
1003 2174 1210 2254 Guillelmo
1234 2174 1423 2266 Buisardi,
1450 2174 1579 2265 militi,
1608 2176 1711 2253 idem
1736 2176 1927 2283 Johannes
1952 2177 2062 2256 nobis
2090 2178 2129 2253 in
2158 2206 2291 2255 emen-

865 2304 952 2381 dam
969 2324 1131 2414 quatuor
1144 2305 1308 2385 millium
1326 2306 1508 2384 librarum
1521 2306 1802 2383 Turonensium
1813 2334 1883 2415 per
1895 2323 2027 2414 gentes
2040 2324 2186 2384 nostras
2202 2335 2290 2385 oon-

866 2437 1088 2544 dempnatus
1112 2435 1262 2527 fuisset,
1289 2455 1327 2516 et
1352 2437 1493 2516 deinde
1517 2437 1640 2515 dicus
1663 2438 1854 2515 Johannes
1878 2438 2006 2545 plures
2032 2439 2290 2545 proposuisset

864 2570 1032 2647 raciones
1047 2598 1115 2677 per
1127 2598 1220 2677 quas
1234 2570 1315 2678 ipse
1328 2568 1476 2649 dicebat
1489 2585 1528 2647 et
1540 2570 1758 2676 requirebat
1771 2570 1877 2678 quod
1893 2570 1992 2648 dicta
2004 2570 2165 2648 emenda
2179 2571 2289 2649 anul-

864 2699 932 2777 Iari
947 2700 1006 2778 vel
1024 2700 1154 2779 saltem
1169 2701 1356 2779 moderari
1371 2700 1557 2779 debebatr
1571 2700 1761 2790 Tandem,
1775 2700 1946 2808 inquesta
1960 2729 2074 2808 super
2091 2702 2165 2780 hoc
2176 2700 2288 2789 saeta,

863 2832 938 2907 visa
958 2848 996 2949 et
1015 2832 1217 2943 diligenter
1237 2832 1458 2923 examinata,
1479 2858 1549 2940 per
1567 2831 1669 2911 curie
1690 2848 1816 2922 nostre
1831 2831 2035 2939 judicium,
2056 2831 2200 2909 dictum
2218 2830 2291 2909 fuit

865 2978 902 3039 et
928 2964 1218 3068 pronunciatum
1244 2964 1350 3071 quod
1376 2965 1498 3042 dictus
1526 2965 1716 3042 Johannes
1739 2962 1857 3040 nichil
1886 2963 2109 3071 probaverat
2137 2981 2291 3070 propter

865 3093 971 3199 quod
989 3095 1086 3172 dicte
1106 3095 1266 3173 emende
1282 3096 1426 3173 solucio
1442 3095 1580 3173 debeat
1594 3095 1754 3202 amplius
1768 3095 1963 3172 retardari.

921 3226 1077 3305 Veneris
1092 3242 1177 3330 post
1192 3242 1362 3301 sanctum
1378 3227 1532 3302 Petrum
1554 3226 1604 3302 ad
1618 3225 1792 3312 Vinaria,
1809 3253 1909 3302 anno
1927 3209 2192 3303 trecentesimo
2215 3245 2290 3303 ter-

867 3354 940 3440 cio,
963 3351 1117 3429 sabbato
1138 3370 1222 3458 post
1241 3351 1561 3459 Assumpcionem.

919 3482 1214 3561 Pronunciatum
1233 3482 1305 3559 suit
1317 3482 1423 3589 quod
1443 3481 1621 3559 dominus
1641 3485 1718 3559 Rex
1737 3482 1845 3559 istam
1868 3483 2068 3561 emendam
2094 3483 2142 3561 de
2167 3486 2285 3594 gracia

863 3612 1049 3691 relaxabat
1069 3641 1187 3721 usque
1207 3613 1255 3691 ad
1275 3613 1505 3721 octingentas
1523 3612 1638 3691 libras
1656 3616 1908 3692 Turonenses.

919 3880 1012 3959 VIII.
1045 3879 1143 3958 Cum
1163 3878 1303 3956 Alanus
1323 3878 1499 3987 Briquet,
1519 3904 1645 3956 coram
1665 3877 1952 3985 inquisitoribus
1971 3906 1993 3955 a
2012 3879 2123 3957 nobis
2145 3881 2184 3955 in
2207 3908 2291 3987 pre-

862 4012 1028 4119 positura
1058 4010 1254 4090 Parisiensi
1286 4009 1490 4119 deputatis,
1520 4038 1628 4088 suam
1657 4010 1888 4119 exposuisset
1917 4010 2125 4117 querelam,
2159 4010 2290 4088 dicens

864 4142 968 4248 quod
988 4142 1162 4219 Matheus
1179 4140 1352 4221 Galerani
1373 4142 1420 4218 de
1440 4142 1625 4251 Bougival·
1635 4142 1820 4220 violenter
1835 4157 1874 4219 et
1889 4140 2071 4249 injuriose
2088 4142 2214 4247 ipsum
2230 4171 2290 4219 ex-

863 4291 1064 4367 cecaverat,
1092 4290 1130 4351 et
1153 4274 1258 4380 quod
1282 4272 1495 4380 prepositus
1519 4273 1750 4363 Parisiensis,
1777 4274 1843 4382 qui
1867 4301 1980 4380 super
2004 4273 2093 4363 boe,
2119 4290 2163 4350 ut
2186 4273 2289 4351 dice·
2365 4248 2370 4256 ⁴

862 4403 943 4493 bat,
964 4421 1079 4482 testes
1102 4421 1308 4511 receperat,
1333 4403 1483 4482 diucius
1505 4404 1699 4513 negligens
1718 4401 1840 4482 suerat
1860 4405 1901 4481 in
1921 4404 1992 4482 sibi
2007 4404 2158 4512 justicia
2176 4432 2288 4512 super

863 4534 936 4613 boe
955 4534 1185 4625 exhibenda3
1203 4552 1240 4611 et
1256 4564 1276 4610 e
1293 4534 1560 4614 contradictus
1579 4536 1753 4615 Matheus
1771 4553 2001 4644 proponeret
2014 4565 2055 4613 se
2072 4536 2173 4613 nolle
2190 4554 2288 4613 stare

864 4664 1095 4770 deposicioni
1118 4664 1274 4741 testium
1297 4693 1366 4770 per
1390 4664 1535 4743 dictum
1559 4666 1795 4774 prepositum
1818 4683 2074 4773 receptorum,
2097 4694 2182 4743 cum
2202 4691 2283 4752 eos,
2341 4747 2345 4755 ἡ

863 4811 907 4872 ut
926 4793 1089 4885 dicebat,
1111 4822 1188 4871 nou
1208 4792 1361 4872 vidisset
1374 4795 1529 4902 jurare,
1553 4797 1662 4901 item,
1690 4796 1835 4875 dioeret
1857 4796 1978 4903 quod,
2001 4823 2088 4872 curn
2108 4794 2187 4901 ipse
2206 4820 2284 4872 non

864 4925 995 5004 luisset
1012 4924 1182 5003 officialis
1202 4941 1341 5015 noster,
1360 4924 1604 5033 inquisitores
1616 4928 1777 5035 predicti
1794 4926 1843 5003 de
1858 4926 1932 5003 boc
1949 4924 2045 5002 sacto
2062 4952 2285 5033 cognoscere

863 5084 941 5135 non
962 5054 1172 5147 debebant;
1200 5072 1238 5133 et
1267 5074 1436 5134 econtra
1460 5062 1738 5166 proponeretur
1758 5058 1880 5166 quod,
1908 5084 1996 5133 curn
2016 5054 2107 5135 dicti
2131 5054 2288 5161 inquisi-

863 5206 964 5268 tores
994 5205 1120 5265 essent
1149 5186 1198 5265 de
1231 5187 1415 5295 magistris
1443 5189 1547 5267 curie
1576 5208 1720 5278 nostre,
1753 5205 1791 5267 et
1823 5215 1938 5295 super
1966 5187 2039 5266 boc
2067 5203 2287 5293 argueretur
2373 5259 2377 5266 .

863 5318 1096 5430 negligencia
1116 5318 1206 5397 dicti
1227 5320 1423 5427 prepositi,
1444 5321 1515 5429 ipsi
1535 5322 1584 5400 de
1602 5324 1677 5401 boc
1692 5346 1916 5428 cognoscere
1936 5336 2106 5426 poterant
2120 5335 2159 5395 et
2172 5316 2288 5395 debe·

864 5453 976 5542 bant;
997 5451 1150 5530 tandem
1172 5450 1313 5559 placuit
1338 5452 1439 5533 dicto
1463 5455 1615 5533 Matheo
1640 5453 1744 5559 quod
1770 5450 1930 5529 dilectus
1957 5466 1996 5527 et
2016 5449 2142 5553 fidelis
2165 5449 2288 5530 eonsi-
