5817 7292
1020 1107 1289 1217 suoutrss
1316 1127 1378 1199 nr
1405 1111 1612 1200 procus.
1955 1123 2026 1197 tor

662 1267 754 1347 CIV.
786 1265 884 1344 Cum
894 1267 1256 1375 Margareta,relicta
1268 1295 1392 1374 nuper
1401 1265 1568 1344 defuncti
1580 1265 1728 1342 comitis
1739 1264 2027 1356 Attrebatensis,
2068 1272 2198 1328 Pfflm
2210 1271 2254 1326 tv.

606 1398 748 1478 diceret
768 1398 888 1504 quod,
910 1398 950 1476 in
968 1399 1093 1478 assisia
1116 1400 1280 1478 dotalicii
1305 1399 1380 1489 sui,
1400 1398 1470 1477 sibi
1487 1427 1556 1505 per
1575 1396 1798 1476 defunctum
1816 1398 2031 1503 predictum
2130 1364 2194 1408 Μ’

606 1529 787 1619 concessi,
812 1528 885 1608 alta
903 1529 1052 1637 justicia
1082 1530 1245 1610 debebat
1270 1529 1341 1610 sibi
1370 1547 1410 1609 et
1435 1531 1517 1608 sine
1545 1529 1672 1636 precio
1698 1527 1871 1616 assideri,
1899 1555 2034 1606 secun-

608 1661 697 1740 dum
726 1661 1039 1740 consuetudinem
1067 1663 1266 1740 comitatus
1292 1661 1577 1749 Attrebatensis,
1603 1658 1791 1750 Mathildi,
1815 1658 1892 1736 filia
1915 1677 1953 1737 et
1972 1660 2036 1737 he·

607 1793 698 1870 rede
724 1792 813 1870 dicti
839 1794 1006 1885 comitis,
1032 1795 1262 1873 contrarium
1286 1811 1496 1885 asserente,
1522 1792 1691 1901 partibus
1719 1791 1900 1899 predictis
1926 1793 2035 1899 plura

607 1922 700 2000 facta
718 1939 756 2000 et
772 1924 1067 2002 consuetudines
1091 1953 1205 2032 super
1229 1926 1303 2002 boc
1324 1924 1642 2032 proponentibus,
1665 1939 1703 2000 et
1722 1922 1900 2030 inquisita
1922 1952 2038 2031 super

609 2053 678 2145 eis,
694 2054 832 2132 vocatis
846 2053 1032 2159 partibus,
1049 2055 1203 2132 veritate
1219 2085 1227 2129 ε
1244 2054 1432 2144 Tandem,
1448 2056 1526 2134 visa
1539 2054 1714 2160 inquesta
1729 2081 1844 2160 super
1856 2055 2037 2160 predictis

606 2183 717 2274 facta,
733 2213 801 2291 per
817 2185 919 2262 curie
935 2203 1061 2262 nostre
1077 2186 1281 2294 judicium,
1299 2186 1443 2264 dictum
1459 2185 1532 2264 fuit
1546 2185 1652 2292 quod
1665 2185 1791 2262 eidem
1811 2187 2034 2293 Margarete,

607 2318 647 2392 in
670 2316 796 2396 assisia
816 2315 905 2394 dicti
927 2316 1110 2410 dotalicii,
1132 2316 1206 2396 alta
1215 2317 1367 2425 justicia
1384 2317 1565 2405 tradetur,
1584 2333 1621 2394 et
1636 2317 1748 2396 etiam
1765 2316 1892 2394 eidem
1910 2347 2039 2425 appre-

608 2447 767 2526 eiabitur
775 2465 891 2554 prout
914 2447 1029 2528 fucrit
1052 2450 1228 2540 racionis,
1251 2450 1324 2529 hoc
1344 2450 1539 2528 observato
1559 2448 1682 2554 quod,
1700 2464 1882 2555 quantum
1904 2449 1953 2525 ad
1969 2467 2040 2526 ter-

609 2609 689 2658 ram
710 2578 757 2656 de
775 2579 809 2657 la
828 2581 1043 2688 Montoyre,
1063 2579 1310 2658 servabuntur
1328 2578 1569 2658 condiciones
1588 2579 1627 2657 in
1649 2579 1771 2658 littera
1789 2580 2039 2659 concessionis

610 2710 700 2788 dicti
722 2709 887 2786 dotalicii
909 2727 1096 2789 contente.

667 2842 774 2919 Lune
795 2857 881 2948 post
899 2843 1031 2920 Letare
1050 2841 1268 2920 Jerusalem.

666 3107 742 3186 CV.
773 3108 872 3186 Cum
890 3109 1059 3186 lohanna
1084 3109 1118 3186 la
1143 3111 1318 3196 Romane,
1345 3111 1476 3188 relicta
1500 3109 1665 3187 defuncti
1685 3109 1786 3186 Petri
1809 3106 1856 3186 de
1879 3111 1970 3196 Bus,
1993 3108 2041 3185 de

611 3254 733 3315 morte
754 3237 843 3316 dicti
860 3239 989 3317 mariti
1001 3240 1058 3318 sui
1075 3239 1360 3330 denunciando,
1379 3241 1645 3348 insequeretur
1656 3243 1811 3317 Petrum
1827 3240 1875 3316 de
1893 3241 2044 3318 Sancta-

612 3367 821 3461 Genovefa,
851 3371 1077 3450 servientem
1102 3371 1247 3450 domini
1272 3373 1382 3481 Regis
1407 3374 1445 3449 in
1471 3374 1707 3479 prepositura
1728 3369 2041 3478 Compendiensi,

613 3518 661 3593 et,
677 3501 724 3579 ad
737 3503 794 3580 sui
808 3501 1068 3597 defensionem
1079 3567 1088 3597 ‚
1101 3503 1225 3580 dictus
1236 3504 1399 3581 serviens
1409 3519 1656 3612 proponeret,
1672 3503 1772 3580 inter
1786 3518 1924 3594 cetera,
1939 3501 2045 3609 quod

613 3631 842 3712 Guillelmus
866 3634 1079 3722 Thiboudi,
1100 3652 1191 3714 tune
1209 3635 1369 3714 ballivus
1393 3634 1697 3725 Silvanectensis,
1722 3632 1848 3711 eidem
1869 3634 2044 3711 servienti

615 3780 652 3840 et
679 3764 863 3844 consociis
889 3767 966 3842 suis
991 3782 1208 3871 preceperat
1227 3765 1332 3872 quod
1351 3765 1421 3872 ipsi
1442 3766 1587 3843 dictum
1618 3767 1772 3841 Petrum
1793 3763 1841 3838 de
1865 3764 1956 3851 Bus,
1977 3766 2044 3868 qui

615 3893 793 3972 bannitus
814 3912 893 3971 erat
912 3895 959 3973 de
980 3925 1115 4004 regno,
1135 3914 1311 4003 caperent
1329 3897 1454 3976 vivum
1475 3895 1535 3974 vel
1550 3913 1762 3980 mortuum,
1785 3909 1823 3970 et
1841 3892 2046 3972 redderent

617 4022 741 4100 eidem
764 4023 919 4114 ballivo,
943 4041 981 4104 et
997 4026 1103 4134 quod
1130 4044 1258 4134 postea
1282 4027 1386 4104 idem
1413 4029 1577 4104 serviens
1595 4024 1808 4131 predictum
1826 4022 2042 4113 bannitum,

617 4155 810 4232 inventum
822 4157 859 4231 in
870 4184 987 4263 regno
1006 4173 1044 4236 et
1058 4185 1097 4234 se
1112 4157 1400 4248 defendentem,
1420 4157 1554 4234 virtute
1569 4155 1734 4234 mandati
1748 4155 1925 4261 predicti,
1938 4183 2045 4263 cepe-

616 4302 673 4363 rat
697 4302 751 4374 et,
774 4285 969 4392 capiendo,
991 4289 1260 4378 vulneraverat,
1282 4289 1577 4396 reddideratque
1594 4289 1718 4394 ipsum
1738 4303 1886 4393 captum
1906 4285 2044 4364 ballivo

616 4416 803 4523 predict0,
819 4445 1045 4525 quamquam
1059 4435 1187 4525 postea
1202 4438 1374 4500 mortuus
1390 4419 1505 4498 fuerit
1519 4449 1562 4496 er
1576 4418 1842 4496 vulneracione
1854 4417 2043 4525 predicta:

617 4547 803 4636 Tandem,
825 4549 998 4656 inquesta
1018 4551 1225 4659 superbiis
1246 4552 1293 4629 de
1316 4550 1495 4630 mandato
1515 4551 1618 4628 curie
1635 4565 1763 4627 nostre
1779 4548 1891 4643 facta,
1912 4549 1987 4627 visa
2008 4567 2046 4627 et

618 4676 820 4788 diligenter
834 4681 1055 4774 examinata,
1077 4681 1279 4790 auditaque
1299 4711 1412 4790 super
1432 4684 1505 4760 hoc
1524 4681 1712 4760 relacione
1728 4680 1817 4758 dicti
1831 4679 2043 4773 Guillelmi,

617 4839 685 4917 per
700 4810 889 4917 judicium
910 4813 1014 4893 curie
1035 4829 1177 4904 nostre,
1201 4814 1323 4894 dictus
1342 4815 1475 4894 Petrus
1494 4813 1543 4892 de
1561 4812 1897 4893 Sancta-Genovefa
1916 4841 1937 4889 a
1956 4841 2043 4919 pre-

618 4940 719 5019 dicto
741 4941 916 5038 crimine,
938 4945 1009 5023 sibi
1031 4945 1225 5052 imposito,
1249 4945 1321 5023 fuit
1339 4945 1507 5024 totaliter
1528 4944 1731 5024 absolutus.

581 5167 583 5172 ,
675 5073 780 5150 Lune
799 5075 977 5182 predicta.

675 5337 766 5415 CVI.
798 5341 1006 5435 Questione
1025 5359 1143 5434 mota,
1166 5344 1205 5420 in
1224 5345 1327 5422 curia
1346 5361 1489 5437 nostra,
1515 5344 1637 5452 primo
1661 5340 1760 5416 inter
1779 5338 1897 5417 Adam
1917 5339 2042 5428 Halot,

622 5464 713 5542 dum
736 5469 889 5562 viveret,
912 5491 950 5552 ct
970 5474 1125 5564 deinde,
1149 5491 1233 5580 post
1252 5477 1371 5583 ipsius
1394 5475 1558 5563 obitum,
1577 5474 1678 5551 inter
1696 5469 1915 5558 Ysabellim,
1937 5466 2046 5546 relic-

707 5641 758 5683 rss
779 5642 862 5687 onru.
887 5648 934 5694 nr.
1880 5619 1919 5682 63
