5817 7292
954 1148 959 1159 ·
1050 1105 1318 1213 avounrns
1343 1126 1406 1196 nv
1433 1108 1641 1199 rnocns.
1978 1129 2061 1213 ‚ras

634 1290 731 1371 gem,
750 1292 771 1339 a
780 1262 965 1369 judicato,
981 1292 1049 1371 per
1060 1264 1363 1343 curiamdomini
1383 1267 1528 1359 Karoli,
1546 1284 1674 1344 contra
1690 1268 1842 1347 sesamo
1857 1270 2063 1378 presumi·
2099 1231 2229 1336 circum
2243 1283 2286 1346 tv,

634 1395 722 1471 tissa
740 1394 924 1500 predicta,
951 1396 1038 1501 quia
1058 1394 1179 1473 sorma
1199 1397 1473 1474 commissionis
1501 1395 1596 1473 lacte
1615 1399 1896 1502 superebocivi
1918 1430 1960 1477 ea
1986 1432 2063 1481 uon
2161 1376 2224 1418 Μ’

638 1528 708 1603 luit
727 1526 934 1619 observata,
957 1527 1031 1604 luit
1046 1556 1114 1635 per
1130 1528 1271 1605 curiam
1288 1528 1455 1606 totaliter
1468 1529 1649 1621 annullata,
1671 1547 1711 1605 et
1729 1528 2063 1637 adinquirendum

637 1660 767 1735 iterato
788 1687 901 1765 super
915 1660 1094 1765 predictis
1108 1678 1147 1737 et
1162 1662 1278 1737 eciam
1294 1689 1409 1767 super
1422 1661 1506 1737 aliis
1521 1661 1707 1739 dictarum
1723 1664 1893 1769 parcium
1911 1680 2067 1770 attemp

637 1791 721 1866 tatis
742 1788 830 1865 hinc
850 1791 938 1867 inde
959 1791 1026 1867 fiet
1045 1772 1260 1869 c'ommissio
1281 1792 1328 1869 ad
1348 1810 1470 1871 certos
1490 1794 1694 1870 auditores.
1711 1822 1715 1831 ’
1831 1833 1835 1844 ·

692 1922 890 1999 Dominica
910 1940 994 2027 post
1015 1924 1192 2000 Sanctum
1214 1924 1472 2003 vincentium.

691 2186 766 2260 XII.
797 2186 894 2263 Cum
932 2204 1058 2261 nostre
1093 2186 1356 2264 denunciasset
1387 2189 1490 2263 curie
1521 2204 1741 2294 procurator
1776 2187 1931 2265 ecclesie
1963 2190 2063 2267 beati

634 2316 801 2423 Dyonisii
819 2317 857 2391 in
872 2316 1041 2407 Francia,
1059 2318 1107 2393 de
1125 2318 1276 2424 speciali
1293 2320 1406 2427 garda
1421 2336 1549 2395 nostra
1566 2346 1653 2396 cum
1671 2318 1855 2397 membris
1873 2321 1952 2397 suis
1970 2322 2063 2396 exis-

635 2448 764 2535 tentis,
787 2447 891 2553 quod
917 2448 1122 2554 injusticia
1140 2449 1328 2554 primatus
1352 2476 1487 2525 corum
1512 2449 1611 2525 dicte
1637 2450 1793 2527 ecclesie
1818 2451 1867 2527 de
1893 2452 2065 2557 Capella-

635 2578 762 2667 Ande,
793 2605 905 2683 super
925 2579 1098 2655 homines
1127 2578 1270 2656 ibidem
1297 2596 1592 2669 commorantes,
1617 2581 1794 2657 dominus
1813 2582 2059 2670 dessulento,

635 2708 817 2785 violenter
832 2726 869 2785 et
888 2726 1016 2785 contra
1034 2710 1334 2815 prohibicionem
1350 2712 1542 2817 gencium,
1562 2712 1651 2787 dicti
1667 2712 1855 2817 prioratus
1872 2713 1981 2818 plura
1999 2742 2058 2817 ga·

635 2840 693 2946 gia
720 2857 868 2943 ceperat
890 2858 929 2915 ct
956 2868 1083 2915 secum
1111 2857 1338 2945 portaverat,
1375 2859 1525 2930 etcum
1550 2840 1799 2917 multitudine
1823 2843 1998 2949 gencium
2026 2862 2065 2918 et

635 2970 903 3077 quadrigarum
934 2998 1068 3047 nemus
1098 2970 1186 3045 dicti
1217 2972 1404 3077 prioratus
1430 2990 1616 3049 seraverat
1636 2989 1682 3046 et
1698 2972 1839 3077 portari
1859 2970 1997 3048 fecerat
2014 2974 2065 3048 ad

636 3100 792 3175 domum
814 3130 940 3190 suam,
972 3118 1009 3177 et
1032 3101 1238 3208 quemdam
1259 3102 1348 3179 dicti
1369 3104 1557 3209 prioratus
1579 3103 1808 3179 monachum
1827 3132 1871 3179 ac
1896 3104 2088 3210 preposi‘

633 3249 736 3322 tum,
759 3232 941 3339 perviam
961 3232 1151 3338 publicam
1173 3233 1402 3339 equitantes,
1429 3250 1684 3321 arrestaverat,
1713 3234 1761 3309 de
1784 3234 1989 3339 equisonis
2016 3234 2064 3309 ad

634 3382 771 3441 terram
793 3364 1021 3471 projecerat,
1050 3363 1211 3471 graviter
1231 3362 1487 3440 verberaverat
1511 3382 1550 3440 et
1568 3362 1838 3453 vulneraverat,
1865 3381 1904 3439 et
1930 3392 2062 3439 eorum

636 3524 753 3602 equos
775 3494 993 3601 dictumque
1015 3494 1249 3601 prepositum
1271 3494 1429 3571 duxerat
1452 3523 1581 3571 seeum
1611 3512 1756 3601 captos,
1789 3522 1902 3601 super
1920 3494 2065 3601 predic-

635 3628 683 3705 tis
703 3627 843 3733 inquiri
861 3625 1020 3702 secimus
1037 3625 1253 3701 veritatem:
1269 3626 1355 3703 Visa
1375 3626 1490 3735 igitur
1508 3626 1698 3733 inquesta,
1718 3626 1890 3733 partibus
1909 3626 2061 3713 vocatis,

635 3759 729 3834 lacta
757 3787 870 3863 super
890 3758 962 3833 hoc
989 3786 1056 3863 per
1081 3757 1273 3833 auditores
1300 3758 1499 3865 deputatos
1521 3787 1543 3833 a
1567 3758 1695 3849 nobis,
1725 3786 1802 3835 non
1827 3756 2065 3834 obstantibus

636 3888 775 3965 frivolis
797 3888 1083 3995 exccpcionibus
1110 3918 1153 3965 ex
1174 3889 1313 3994 quibus
1333 3890 1435 3965 idem
1459 3890 1637 3967 dominus
1658 3920 1678 3965 a
1698 3889 1807 3966 dictis
1826 3889 2065 3966 auditoribus

636 4050 656 4095 a
677 4019 825 4095 delectu
843 4020 941 4127 juris
961 4049 999 4097 se
1021 4019 1227 4127 appellasse
1249 4018 1414 4108 dicebat,
1426 4049 1495 4126 per
1510 4021 1614 4096 curie
1626 4037 1755 4097 nostre
1767 4020 1974 4124 judicium,
1993 4019 2065 4095 dic·

636 4170 717 4228 tum
734 4150 805 4227 suit
820 4167 859 4227 et
873 4152 1162 4256 pronunciatum
1179 4152 1284 4255 quod
1304 4151 1417 4257 prisic
1432 4152 1618 4257 predicte,
1635 4169 1711 4226 tam
1733 4150 1928 4257 gagiorum
1949 4180 2063 4257 quam

636 4284 842 4391 lignorum,
860 4284 1004 4389 integre
1026 4302 1259 4389 reponentur
1278 4284 1325 4359 ad
1345 4281 1490 4369 locum,
1510 4283 1541 4358 si
1562 4298 1702 4368 extent,
1723 4281 1892 4387 alioquin
1913 4281 2065 4358 estima-

636 4416 694 4492 cio
715 4414 952 4499 earumdem,
977 4431 1014 4489 et
1034 4412 1177 4490 ibidem
1199 4414 1361 4519 reposita
1377 4411 1426 4487 ad
1444 4440 1600 4488 manum
1621 4427 1789 4488 nostram
1806 4427 1985 4517 tanquam
2002 4442 2066 4489 su-

636 4546 794 4654 perioris
815 4561 1016 4652 ponentur,
1047 4562 1085 4622 et
1107 4546 1153 4622 de
1180 4544 1248 4636 eis,
1266 4573 1333 4652 per
1357 4572 1515 4621 manum
1532 4560 1716 4631 nostram,
1738 4541 1806 4619 fiet
1823 4542 2064 4618 recredencia

636 4680 821 4788 religiosis
840 4678 1036 4785 predictis,
1059 4695 1097 4755 et
1116 4706 1229 4783 super
1244 4677 1381 4754 debato
1402 4676 1624 4784 hujusmodi
1647 4675 1728 4752 dies
1746 4691 1964 4781 competens
1985 4703 2064 4779 par-

636 4812 737 4887 tibus
753 4810 1013 4919 assignabitur,
1031 4809 1207 4902 Parisius,
1226 4838 1352 4886 coram
1371 4808 1498 4899 nobis;
1514 4825 1551 4885 et
1562 4836 1631 4914 pro
1650 4805 1800 4915 injuriis
1815 4824 1854 4883 et
1868 4806 2062 4883 violenciis

637 4942 878 5049 supradictis,
912 4942 1014 5021 idem
1052 4940 1230 5020 dominus
1259 4941 1368 5017 dictis
1396 4940 1581 5049 religiosis
1608 4940 1853 5047 quingentas,
1883 4967 1925 5013 ac
1948 4936 2061 5013 nobis

637 5074 741 5151 mille
764 5075 879 5153 libres
895 5076 1158 5163 Turonenses,
1179 5102 1249 5180 pro
1270 5073 1445 5166 emenda,
1467 5072 1666 5178 persolvet.

691 5208 888 5285 Dominica
907 5225 993 5313 post
1011 5204 1272 5285 Candelosam.

692 5340 822 5417 Postea
848 5340 920 5416 luit
946 5366 1123 5445 suspensa
1145 5366 1214 5444 per
1235 5364 1420 5413 cameram
1444 5337 1514 5412 ista
1533 5334 1828 5441 condempnacio
1858 5356 2059 5437 quousque

639 5468 751 5544 luerit
770 5498 883 5575 super
902 5472 976 5547 hoc
994 5469 1144 5575 plenius
1164 5466 1403 5575 inquisitum.
