5817 7292
1066 1089 1333 1199 procerus
1358 1111 1423 1182 ιι
1448 1089 1658 1184 Procas.
2006 1113 2075 1185 rso

652 1250 754 1328 dicte
778 1249 924 1326 bastide
950 1266 1029 1325 erat
1052 1249 1156 1326 utilis
1180 1251 1291 1327 nobis
1315 1268 1354 1327 et
1379 1251 1641 1328 communitati
1666 1250 1819 1357 Bigorre
1847 1269 1885 1328 et
1909 1253 1977 1329 toti
2006 1251 2077 1329 rei-
2115 1261 2243 1316 Partim
2257 1263 2297 1324 tt.

652 1380 807 1486 publice
826 1380 946 1486 patrie
965 1379 1067 1458 illius
1088 1413 1098 1458 ε
1117 1383 1306 1473 Tandem,
1330 1383 1404 1459 visa
1422 1383 1585 1490 quadam
1605 1384 1776 1490 inquesta
1800 1411 1913 1489 super
1933 1382 2007 1459 hiis
2027 1381 2073 1462 de
2177 1355 2238 1396 lm

652 1512 831 1589 mandato
845 1529 975 1590 nostro
994 1511 1103 1600 sacta,
1122 1513 1207 1590 visis
1221 1514 1340 1590 eciam
1353 1513 1657 1593 attestacionibus
1671 1530 1709 1590 et
1726 1513 1879 1604 auditis,
1897 1513 2004 1590 lectis
2020 1515 2076 1590 in-

651 1672 766 1749 super
783 1643 1043 1722 instrumentis
1056 1643 1145 1721 hinc
1161 1659 1200 1721 et
1213 1645 1302 1721 inde
1321 1646 1533 1751 productis,
1551 1663 1590 1723 et
1609 1643 1746 1720 auditis
1765 1644 1978 1722 nacionibus
1993 1675 2075 1752 par·

545 1863 551 1876 ι
652 1775 769 1864 cium,
782 1791 821 1850 et
831 1790 913 1851 toto
926 1803 1102 1881 processu
1118 1775 1320 1884 diligenter
1337 1777 1560 1866 examinato,
1578 1775 1728 1852 attentis
1743 1775 1860 1852 eciam
1877 1775 2022 1864 moltis,
2038 1795 2075 1854 et

652 1905 979 2011 consideratisque
994 1906 1091 1982 circa
1104 1905 1285 2012 premissa
1299 1933 1370 1983 nos
1384 1934 1534 1983 movere
1548 1922 1722 2012 poterant
1736 1923 1774 1982 et
1788 1904 1993 1995 debebant,
2007 1935 2075 2013 per

651 2037 754 2112 curie
766 2053 892 2113 nostre
901 2035 1108 2142 judicium,
1126 2036 1269 2113 dictum
1288 2035 1362 2114 fuit
1375 2037 1480 2143 quod
1495 2037 1640 2115 bastida
1660 2037 1827 2143 predicta
1846 2036 2071 2126 remanebit,

650 2193 727 2242 non
746 2164 983 2242 obstantibus
997 2167 1200 2272 propositis
1211 2195 1281 2273 per
1295 2184 1440 2272 partem
1457 2166 1658 2244 adversam.
1674 2167 1797 2272 Super
1815 2166 1948 2245 usibus
1966 2195 2071 2254 vero,

648 2294 738 2373 foris
753 2312 791 2374 et
804 2297 1144 2376 consuetudinibus
1163 2314 1202 2374 et
1214 2297 1297 2374 aliis
1311 2297 1471 2376 deveriis
1485 2327 1561 2404 que
1578 2297 1669 2374 dicti
1685 2299 1893 2406 burgenses
1907 2299 1945 2374 in
1964 2299 2073 2375 dictis

649 2425 741 2504 locis
761 2455 801 2504 se
821 2427 960 2505 babere
981 2427 1181 2523 dicebant,
1197 2428 1320 2506 littera
1334 2428 1487 2536 justicie
1507 2427 1600 2506 sacta
1618 2430 1690 2507 fuit
1709 2429 1865 2506 eisdem.

702 2559 803 2635 Jovis
820 2572 907 2664 post
926 2558 1375 2637 Sanctum-Clementem.

704 2687 907 2766 Mellentus
920 2690 1132 2795 reportavit.

705 2953 748 3031 V.
779 2953 864 3031 Visa
880 2953 1052 3059 inquesta
1066 2954 1113 3030 ad
1132 2954 1352 3030 instanciam
1368 2954 1523 3031 Roberti
1537 2955 1585 3032 de
1603 2953 1796 3042 Mastacio,
1814 2953 1960 3041 militis,
1978 2953 2071 3032 sacta

648 3111 764 3190 super
781 3083 1008 3190 quibusdam
1030 3085 1203 3190 dampnis
1226 3085 1298 3162 sibi
1324 3085 1452 3175 illatis,
1473 3100 1518 3162 ut
1537 3084 1700 3173 dicebat,
1722 3083 1763 3160 in
1789 3101 1909 3162 castro
1930 3113 2000 3163 suo
2020 3085 2067 3162 de

648 3216 816 3304 Momac,
837 3242 907 3320 per
924 3215 1187 3322 stipendiarios
1206 3216 1352 3293 domini
1372 3217 1498 3322 Regis,
1521 3221 1721 3292 existentes
1736 3214 1880 3292 ibidem
1899 3232 2069 3321 ternpore

646 3374 800 3454 guerre,
817 3374 892 3452 que
908 3346 1071 3453 dampna
1090 3347 1242 3452 petebat
1262 3347 1363 3424 idem
1382 3345 1492 3424 miles
1512 3346 1582 3425 sibi
1601 3345 1711 3422 reddi
1732 3373 1753 3420 a
1773 3345 1929 3421 domino
1951 3349 2069 3452 Rege,
2089 3385 2091 3399 ·

646 3479 794 3555 inventa
806 3495 864 3556 est
874 3478 1002 3555 minus
1012 3477 1244 3556 sufficienter
1255 3477 1365 3569 facta,
1381 3496 1419 3555 et
1430 3507 1507 3556 non
1516 3477 1653 3556 vocatis
1669 3493 1910 3582 procuratore
1922 3477 2067 3554 domini

647 3610 758 3718 Regis
774 3611 937 3688 etdictis
950 3610 1206 3717 stipendiariis
1225 3611 1290 3717 qui
1307 3610 1524 3688 debuerunt
1542 3609 1664 3687 vocari
1682 3609 1891 3686 secundum
1908 3607 2067 3686 sormam

647 3740 937 3831 commissionis,
960 3758 999 3818 et
1017 3741 1177 3828 idcirco,
1198 3768 1266 3845 per
1276 3741 1466 3848 judicium
1489 3740 1611 3826 curie,
1629 3737 1702 3816 suit
1720 3738 1898 3814 anullata.

701 3869 744 3944 In
759 3868 854 3946 festo
872 3868 1238 3947 Sancti-Clementis.

703 3998 906 4076 Mellentus
923 4000 1139 4105 reportavit.

701 4264 761 4342 Vl.
792 4263 892 4345 Cum
907 4262 1135 4371 Reginaldus
1153 4263 1411 4370 Bacca-Nigra,
1434 4260 1695 4347 Lumbardus,
1718 4258 1894 4368 gentibus
1910 4259 2063 4347 nostris,

645 4393 822 4482 Parisios,
838 4421 907 4499 pro
922 4394 1059 4471 nostris
1074 4394 1257 4502 negociis,
1275 4394 1541 4484 existentibus,
1559 4407 1787 4500 conquestus
1797 4391 1926 4469 suisset
1944 4393 2063 4500 quod,

645 4553 732 4601 cum
752 4525 848 4630 ipse,
871 4541 1061 4632 tamquam
1081 4542 1275 4616 mercator,
1298 4553 1443 4632 pannos
1460 4523 1624 4603 deferret
1638 4525 1686 4602 de
1707 4522 1890 4601 nundinis
1910 4523 2067 4630 Campa-

645 4656 707 4734 nie
723 4658 771 4732 ad
786 4673 911 4763 partes
929 4684 1033 4744 suas,
1050 4671 1089 4733 et
1106 4656 1238 4734 decem
1256 4657 1371 4736 libras
1390 4685 1606 4767 grossorum
1624 4654 1904 4734 Turonensium
1920 4683 1988 4760 pro
2007 4683 2067 4732 ex-

644 4789 769 4894 pensis
787 4789 863 4865 suis
880 4787 1079 4877 faciendis,
1101 4789 1278 4867 custodes
1293 4805 1474 4897 portuum
1494 4790 1533 4866 in
1551 4787 1701 4866 ballivis
1719 4786 1980 4866 Matisconensi
2000 4786 2066 4864 de-

645 4919 764 5024 putati
783 4949 803 4996 a
819 4919 931 4998 nobis
950 4919 1069 4997 dictas
1088 4920 1220 4998 decem
1240 4919 1354 5000 libras
1373 4949 1487 5026 super
1504 4921 1627 5026 ipsum
1647 4933 1828 5027 ceperunt
1843 4935 1884 4995 et
1896 4917 2068 4994 detinent

644 5051 800 5158 injuste,
826 5079 943 5158 quare
965 5050 1119 5158 petebat
1144 5051 1284 5129 dictam
1306 5051 1506 5160 pecuniam
1533 5049 1604 5127 sibi
1630 5049 1759 5141 reddi,
1785 5047 1994 5128 Guillelmo
2020 5048 2066 5126 de

644 5179 785 5287 Fargiis
799 5197 839 5258 et
852 5183 1023 5258 Johanne
1039 5182 1088 5258 de
1107 5181 1264 5290 Bussily,
1285 5181 1489 5267 militibus,
1511 5181 1559 5257 ad
1579 5180 1767 5258 dictorum
1784 5195 1967 5285 portuum
1984 5206 2068 5255 cus-

644 5310 788 5388 todiam
810 5313 1016 5419 deputatis,
1040 5312 1253 5390 dicentibus
1273 5341 1317 5390 ex
1336 5311 1492 5389 adverso
1513 5329 1551 5388 et
1572 5310 1843 5389 confitentibus
1867 5337 1906 5388 se
1928 5309 2065 5386 dictam

643 5440 861 5542 pecuniam,
874 5459 1068 5550 tamquam
1078 5441 1190 5519 nobis
1202 5443 1459 5530 commissam,
1474 5439 1630 5548 cepisse,
1645 5469 1714 5548 pro
1728 5468 1774 5518 eo
1786 5439 1891 5547 qood
1909 5438 2006 5542 ipse,
2023 5451 2067 5510 ut
