5817 7292
876 1110 949 1184 1122
1447 1110 1537 1183 Lus
1568 1109 1709 1183 OLIM.

652 1270 780 1325 Pensm
793 1266 844 1331 tv,
875 1271 961 1361 post
979 1272 1018 1331 et
1036 1272 1164 1332 contra
1184 1250 1425 1327 interdictum
1438 1268 1476 1327 et
1489 1249 1791 1357 prohibicionem
1811 1248 2014 1353 predictas,
2026 1250 2075 1327 ab
2089 1249 2171 1356 ipso
2185 1252 2295 1329 Petro

711 1358 773 1402 Μ’
875 1386 913 1461 in
934 1385 1078 1463 dictum
1098 1383 1279 1463 Gerinum
1300 1398 1337 1458 ct
1356 1381 1448 1458 alies
1466 1382 1507 1457 in
1526 1380 1627 1459 dicto
1647 1379 1907 1485 procuratorio
1926 1396 2140 1469 contentos,
2161 1382 2295 1459 sennh

875 1516 1019 1593 eisdem
1039 1542 1188 1592 causam
1207 1510 1407 1599 hebentes,
1420 1510 1548 1601 factas,
1562 1528 1601 1588 et
1619 1528 1829 1590 contractus
1848 1538 1964 1617 super
1980 1512 2035 1589 eis
2049 1511 2199 1589 hnbitos
2212 1530 2297 1617 post

875 1646 1018 1723 dictum
1035 1643 1293 1732 interdictum,
1307 1640 1489 1719 declarari
1502 1670 1583 1720 esse
1597 1641 1734 1731 nullos,
1752 1656 1791 1719 et
1800 1640 1919 1719 dictas
1929 1641 2156 1719 hereditates
2167 1642 2297 1719 adeas

874 1777 962 1852 dem
976 1774 1166 1882 pertinere
1185 1772 1344 1861 debere,
1368 1788 1405 1849 et
1425 1771 1547 1848 dictos
1567 1788 1755 1876 emptores
1774 1769 1822 1846 ad
1838 1772 2122 1850 restituciouem
2136 1772 2296 1876 premis-

873 1932 1000 1982 sorum
1015 1903 1086 1982 sibi
1102 1902 1389 2008 condempnari,
1403 1928 1477 1977 una
1494 1928 1580 1978 cum
1594 1899 1779 1977 fructibus
1789 1900 1880 1978 inde
1893 1901 2079 2007 perceptis
2086 1916 2127 1979 et
2138 1901 2203 2007 qui
2217 1927 2296 2005 per·

874 2036 947 2141 cipi
966 2052 1191 2141 potuerunt,
1210 2033 1310 2111 dicto
1330 2030 1488 2119 Garine,
1506 2029 1662 2107 nomine
1676 2058 1754 2135 quo
1772 2058 1903 2135 supra,
1918 2030 2050 2106 multis
2063 2030 2292 2116 unionibus,

707 2181 717 2197 '
875 2166 1022 2245 dicente
1038 2163 1218 2271 premissa
1237 2160 1321 2239 fieri
1341 2190 1419 2239 non
1443 2160 1599 2249 dehere,
1622 2175 1662 2236 et
1677 2158 1783 2265 quod
1804 2159 1927 2236 dictm
1940 2162 2087 2249 Petrus,
2103 2177 2182 2236 toto
2199 2176 2293 2241 tem-

873 2322 964 2401 pore
983 2294 1058 2371 vite
1070 2322 1159 2382 sue,
1173 2318 1248 2368 nnn
1263 2290 1434 2368 obstante
1452 2288 1553 2365 dicto
1573 2288 1795 2380 interdicto,
1812 2289 1841 2365 si
1859 2315 2024 2394 unquam
2041 2288 2180 2365 lactum
2197 2287 2288 2377 luit,
2385 2380 2400 2407 ο

874 2425 1075 2513 vendebat,
1100 2418 1264 2509 emebat,
1288 2434 1326 2494 et
1350 2418 1440 2495 alias
1465 2416 1732 2506 contrahebat,
1745 2435 1922 2523 tanquam
1942 2416 2126 2495 discretus
2144 2435 2183 2495 et
2204 2416 2291 2495 dili·

873 2582 966 2661 gens
982 2580 1112 2630 rerum
1128 2577 1280 2629 suarum
1298 2546 1589 2634 administrator,
1607 2564 1645 2624 et
1657 2547 1761 2653 quod
1770 2564 1902 2656 gentes
1913 2546 2058 2625 domini
2070 2548 2183 2657 Regis
2201 2574 2291 2625 cen·

872 2699 1012 2759 namus
1023 2681 1125 2785 ipsos
1138 2676 1349 2783 sigillabant
1361 2694 1494 2753 etcum
1510 2675 1646 2753 eodem
1657 2678 1945 2769 contraheltant3
1959 2677 2050 2755 item
2059 2737 2069 2766 ,
2079 2678 2186 2785 qued
2199 2706 2292 2755 uxor

871 2812 990 2916 ipsius
1009 2810 1109 2886 Petri
1131 2808 1242 2885 dictis
1258 2807 1512 2885 contractibus
1533 2834 1647 2885 suum
1668 2809 1823 2914 prebuit
1839 2836 2051 2899 assensum
2071 2809 2167 2888 facts
2181 2810 2294 2917 igitur

872 2967 986 3047 super
1006 2939 1197 3045 premissis
1220 2939 1407 3044 inquesta‚
1429 2938 1553 3015 dietus
1569 2938 1746 3029 ballivus,
1766 2968 1834 3046 per
1854 2968 1967 3019 sum
1983 2941 2190 3048 judicium,
2208 2970 2294 3047 pre-

873 3070 1061 3149 nunciavit
1081 3070 1196 3147 dictas
1217 3068 1435 3147 domicellae
1452 3069 1709 3148 intencionem
1723 3099 1829 3147 sunm
1846 3099 1961 3177 super
1980 3070 2294 3150 hiissufficienter

872 3201 1100 3307 probavisse,
1119 3215 1157 3277 et
1170 3198 1422 3288 vendiciones,
1439 3200 1741 3304 permutaciones
1754 3229 1822 3278 seu
1835 3201 2287 3308 alienacionespredictas,

873 3348 1083 3408 contractus
1109 3328 1296 3435 predictos
1317 3328 1459 3407 debere
1478 3329 1646 3407 totaliter
1669 3330 1845 3419 anullari,
1867 3350 1905 3409 et
1925 3331 2041 3408 dictas
2064 3330 2289 3409 hereditates

872 3460 1012 3539 debere
1027 3460 1161 3539 reverti
1173 3459 1215 3537 in
1230 3475 1328 3537 statu
1342 3458 1411 3536 ille
1431 3460 1472 3537 in
1492 3488 1570 3566 quo
1582 3478 1693 3538 erant
1704 3462 2073 3566 tempore'dictnrum
2091 3461 2290 3540 alienacio·

870 3619 962 3669 num
983 3608 1021 3669 et
1040 3607 1299 3669 contractuum
1316 3590 1588 3696 predictorum,
1612 3619 1689 3669 non
1702 3590 1936 3669 obstantibus
1948 3591 2149 3699 propositis
2164 3620 2209 3669 ex
2222 3568 2288 3670 a‘d-

871 3748 993 3809 versm
1017 3750 1039 3797 a
1062 3749 1139 3826 quo
1159 3719 1345 3828 judicato,
1373 3737 1554 3827 tanquam
1577 3719 1669 3802 salso
1695 3737 1734 3798 et
1755 3748 1883 3827 pravo,
1909 3706 2032 3801 dictus
2055 3721 2217 3800 Garinus
2240 3722 2288 3798 nd

871 3868 1036 3930 uestram
1048 3850 1208 3937 curiam,
1219 3878 1297 3956 qun
1311 3878 1423 3956 supra
1436 3851 1607 3942 nomine,
1619 3850 1836 3957 appellavit:
1846 3851 1996 3932 Auditis
2004 3852 2120 3959 igitur
2127 3852 2168 3929 in
2181 3880 2290 3929 casua

870 3979 970 4059 dicte
995 3979 1263 4087 appellacionis
1281 3979 1460 4086 predictis
1483 3980 1668 4085 pertibus,
1686 3996 1730 4059 et
1750 4010 1879 4057 earum
1904 3981 2118 4061 nacionibus
2140 3981 2289 4087 plenius

869 4108 1090 4202 intellectis,
1112 4141 1154 4188 ac
1170 4111 1249 4187 vise
1269 4110 1472 4217 diligenter
1482 4136 1661 4218 processu
1680 4109 1867 4216 predicte,
1879 4138 1948 4216 per
1966 4113 2069 4190 curie
2086 4129 2213 4191 nostre
2226 4113 2288 4220 ju·

869 4238 1012 4316 dicium
1027 4240 1171 4319 dictum
1185 4239 1258 4317 snit
1271 4240 1485 4345 predictum
1501 4237 1683 4318 ballivum
1699 4241 1798 4319 hene
1811 4240 2001 4349 judicasse
2014 4260 2053 4320 et
2064 4243 2210 4321 dictum
2220 4243 2277 4323 Ga

868 4370 1015 4460 sinum,
1034 4401 1112 4479 quo
1129 4400 1241 4479 supra
1255 4372 1425 4460 nomine,
1444 4371 1544 4451 male
1564 4371 1787 4479 appellasse,
1803 4389 1842 4449 et
1861 4374 1967 4479 quod
1979 4375 2058 4481 ipse
2072 4377 2146 4453 hoc
2162 4402 2288 4452 emen-

868 4499 984 4579 dabit.
1925 4538 1929 4544 ·
2112 4547 2117 4558 =

922 4631 1118 4709 Dominice
1138 4652 1224 4740 post
1238 4635 1497 4713 Cendelnsam.

921 4763 1022 4868 Roya
1042 4764 1255 4867 reportavit.
1477 4752 1479 4755 ’

861 5070 864 5075 ·
901 5022 1061 5100 XXXV.
1092 5025 1174 5102 Lite
1194 5042 1296 5102 mets
1311 5054 1437 5105 cerem
1456 5026 1595 5106 ballivo
1613 5027 1889 5120 Aurelianensi,
1911 5029 2011 5108 inter
2022 5018 2282 5119 benedictam,

862 5146 1030 5227 relictum
1050 5153 1244 5230 benedicti
1265 5153 1312 5231 de
1331 5155 1507 5246 Gestae,
1529 5174 1569 5235 et
1587 5158 1731 5237 h'bems
1751 5159 1940 5267 ejudem,
1957 5188 2002 5237 ex
2019 5178 2123 5266 pente
2138 5187 2228 5246 una,
2246 5178 2285 5235 et

862 5306 964 5357 nune
983 5278 1204 5391 destructum
1223 5283 1433 5366 iohannem
1460 5287 1498 5365 le
1527 5288 1665 5380 Pinare,
1687 5289 1782 5369 dnm
1800 5291 1954 5381 vivenet,
1975 5306 2014 5366 et
2029 5289 2214 5365 Themam
2235 5286 2282 5363 de

862 5410 1071 5517 Mngduno‚
1086 5411 1168 5519 ejus
1178 5440 1435 5520 pessumas
1454 5416 1584 5509 alters,
1597 5448 1712 5526 snper
1731 5448 1777 5499 eo
1795 5418 1901 5527 qnod
1920 5417 2017 5499 dicte
2030 5418 2231 5496 Benedicta
2245 5433 2285 5494 et
