5817 7292
1019 1105 1284 1213 unontrns
1309 1105 1599 1197 srrnocns.
1948 1123 2018 1197 aar

605 1265 663 1344 dis
675 1264 915 1373 pignoribus,
936 1266 1086 1344 racione
1103 1264 1200 1341 dicte
1216 1262 1319 1340 tallie
1337 1264 1453 1369 captis
1469 1264 1508 1339 in
1521 1262 1605 1340 loco
1617 1262 1789 1368 predicto
1805 1264 1855 1340 de
1871 1262 2024 1341 Alman-
2054 1275 2191 1334 rmum
2202 1273 2247 1333 tv,

604 1396 662 1473 nn
676 1421 744 1500 per
757 1394 1070 1502 super-bajanum
1085 1393 1132 1469 aa
1147 1393 1266 1481 arno,
1279 1391 1532 1497 pendentibus
1543 1389 1779 1497 processibus
1792 1390 1939 1495 primu,
1958 1390 2025 1469 tac·
2123 1368 2186 1410 ¹³⁰²

604 1542 704 1616 tum,
717 1526 963 1602 reduceretur
977 1525 1016 1601 in
1032 1541 1169 1601 statum
1187 1523 1385 1629 pristinum
1398 1523 1438 1599 in
1450 1549 1528 1630 quo
1538 1536 1797 1627 erattempore
1809 1546 1887 1626 quo
1900 1523 2024 1626 primo

608 1654 731 1732 littera
748 1654 836 1731 dicti
852 1654 1045 1732 senescalli
1063 1681 1175 1759 super
1188 1653 1261 1732 hoc
1276 1653 1326 1731 ad
1340 1652 1484 1731 dictum
1498 1651 1670 1759 judicem
1691 1651 1892 1738 emanavit,
1905 1668 1945 1728 et
1955 1650 2026 1729 alia

607 1786 645 1861 in
668 1784 777 1862 dictis
798 1784 931 1862 litteris
948 1783 1140 1861 senescalli
1163 1784 1321 1889 predicti
1340 1799 1516 1861 contenta
1529 1783 1570 1857 in
1586 1809 1657 1859 suo
1676 1782 1813 1858 robore
1829 1808 2028 1886 permane·

607 1932 709 2002 rent;
730 1942 751 1989 a
770 1942 847 2018 qua
863 1911 1053 1989 sentencia
1073 1940 1156 2017 pars
1179 1929 1356 2019 utraque,
1381 1913 1420 1987 in
1446 1928 1630 2017 quantum
1654 1928 1784 1989 contra
1801 1912 1925 2016 ipsum
1952 1912 2026 1989 lata

608 2061 702 2129 erat,
718 2042 765 2119 ad
778 2059 943 2121 nostram
959 2042 1100 2117 curiam
1115 2038 1314 2146 appellavit
1329 2073 1338 2117 ε
1353 2042 1526 2119 Partibus
1543 2042 1660 2147 igitur
1676 2040 1855 2145 predictis
1874 2042 1914 2117 in
1931 2043 2029 2119 dicta

607 2172 873 2278 appellacionis
887 2198 997 2247 causa
1006 2170 1046 2244 in
1062 2186 1188 2246 nostra
1207 2170 1310 2247 curia
1325 2170 1631 2274 comparentibus
1645 2156 1688 2247 'et
1699 2170 1854 2259 auditis,
1865 2171 2027 2277 visisque

502 2392 514 2417 ·
606 2300 842 2409 processibus
861 2298 1041 2377 omnibus
1060 2298 1299 2401 supradictis,
1316 2325 1384 2403 per
1403 2298 1507 2375 curie
1530 2316 1658 2375 nostre
1672 2300 1863 2405 judicium
1886 2301 2028 2378 dictum

608 2433 679 2511 fuit
688 2431 901 2537 predictum
917 2428 1104 2537 judicem,
1117 2444 1301 2533 quantum
1320 2426 1369 2503 ad
1386 2427 1672 2504 restitucionem
1691 2428 1879 2508 dictorum
1898 2432 2032 2538 pigno-

608 2592 694 2641 rum
716 2563 756 2638 in
775 2561 976 2669 pristinum
1001 2575 1139 2635 statum
1166 2555 1389 2647 faciendam,
1413 2557 1512 2635 bene
1537 2559 1825 2663 pronunciasse,
1852 2577 1891 2637 et
1914 2560 2031 2639 dictos

612 2690 785 2770 consules
801 2688 849 2767 de
868 2690 998 2767 Mauso
1013 2686 1181 2793 predicto
1200 2684 1296 2761 male
1315 2684 1538 2790 appellasse;
1554 2701 1740 2792 quantum
1749 2715 1839 2766 vero
1849 2688 1898 2763 ad
1911 2687 1981 2766 alia
1990 2690 2031 2766 iu

612 2821 712 2900 dicto
726 2819 895 2927 judicato
911 2834 1101 2903 contenta,
1114 2815 1236 2921 ipsum
1245 2814 1415 2920 judicem
1431 2815 1530 2892 male
1538 2814 1743 2923 judicasse,
1756 2832 1794 2894 et
1809 2816 1927 2894 dictos
1941 2845 2032 2895 con·

612 2949 714 3027 sules
728 2948 777 3025 de
792 2948 901 3025 Anio
922 2974 1035 3053 super
1054 2944 1127 3023 hoc
1145 2944 1243 3021 bene
1264 2942 1481 3050 appellasse.
1567 2974 1572 2980 ·

666 3078 862 3157 Dominica
882 3094 967 3183 post
984 3076 1242 3155 Candelosam.

591 3226 593 3229 ’
669 3209 774 3287 Creci
794 3209 1007 3314 reportavit.

669 3472 826 3555 XXXIV.
859 3472 940 3551 Lite
964 3488 1066 3552 mota
1084 3498 1208 3549 corarn
1233 3468 1371 3548 ballivo
1397 3470 1568 3577 Hugouis
1589 3471 1638 3548 de
1662 3470 1822 3561 Bovilla,
1844 3469 1975 3551 militis
1998 3492 2036 3551 et

613 3580 834 3683 rainbellani
848 3602 992 3681 domini
1012 3604 1141 3711 Regis,
1156 3602 1255 3681 inter
1268 3602 1497 3691 Johannam,
1511 3600 1680 3678 relictam
1695 3601 1864 3679 defivncti
1883 3604 1984 3680 Petri
2000 3603 2036 3680 le

615 3737 740 3841 Coup,
768 3736 815 3813 de
835 3733 1003 3840 Capella,
1031 3732 1223 3838 armigeri,
1249 3730 1465 3808 Mathildim
1484 3746 1524 3807 et
1540 3732 1767 3820 iohannem,
1790 3731 1886 3807 filias
1911 3747 1948 3808 et
1968 3733 2036 3809 he-

615 3866 724 3941 redes
744 3863 835 3941 dicti
856 3862 1023 3941 defuncti
1042 3862 1158 3951 Petri,
1177 3888 1221 3935 ex
1239 3876 1343 3966 parte
1364 3887 1455 3949 una,
1474 3875 1512 3935 et
1530 3857 1742 3935 Guerinum
1761 3858 1905 3934 dictum
1927 3862 2037 3935 Mou-

616 4010 699 4083 net,
720 3993 873 4069 nomine
893 4022 962 4070 suo
976 4008 1014 4069 et
1026 3991 1181 4069 nomine
1193 3989 1451 4096 procuratorio
1467 3986 1720 4092 quorumdam
1735 3986 1895 4064 aliorum
1914 3988 2037 4063 homi-

617 4152 709 4201 num
720 4121 804 4199 ville
820 4122 867 4199 de
888 4121 1041 4229 Capella
1054 4122 1095 4198 iu
1116 4147 1248 4198 eorum
1268 4116 1527 4224 procuratorio
1546 4130 1828 4206 contentorum,
1844 4146 1888 4193 ex
1902 4117 2036 4207 altera,

617 4280 730 4359 super
742 4281 787 4329 eo
801 4252 906 4359 quod
925 4251 1100 4329 dicebant
1112 4250 1210 4327 dicte
1224 4247 1424 4328 domicelle
1438 4245 1560 4352 quod,
1574 4272 1660 4322 cum
1680 4244 1781 4324 dicto
1799 4246 1928 4335 Petro,
1942 4265 2039 4325 tem-

618 4409 709 4488 pore
728 4410 804 4489 quo
822 4382 902 4488 ipse
921 4380 1082 4472 vivebat,
1103 4398 1281 4487 tanquam
1300 4376 1460 4485 prodigo
1480 4392 1519 4453 et
1542 4374 1733 4452 bonorum
1754 4403 1912 4453 suorum
1931 4377 2040 4455 dissi·

619 4529 764 4618 patore,
787 4510 835 4588 ad
845 4510 1135 4621 requisicionem
1151 4508 1359 4586 amicorum
1379 4505 1568 4615 ejusdem,
1580 4532 1625 4582 ex
1637 4522 1742 4612 parte
1757 4504 1902 4583 domiui
1914 4509 2036 4615 Regis,

619 4640 896 4720 administracio
913 4640 1102 4718 bonorum
1115 4666 1269 4717 suorum
1280 4638 1413 4715 fuisset
1425 4635 1591 4714 totaliter
1606 4636 1824 4727 interdicta,
1839 4654 1878 4715 et
1889 4635 2039 4743 publice

620 4790 658 4851 et
677 4772 920 4877 solempniter
938 4770 978 4847 in
998 4769 1094 4848 villis
1114 4769 1161 4847 de
1178 4768 1349 4876 Capella,
1362 4767 1410 4846 de
1431 4766 1631 4845 Gressibus
1649 4783 1687 4844 et
1699 4765 1782 4843 aliis
1801 4765 1892 4843 locis
1910 4768 2040 4844 vicinis

620 4902 888 5010 proclamatum
908 4928 956 4979 ne
976 4900 1061 5009 quis
1081 4899 1182 4978 dicto
1196 4900 1308 4977 Petro
1322 4896 1504 4975 venderet
1516 4925 1584 4976 seu
1604 4897 1652 4975 ab
1672 4897 1809 4974 eodem
1826 4915 1970 4975 emeret
1982 4897 2040 4976 vel

620 5034 709 5114 alias
728 5032 967 5111 contraheret
990 5028 1280 5139 quomodolibet
1302 5057 1389 5107 cum
1409 5029 1564 5117 eodem,
1585 5026 1840 5133 petebantque
1861 5025 1960 5104 dicte
1980 5026 2041 5103 do

621 5164 769 5243 micelle
786 5162 1043 5253 vendiciones,
1057 5160 1356 5267 permutaciones
1371 5187 1438 5236 seu
1452 5157 1702 5237 alieuaciones
1718 5156 1968 5265 quarumdam
1981 5156 2042 5233 he-

621 5295 843 5385 reditatum,
859 5294 906 5371 de
929 5292 1068 5399 quibus
1085 5290 1179 5369 facta
1198 5290 1270 5369 fuit
1291 5290 1475 5382 ostensio,
1489 5316 1583 5397 quas
1601 5287 1848 5377 hereditates,
1864 5304 2041 5390 tanquam

624 5450 719 5511 suas,
733 5426 887 5503 tenebat
896 5440 934 5502 et
945 5422 1174 5529 possidebat,
1187 5440 1357 5527 tempore
1372 5420 1461 5498 dicti
1476 5418 1684 5506 interdicti,
1695 5419 1887 5522 predictus
1898 5413 2040 5501 Petrus,
