<?xml version="1.0" encoding="UTF-8"?>
<!DOCTYPE html PUBLIC "-//W3C//DTD XHTML 1.0 Transitional//EN"
    "http://www.w3.org/TR/xhtml1/DTD/xhtml1-transitional.dtd">
<html xmlns="http://www.w3.org/1999/xhtml" xml:lang="en" lang="en">
 <head>
  <title>
</title>
<meta http-equiv="Content-Type" content="text/html;charset=utf-8" />
  <meta name='ocr-system' content='tesseract 3.04.00' />
  <meta name='ocr-capabilities' content='ocr_page ocr_carea ocr_par ocr_line ocrx_word'/>
</head>
<body>
  <div class='ocr_page' id='page_1' title='image "./lesolimouregist00pargoog_0363.png"; bbox 0 0 5817 7292; ppageno 0'>
   <div class='ocr_carea' id='block_1_1' title="bbox 1057 1119 2061 1228">
    <p class='ocr_par' dir='ltr' id='par_1_1' title="bbox 1057 1119 2061 1228">
     <span class='ocr_line' id='line_1_1' title="bbox 1057 1119 2061 1228; baseline 0.002 -18"><span class='ocrx_word' id='word_1_1' title='bbox 1057 1119 1326 1228; x_wconf 77' lang='lat' dir='ltr'>nvoutrns</span> <span class='ocrx_word' id='word_1_2' title='bbox 1351 1139 1415 1210; x_wconf 81' lang='lat' dir='ltr'>nr</span> <span class='ocrx_word' id='word_1_3' title='bbox 1442 1120 1649 1212; x_wconf 73' lang='lat' dir='ltr'>Procas</span> <span class='ocrx_word' id='word_1_4' title='bbox 1989 1141 2061 1212; x_wconf 79' lang='lat'>257</span> 
     </span>
    </p>
   </div>
   <div class='ocr_carea' id='block_1_2' title="bbox 635 1275 2288 3212">
    <p class='ocr_par' dir='ltr' id='par_1_2' title="bbox 635 1275 2288 3212">
     <span class='ocr_line' id='line_1_2' title="bbox 642 1275 2288 1388; baseline -0.004 -31"><span class='ocrx_word' id='word_1_5' title='bbox 642 1295 756 1357; x_wconf 88' lang='lat' dir='ltr'>nente</span> <span class='ocrx_word' id='word_1_6' title='bbox 780 1305 821 1356; x_wconf 93' lang='lat' dir='ltr'>se</span> <span class='ocrx_word' id='word_1_7' title='bbox 846 1275 970 1356; x_wconf 86' lang='lat' dir='ltr'>nullas</span> <span class='ocrx_word' id='word_1_8' title='bbox 990 1278 1120 1358; x_wconf 87' lang='lat' dir='ltr'>secisse</span> <span class='ocrx_word' id='word_1_9' title='bbox 1146 1279 1342 1387; x_wconf 86' lang='lat' dir='ltr'>surprisias</span> <span class='ocrx_word' id='word_1_10' title='bbox 1360 1307 1429 1357; x_wconf 88' lang='lat' dir='ltr'>seu</span> <span class='ocrx_word' id='word_1_11' title='bbox 1448 1279 1630 1358; x_wconf 73' lang='lat' dir='ltr'><strong>novitates</strong></span> <span class='ocrx_word' id='word_1_12' title='bbox 1648 1277 1836 1356; x_wconf 87' lang='lat' dir='ltr'>indebitas</span> <span class='ocrx_word' id='word_1_13' title='bbox 1855 1281 1894 1357; x_wconf 91' lang='lat' dir='ltr'>in</span> <span class='ocrx_word' id='word_1_14' title='bbox 1915 1281 1968 1358; x_wconf 91' lang='lat' dir='ltr'>eis</span> <span class='ocrx_word' id='word_1_15' title='bbox 1988 1309 2062 1388; x_wconf 89' lang='lat' dir='ltr'>que</span> <span class='ocrx_word' id='word_1_16' title='bbox 2102 1288 2288 1352; x_wconf 70' lang='lat' dir='ltr'>Prmnstt</span> 
     </span>
     <span class='ocr_line' id='line_1_3' title="bbox 640 1383 2227 1517; baseline 0.003 -31"><span class='ocrx_word' id='word_1_17' title='bbox 640 1411 719 1517; x_wconf 88' lang='lat' dir='ltr'>ipse</span> <span class='ocrx_word' id='word_1_18' title='bbox 744 1437 860 1515; x_wconf 88' lang='lat' dir='ltr'>super</span> <span class='ocrx_word' id='word_1_19' title='bbox 880 1408 1059 1516; x_wconf 84' lang='lat' dir='ltr'><strong>predictis</strong></span> <span class='ocrx_word' id='word_1_20' title='bbox 1083 1409 1186 1498; x_wconf 85' lang='lat' dir='ltr'>lecit,</span> <span class='ocrx_word' id='word_1_21' title='bbox 1212 1410 1280 1487; x_wconf 90' lang='lat' dir='ltr'>sed</span> <span class='ocrx_word' id='word_1_22' title='bbox 1305 1437 1347 1486; x_wconf 91' lang='lat' dir='ltr'>ea</span> <span class='ocrx_word' id='word_1_23' title='bbox 1365 1410 1429 1516; x_wconf 88' lang='lat' dir='ltr'>jus</span> <span class='ocrx_word' id='word_1_24' title='bbox 1451 1425 1622 1488; x_wconf 90' lang='lat' dir='ltr'>nostrum</span> <span class='ocrx_word' id='word_1_25' title='bbox 1640 1411 1895 1488; x_wconf 88' lang='lat' dir='ltr'>conservando</span> <span class='ocrx_word' id='word_1_26' title='bbox 1915 1408 2060 1504; x_wconf 83' lang='lat' dir='ltr'>secisse,</span> <span class='ocrx_word' id='word_1_27' title='bbox 2164 1383 2227 1426; x_wconf 51' lang='grc' dir='ltr'>Μ’</span> 
     </span>
     <span class='ocr_line' id='line_1_4' title="bbox 641 1539 2064 1648; baseline 0.002 -30"><span class='ocrx_word' id='word_1_28' title='bbox 641 1540 805 1648; x_wconf 89' lang='lat' dir='ltr'>petendo</span> <span class='ocrx_word' id='word_1_29' title='bbox 822 1567 863 1618; x_wconf 86' lang='lat' dir='ltr'>se</span> <span class='ocrx_word' id='word_1_30' title='bbox 879 1539 1021 1618; x_wconf 87' lang='lat' dir='ltr'>absolvi</span> <span class='ocrx_word' id='word_1_31' title='bbox 1036 1569 1056 1617; x_wconf 89' lang='lat' dir='ltr'>a</span> <span class='ocrx_word' id='word_1_32' title='bbox 1072 1540 1270 1647; x_wconf 83' lang='lat' dir='ltr'>predictis:</span> <span class='ocrx_word' id='word_1_33' title='bbox 1290 1540 1480 1630; x_wconf 83' lang='lat' dir='ltr'><strong>Tandem,</strong></span> <span class='ocrx_word' id='word_1_34' title='bbox 1506 1539 1645 1618; x_wconf 88' lang='lat' dir='ltr'>auditis</span> <span class='ocrx_word' id='word_1_35' title='bbox 1663 1539 1831 1646; x_wconf 87' lang='lat' dir='ltr'>parcium</span> <span class='ocrx_word' id='word_1_36' title='bbox 1851 1541 2064 1620; x_wconf 77' lang='lat' dir='ltr'>rationibus</span> 
     </span>
     <span class='ocr_line' id='line_1_5' title="bbox 640 1671 2065 1780; baseline 0.001 -31"><span class='ocrx_word' id='word_1_37' title='bbox 640 1671 732 1750; x_wconf 89' lang='lat' dir='ltr'>hinc</span> <span class='ocrx_word' id='word_1_38' title='bbox 750 1688 789 1748; x_wconf 93' lang='lat' dir='ltr'>et</span> <span class='ocrx_word' id='word_1_39' title='bbox 807 1671 914 1758; x_wconf 91' lang='lat' dir='ltr'>inde,</span> <span class='ocrx_word' id='word_1_40' title='bbox 936 1672 1012 1748; x_wconf 88' lang='lat' dir='ltr'>visa</span> <span class='ocrx_word' id='word_1_41' title='bbox 1031 1689 1070 1750; x_wconf 92' lang='lat' dir='ltr'>et</span> <span class='ocrx_word' id='word_1_42' title='bbox 1089 1672 1290 1780; x_wconf 77' lang='lat' dir='ltr'>diligenter</span> <span class='ocrx_word' id='word_1_43' title='bbox 1308 1671 1516 1749; x_wconf 80' lang='lat' dir='ltr'>examinata</span> <span class='ocrx_word' id='word_1_44' title='bbox 1539 1671 1712 1778; x_wconf 89' lang='lat' dir='ltr'>inquesta</span> <span class='ocrx_word' id='word_1_45' title='bbox 1736 1699 1850 1776; x_wconf 89' lang='lat' dir='ltr'>super</span> <span class='ocrx_word' id='word_1_46' title='bbox 1873 1673 2065 1777; x_wconf 82' lang='lat' dir='ltr'>premissis</span> 
     </span>
     <span class='ocr_line' id='line_1_6' title="bbox 641 1801 2064 1909; baseline 0.001 -30"><span class='ocrx_word' id='word_1_47' title='bbox 641 1803 690 1879; x_wconf 91' lang='lat' dir='ltr'>de</span> <span class='ocrx_word' id='word_1_48' title='bbox 710 1802 887 1880; x_wconf 89' lang='lat' dir='ltr'>mandato</span> <span class='ocrx_word' id='word_1_49' title='bbox 908 1803 1011 1879; x_wconf 90' lang='lat' dir='ltr'>curie</span> <span class='ocrx_word' id='word_1_50' title='bbox 1037 1820 1163 1880; x_wconf 88' lang='lat' dir='ltr'>nostre</span> <span class='ocrx_word' id='word_1_51' title='bbox 1179 1803 1291 1892; x_wconf 86' lang='lat' dir='ltr'>lacta,</span> <span class='ocrx_word' id='word_1_52' title='bbox 1309 1803 1599 1908; x_wconf 82' lang='lat' dir='ltr'>pronunciatum</span> <span class='ocrx_word' id='word_1_53' title='bbox 1619 1801 1707 1892; x_wconf 85' lang='lat' dir='ltr'>luit,</span> <span class='ocrx_word' id='word_1_54' title='bbox 1728 1831 1796 1909; x_wconf 91' lang='lat' dir='ltr'>per</span> <span class='ocrx_word' id='word_1_55' title='bbox 1816 1803 1917 1882; x_wconf 91' lang='lat' dir='ltr'>curie</span> <span class='ocrx_word' id='word_1_56' title='bbox 1938 1820 2064 1882; x_wconf 91' lang='lat' dir='ltr'>nostre</span> 
     </span>
     <span class='ocr_line' id='line_1_7' title="bbox 635 1932 2067 2039; baseline 0.001 -29"><span class='ocrx_word' id='word_1_57' title='bbox 635 1932 840 2038; x_wconf 88' lang='lat' dir='ltr'>judicium,</span> <span class='ocrx_word' id='word_1_58' title='bbox 859 1932 1003 2010; x_wconf 90' lang='lat' dir='ltr'>dictum</span> <span class='ocrx_word' id='word_1_59' title='bbox 1020 1932 1200 2012; x_wconf 90' lang='lat' dir='ltr'>ballivum</span> <span class='ocrx_word' id='word_1_60' title='bbox 1220 1933 1363 2011; x_wconf 91' lang='lat' dir='ltr'>nullam</span> <span class='ocrx_word' id='word_1_61' title='bbox 1379 1934 1597 2039; x_wconf 90' lang='lat' dir='ltr'>surprisiam</span> <span class='ocrx_word' id='word_1_62' title='bbox 1617 1961 1684 2011; x_wconf 89' lang='lat' dir='ltr'>seu</span> <span class='ocrx_word' id='word_1_63' title='bbox 1700 1934 1908 2012; x_wconf 85' lang='lat' dir='ltr'>indebitam</span> <span class='ocrx_word' id='word_1_64' title='bbox 1926 1935 2067 2012; x_wconf 82' lang='lat' dir='ltr'>novita-</span> 
     </span>
     <span class='ocr_line' id='line_1_8' title="bbox 640 2061 2066 2172; baseline 0.003 -34"><span class='ocrx_word' id='word_1_65' title='bbox 640 2079 719 2140; x_wconf 89' lang='lat' dir='ltr'>tem</span> <span class='ocrx_word' id='word_1_66' title='bbox 731 2061 863 2140; x_wconf 80' lang='lat' dir='ltr'>fecisse</span> <span class='ocrx_word' id='word_1_67' title='bbox 882 2064 1064 2168; x_wconf 90' lang='lat' dir='ltr'>capiendo</span> <span class='ocrx_word' id='word_1_68' title='bbox 1077 2063 1221 2141; x_wconf 89' lang='lat' dir='ltr'>dictum</span> <span class='ocrx_word' id='word_1_69' title='bbox 1236 2064 1487 2144; x_wconf 91' lang='lat' dir='ltr'>Guillelmum</span> <span class='ocrx_word' id='word_1_70' title='bbox 1502 2065 1543 2140; x_wconf 94' lang='lat' dir='ltr'>in</span> <span class='ocrx_word' id='word_1_71' title='bbox 1553 2064 1637 2142; x_wconf 90' lang='lat' dir='ltr'>loco</span> <span class='ocrx_word' id='word_1_72' title='bbox 1649 2063 1716 2142; x_wconf 93' lang='lat' dir='ltr'>ubi</span> <span class='ocrx_word' id='word_1_73' title='bbox 1735 2065 1946 2172; x_wconf 90' lang='lat' dir='ltr'>predictum</span> <span class='ocrx_word' id='word_1_74' title='bbox 1958 2064 2066 2146; x_wconf 90' lang='lat' dir='ltr'>Guil-</span> 
     </span>
     <span class='ocr_line' id='line_1_9' title="bbox 640 2191 2063 2302; baseline 0.004 -35"><span class='ocrx_word' id='word_1_75' title='bbox 640 2191 800 2268; x_wconf 90' lang='lat' dir='ltr'>lelmnm</span> <span class='ocrx_word' id='word_1_76' title='bbox 816 2193 929 2298; x_wconf 85' lang='lat' dir='ltr'>cepit,</span> <span class='ocrx_word' id='word_1_77' title='bbox 948 2211 987 2270; x_wconf 92' lang='lat' dir='ltr'>et</span> <span class='ocrx_word' id='word_1_78' title='bbox 1000 2223 1115 2301; x_wconf 91' lang='lat' dir='ltr'>super</span> <span class='ocrx_word' id='word_1_79' title='bbox 1134 2195 1207 2272; x_wconf 90' lang='lat' dir='ltr'>boc</span> <span class='ocrx_word' id='word_1_80' title='bbox 1223 2195 1344 2272; x_wconf 90' lang='lat' dir='ltr'>dictus</span> <span class='ocrx_word' id='word_1_81' title='bbox 1363 2194 1523 2272; x_wconf 85' lang='lat' dir='ltr'>ballivus</span> <span class='ocrx_word' id='word_1_82' title='bbox 1543 2224 1563 2272; x_wconf 90' lang='lat' dir='ltr'>a</span> <span class='ocrx_word' id='word_1_83' title='bbox 1581 2195 1749 2302; x_wconf 89' lang='lat' dir='ltr'>predicta</span> <span class='ocrx_word' id='word_1_84' title='bbox 1767 2196 1954 2302; x_wconf 86' lang='lat' dir='ltr'>peticione</span> <span class='ocrx_word' id='word_1_85' title='bbox 1973 2197 2063 2275; x_wconf 89' lang='lat' dir='ltr'>dicti</span> 
     </span>
     <span class='ocr_line' id='line_1_10' title="bbox 639 2321 2064 2433; baseline 0.004 -35"><span class='ocrx_word' id='word_1_86' title='bbox 639 2322 910 2429; x_wconf 88' lang='lat' dir='ltr'>archiepiscopi</span> <span class='ocrx_word' id='word_1_87' title='bbox 919 2321 992 2399; x_wconf 85' lang='lat' dir='ltr'>suit</span> <span class='ocrx_word' id='word_1_88' title='bbox 1002 2323 1208 2402; x_wconf 90' lang='lat' dir='ltr'>absolutus.</span> <span class='ocrx_word' id='word_1_89' title='bbox 1221 2325 1376 2403; x_wconf 88' lang='lat' dir='ltr'>Dictum</span> <span class='ocrx_word' id='word_1_90' title='bbox 1388 2324 1462 2402; x_wconf 86' lang='lat' dir='ltr'>suit</span> <span class='ocrx_word' id='word_1_91' title='bbox 1475 2326 1592 2402; x_wconf 89' lang='lat' dir='ltr'>eciam</span> <span class='ocrx_word' id='word_1_92' title='bbox 1607 2327 1711 2433; x_wconf 90' lang='lat' dir='ltr'>quod</span> <span class='ocrx_word' id='word_1_93' title='bbox 1726 2325 1865 2405; x_wconf 86' lang='lat' dir='ltr'>sactum</span> <span class='ocrx_word' id='word_1_94' title='bbox 1880 2327 1968 2406; x_wconf 90' lang='lat' dir='ltr'>dicti</span> <span class='ocrx_word' id='word_1_95' title='bbox 1984 2325 2064 2406; x_wconf 95' lang='lat' dir='ltr'>bal·</span> 
     </span>
     <span class='ocr_line' id='line_1_11' title="bbox 640 2452 2063 2560; baseline 0.006 -31"><span class='ocrx_word' id='word_1_96' title='bbox 640 2452 719 2543; x_wconf 87' lang='lat' dir='ltr'>livi,</span> <span class='ocrx_word' id='word_1_97' title='bbox 738 2481 853 2559; x_wconf 88' lang='lat' dir='ltr'>super</span> <span class='ocrx_word' id='word_1_98' title='bbox 868 2455 1106 2560; x_wconf 90' lang='lat' dir='ltr'>reparacione</span> <span class='ocrx_word' id='word_1_99' title='bbox 1122 2455 1310 2534; x_wconf 89' lang='lat' dir='ltr'>dictorum</span> <span class='ocrx_word' id='word_1_100' title='bbox 1325 2455 1650 2545; x_wconf 88' lang='lat' dir='ltr'>stacionariorum,</span> <span class='ocrx_word' id='word_1_101' title='bbox 1665 2457 1830 2547; x_wconf 85' lang='lat' dir='ltr'>tenebit,</span> <span class='ocrx_word' id='word_1_102' title='bbox 1849 2457 1949 2535; x_wconf 86' lang='lat' dir='ltr'>salvo</span> <span class='ocrx_word' id='word_1_103' title='bbox 1964 2458 2063 2536; x_wconf 92' lang='lat' dir='ltr'>dicto</span> 
     </span>
     <span class='ocr_line' id='line_1_12' title="bbox 640 2584 2064 2696; baseline 0.005 -36"><span class='ocrx_word' id='word_1_104' title='bbox 640 2584 920 2689; x_wconf 85' lang='lat' dir='ltr'>archiepiscopo</span> <span class='ocrx_word' id='word_1_105' title='bbox 937 2586 1023 2692; x_wconf 88' lang='lat' dir='ltr'>jure</span> <span class='ocrx_word' id='word_1_106' title='bbox 1042 2585 1188 2664; x_wconf 91' lang='lat' dir='ltr'>censive</span> <span class='ocrx_word' id='word_1_107' title='bbox 1206 2614 1274 2664; x_wconf 91' lang='lat' dir='ltr'>sue</span> <span class='ocrx_word' id='word_1_108' title='bbox 1295 2587 1335 2664; x_wconf 92' lang='lat' dir='ltr'>in</span> <span class='ocrx_word' id='word_1_109' title='bbox 1357 2586 1467 2664; x_wconf 89' lang='lat' dir='ltr'>dictis</span> <span class='ocrx_word' id='word_1_110' title='bbox 1491 2588 1736 2680; x_wconf 74' lang='lat' dir='ltr'>stacionariiS,</span> <span class='ocrx_word' id='word_1_111' title='bbox 1759 2618 1800 2666; x_wconf 89' lang='lat' dir='ltr'>ac</span> <span class='ocrx_word' id='word_1_112' title='bbox 1817 2590 1903 2696; x_wconf 89' lang='lat' dir='ltr'>jure</span> <span class='ocrx_word' id='word_1_113' title='bbox 1924 2589 2064 2666; x_wconf 88' lang='lat' dir='ltr'>immu-</span> 
     </span>
     <span class='ocr_line' id='line_1_13' title="bbox 641 2714 2063 2822; baseline 0.004 -33"><span class='ocrx_word' id='word_1_114' title='bbox 641 2714 767 2791; x_wconf 87' lang='lat' dir='ltr'>nitatis</span> <span class='ocrx_word' id='word_1_115' title='bbox 785 2732 825 2790; x_wconf 93' lang='lat' dir='ltr'>et</span> <span class='ocrx_word' id='word_1_116' title='bbox 842 2715 1027 2794; x_wconf 87' lang='lat' dir='ltr'>libertatis</span> <span class='ocrx_word' id='word_1_117' title='bbox 1046 2717 1085 2792; x_wconf 94' lang='lat' dir='ltr'>in</span> <span class='ocrx_word' id='word_1_118' title='bbox 1105 2716 1265 2804; x_wconf 90' lang='lat' dir='ltr'>eisdem,</span> <span class='ocrx_word' id='word_1_119' title='bbox 1287 2718 1318 2793; x_wconf 91' lang='lat' dir='ltr'>si</span> <span class='ocrx_word' id='word_1_120' title='bbox 1339 2732 1378 2792; x_wconf 90' lang='lat' dir='ltr'>et</span> <span class='ocrx_word' id='word_1_121' title='bbox 1396 2733 1585 2822; x_wconf 89' lang='lat' dir='ltr'>quatenus</span> <span class='ocrx_word' id='word_1_122' title='bbox 1600 2718 1669 2794; x_wconf 90' lang='lat' dir='ltr'>site</span> <span class='ocrx_word' id='word_1_123' title='bbox 1686 2735 1776 2794; x_wconf 92' lang='lat' dir='ltr'>sunt</span> <span class='ocrx_word' id='word_1_124' title='bbox 1794 2718 1949 2795; x_wconf 88' lang='lat' dir='ltr'>indicto</span> <span class='ocrx_word' id='word_1_125' title='bbox 1970 2720 2063 2795; x_wconf 91' lang='lat' dir='ltr'>atrio</span> 
     </span>
     <span class='ocr_line' id='line_1_14' title="bbox 641 2844 1472 2952; baseline -0.001 -32"><span class='ocrx_word' id='word_1_126' title='bbox 641 2873 683 2920; x_wconf 89' lang='lat' dir='ltr'>ae</span> <span class='ocrx_word' id='word_1_127' title='bbox 701 2844 818 2920; x_wconf 89' lang='lat' dir='ltr'>eciam</span> <span class='ocrx_word' id='word_1_128' title='bbox 839 2845 879 2920; x_wconf 92' lang='lat' dir='ltr'>in</span> <span class='ocrx_word' id='word_1_129' title='bbox 898 2863 1002 2951; x_wconf 92' lang='lat' dir='ltr'>parte</span> <span class='ocrx_word' id='word_1_130' title='bbox 1021 2874 1134 2924; x_wconf 77' lang='lat' dir='ltr'>vacua</span> <span class='ocrx_word' id='word_1_131' title='bbox 1153 2846 1236 2922; x_wconf 90' lang='lat' dir='ltr'>atrii</span> <span class='ocrx_word' id='word_1_132' title='bbox 1255 2845 1472 2952; x_wconf 86' lang='lat' dir='ltr'>supradicti.</span> 
     </span>
     <span class='ocr_line' id='line_1_15' title="bbox 695 2975 1302 3082; baseline 0 -30"><span class='ocrx_word' id='word_1_133' title='bbox 695 2977 805 3052; x_wconf 89' lang='lat' dir='ltr'>Lune</span> <span class='ocrx_word' id='word_1_134' title='bbox 819 2992 906 3080; x_wconf 87' lang='lat' dir='ltr'>post</span> <span class='ocrx_word' id='word_1_135' title='bbox 918 2975 1068 3054; x_wconf 88' lang='lat' dir='ltr'>octabas</span> <span class='ocrx_word' id='word_1_136' title='bbox 1082 2975 1302 3082; x_wconf 88' lang='lat' dir='ltr'>Epiphanie.</span> 
     </span>
     <span class='ocr_line' id='line_1_16' title="bbox 674 3106 1221 3212; baseline -0.011 -24"><span class='ocrx_word' id='word_1_137' title='bbox 674 3178 679 3188; x_wconf 94' lang='lat'><em>.</em></span> <span class='ocrx_word' id='word_1_138' title='bbox 697 3107 748 3184; x_wconf 89' lang='grc' dir='ltr'>Μ.</span> <span class='ocrx_word' id='word_1_139' title='bbox 770 3107 993 3212; x_wconf 88' lang='lat' dir='ltr'>Pasquerius</span> <span class='ocrx_word' id='word_1_140' title='bbox 1011 3106 1221 3212; x_wconf 90' lang='lat' dir='ltr'>reportavit.</span> 
     </span>
    </p>
   </div>
   <div class='ocr_carea' id='block_1_3' title="bbox 636 3370 2064 5569">
    <p class='ocr_par' dir='ltr' id='par_1_3' title="bbox 636 3370 2064 5569">
     <span class='ocr_line' id='line_1_17' title="bbox 694 3370 2064 3479; baseline 0.001 -31"><span class='ocrx_word' id='word_1_141' title='bbox 694 3371 818 3448; x_wconf 85' lang='lat' dir='ltr'><strong>XLIII.</strong></span> <span class='ocrx_word' id='word_1_142' title='bbox 850 3370 948 3448; x_wconf 91' lang='lat' dir='ltr'>Cum</span> <span class='ocrx_word' id='word_1_143' title='bbox 967 3399 1082 3476; x_wconf 89' lang='lat' dir='ltr'>super</span> <span class='ocrx_word' id='word_1_144' title='bbox 1099 3371 1262 3479; x_wconf 90' lang='lat' dir='ltr'>quadam</span> <span class='ocrx_word' id='word_1_145' title='bbox 1283 3371 1499 3476; x_wconf 90' lang='lat' dir='ltr'>portacione</span> <span class='ocrx_word' id='word_1_146' title='bbox 1521 3398 1732 3458; x_wconf 88' lang='lat' dir='ltr'>armorum,</span> <span class='ocrx_word' id='word_1_147' title='bbox 1755 3400 1797 3447; x_wconf 91' lang='lat' dir='ltr'>ac</span> <span class='ocrx_word' id='word_1_148' title='bbox 1814 3397 1927 3478; x_wconf 88' lang='lat' dir='ltr'>super</span> <span class='ocrx_word' id='word_1_149' title='bbox 1946 3373 2064 3479; x_wconf 92' lang='lat' dir='ltr'>pluri-</span> 
     </span>
     <span class='ocr_line' id='line_1_18' title="bbox 637 3500 2062 3608; baseline 0.002 -30"><span class='ocrx_word' id='word_1_150' title='bbox 637 3500 709 3580; x_wconf 90' lang='lat' dir='ltr'>bus</span> <span class='ocrx_word' id='word_1_151' title='bbox 725 3501 941 3605; x_wconf 84' lang='lat' dir='ltr'>excessibus</span> <span class='ocrx_word' id='word_1_152' title='bbox 964 3517 1003 3579; x_wconf 90' lang='lat' dir='ltr'>et</span> <span class='ocrx_word' id='word_1_153' title='bbox 1025 3500 1233 3590; x_wconf 90' lang='lat' dir='ltr'>violenciis,</span> <span class='ocrx_word' id='word_1_154' title='bbox 1260 3517 1299 3577; x_wconf 93' lang='lat' dir='ltr'>et</span> <span class='ocrx_word' id='word_1_155' title='bbox 1322 3500 1514 3579; x_wconf 91' lang='lat' dir='ltr'>invasione</span> <span class='ocrx_word' id='word_1_156' title='bbox 1533 3529 1601 3578; x_wconf 94' lang='lat' dir='ltr'>seu</span> <span class='ocrx_word' id='word_1_157' title='bbox 1622 3501 1870 3608; x_wconf 87' lang='lat' dir='ltr'>occupacione</span> <span class='ocrx_word' id='word_1_158' title='bbox 1895 3502 2062 3608; x_wconf 90' lang='lat' dir='ltr'>plurium</span> 
     </span>
     <span class='ocr_line' id='line_1_19' title="bbox 638 3631 2063 3739; baseline 0.001 -30"><span class='ocrx_word' id='word_1_159' title='bbox 638 3661 786 3722; x_wconf 90' lang='lat' dir='ltr'>rerum,</span> <span class='ocrx_word' id='word_1_160' title='bbox 807 3631 1045 3739; x_wconf 85' lang='lat' dir='ltr'>perpetratis,</span> <span class='ocrx_word' id='word_1_161' title='bbox 1061 3645 1106 3708; x_wconf 91' lang='lat' dir='ltr'>ut</span> <span class='ocrx_word' id='word_1_162' title='bbox 1120 3631 1268 3721; x_wconf 93' lang='lat' dir='ltr'>dicitur,</span> <span class='ocrx_word' id='word_1_163' title='bbox 1291 3648 1419 3708; x_wconf 87' lang='lat' dir='ltr'>contra</span> <span class='ocrx_word' id='word_1_164' title='bbox 1438 3632 1592 3738; x_wconf 84' lang='lat' dir='ltr'>gardam</span> <span class='ocrx_word' id='word_1_165' title='bbox 1607 3649 1774 3710; x_wconf 90' lang='lat' dir='ltr'>nostram</span> <span class='ocrx_word' id='word_1_166' title='bbox 1789 3632 2004 3738; x_wconf 87' lang='lat' dir='ltr'>specialem,</span> <span class='ocrx_word' id='word_1_167' title='bbox 2023 3662 2063 3710; x_wconf 89' lang='lat' dir='ltr'>ac</span> 
     </span>
     <span class='ocr_line' id='line_1_20' title="bbox 638 3761 2061 3870; baseline 0.004 -34"><span class='ocrx_word' id='word_1_168' title='bbox 638 3761 910 3840; x_wconf 90' lang='lat' dir='ltr'>inbibicionem</span> <span class='ocrx_word' id='word_1_169' title='bbox 931 3762 1185 3869; x_wconf 91' lang='lat' dir='ltr'>quorumdam</span> <span class='ocrx_word' id='word_1_170' title='bbox 1208 3762 1436 3840; x_wconf 87' lang='lat' dir='ltr'>servientum</span> <span class='ocrx_word' id='word_1_171' title='bbox 1462 3779 1691 3852; x_wconf 88' lang='lat' dir='ltr'>nostrorum,</span> <span class='ocrx_word' id='word_1_172' title='bbox 1713 3791 1781 3870; x_wconf 90' lang='lat' dir='ltr'>per</span> <span class='ocrx_word' id='word_1_173' title='bbox 1800 3765 1991 3870; x_wconf 88' lang='lat' dir='ltr'>Begonem</span> <span class='ocrx_word' id='word_1_174' title='bbox 2015 3763 2061 3841; x_wconf 89' lang='lat' dir='ltr'>de</span> 
     </span>
     <span class='ocr_line' id='line_1_21' title="bbox 638 3890 2061 3982; baseline 0.001 -16"><span class='ocrx_word' id='word_1_175' title='bbox 638 3891 884 3982; x_wconf 87' lang='lat' dir='ltr'>Petra-Forti,</span> <span class='ocrx_word' id='word_1_176' title='bbox 898 3892 1203 3971; x_wconf 88' lang='lat' dir='ltr'>archidiaconum</span> <span class='ocrx_word' id='word_1_177' title='bbox 1222 3893 1496 3980; x_wconf 89' lang='lat' dir='ltr'>Contbensem,</span> <span class='ocrx_word' id='word_1_178' title='bbox 1520 3893 1558 3968; x_wconf 91' lang='lat' dir='ltr'>in</span> <span class='ocrx_word' id='word_1_179' title='bbox 1581 3890 1735 3972; x_wconf 87' lang='lat' dir='ltr'>ecclesia</span> <span class='ocrx_word' id='word_1_180' title='bbox 1753 3893 2004 3981; x_wconf 84' lang='lat' dir='ltr'>Ruthenensi,</span> <span class='ocrx_word' id='word_1_181' title='bbox 2022 3892 2061 3968; x_wconf 93' lang='lat' dir='ltr'>in</span> 
     </span>
     <span class='ocr_line' id='line_1_22' title="bbox 639 4020 2061 4128; baseline 0.001 -32"><span class='ocrx_word' id='word_1_182' title='bbox 639 4021 801 4126; x_wconf 85' lang='lat' dir='ltr'>quadarn</span> <span class='ocrx_word' id='word_1_183' title='bbox 817 4021 934 4101; x_wconf 93' lang='lat' dir='ltr'>domo</span> <span class='ocrx_word' id='word_1_184' title='bbox 949 4051 1016 4100; x_wconf 90' lang='lat' dir='ltr'>seu</span> <span class='ocrx_word' id='word_1_185' title='bbox 1032 4024 1197 4128; x_wconf 89' lang='lat' dir='ltr'>prioratu</span> <span class='ocrx_word' id='word_1_186' title='bbox 1212 4023 1261 4100; x_wconf 93' lang='lat' dir='ltr'>de</span> <span class='ocrx_word' id='word_1_187' title='bbox 1275 4023 1439 4112; x_wconf 88' lang='lat' dir='ltr'>Pabaco,</span> <span class='ocrx_word' id='word_1_188' title='bbox 1457 4023 1601 4100; x_wconf 90' lang='lat' dir='ltr'>ordinis</span> <span class='ocrx_word' id='word_1_189' title='bbox 1617 4020 1890 4108; x_wconf 88' lang='lat' dir='ltr'>Cluniacensis,</span> <span class='ocrx_word' id='word_1_190' title='bbox 1909 4038 1946 4099; x_wconf 91' lang='lat' dir='ltr'>et</span> <span class='ocrx_word' id='word_1_191' title='bbox 1961 4021 2061 4128; x_wconf 87' lang='lat' dir='ltr'>adja-</span> 
     </span>
     <span class='ocr_line' id='line_1_23' title="bbox 639 4149 2060 4259; baseline 0.001 -32"><span class='ocrx_word' id='word_1_192' title='bbox 639 4149 813 4228; x_wconf 91' lang='lat' dir='ltr'>centibus</span> <span class='ocrx_word' id='word_1_193' title='bbox 824 4153 966 4244; x_wconf 93' lang='lat' dir='ltr'>eidem,</span> <span class='ocrx_word' id='word_1_194' title='bbox 978 4153 1256 4258; x_wconf 90' lang='lat' dir='ltr'>pertinentibus</span> <span class='ocrx_word' id='word_1_195' title='bbox 1270 4153 1318 4229; x_wconf 91' lang='lat' dir='ltr'>ad</span> <span class='ocrx_word' id='word_1_196' title='bbox 1328 4151 1494 4259; x_wconf 91' lang='lat' dir='ltr'>priorem</span> <span class='ocrx_word' id='word_1_197' title='bbox 1506 4153 1669 4230; x_wconf 85' lang='lat' dir='ltr'>Sancti-F</span> <span class='ocrx_word' id='word_1_198' title='bbox 1671 4151 1743 4228; x_wconf 94' lang='lat' dir='ltr'>lori</span> <span class='ocrx_word' id='word_1_199' title='bbox 1756 4150 1794 4227; x_wconf 91' lang='lat' dir='ltr'>in</span> <span class='ocrx_word' id='word_1_200' title='bbox 1808 4151 2002 4239; x_wconf 84' lang='lat' dir='ltr'>Arvernia,</span> <span class='ocrx_word' id='word_1_201' title='bbox 2014 4151 2060 4228; x_wconf 93' lang='lat' dir='ltr'>ad</span> 
     </span>
     <span class='ocr_line' id='line_1_24' title="bbox 640 4281 2062 4389; baseline 0.001 -32"><span class='ocrx_word' id='word_1_202' title='bbox 640 4281 858 4358; x_wconf 90' lang='lat' dir='ltr'>instanciam</span> <span class='ocrx_word' id='word_1_203' title='bbox 874 4283 965 4360; x_wconf 91' lang='lat' dir='ltr'>dicti</span> <span class='ocrx_word' id='word_1_204' title='bbox 980 4284 1115 4388; x_wconf 89' lang='lat' dir='ltr'>prioris</span> <span class='ocrx_word' id='word_1_205' title='bbox 1130 4313 1199 4389; x_wconf 91' lang='lat' dir='ltr'>per</span> <span class='ocrx_word' id='word_1_206' title='bbox 1211 4282 1393 4360; x_wconf 89' lang='lat' dir='ltr'>ballivum</span> <span class='ocrx_word' id='word_1_207' title='bbox 1410 4299 1583 4360; x_wconf 90' lang='lat' dir='ltr'>nostrum</span> <span class='ocrx_word' id='word_1_208' title='bbox 1598 4297 1863 4360; x_wconf 87' lang='lat' dir='ltr'>montanamm</span> <span class='ocrx_word' id='word_1_209' title='bbox 1884 4281 2062 4358; x_wconf 83' lang='lat' dir='ltr'>Arvemie</span> 
     </span>
     <span class='ocr_line' id='line_1_25' title="bbox 638 4410 2063 4521; baseline -0.001 -31"><span class='ocrx_word' id='word_1_210' title='bbox 638 4441 752 4518; x_wconf 89' lang='lat' dir='ltr'>super</span> <span class='ocrx_word' id='word_1_211' title='bbox 765 4413 961 4520; x_wconf 89' lang='lat' dir='ltr'>predictis,</span> <span class='ocrx_word' id='word_1_212' title='bbox 975 4414 1114 4492; x_wconf 86' lang='lat' dir='ltr'>vocatis</span> <span class='ocrx_word' id='word_1_213' title='bbox 1127 4414 1314 4520; x_wconf 89' lang='lat' dir='ltr'>partibus,</span> <span class='ocrx_word' id='word_1_214' title='bbox 1335 4413 1536 4521; x_wconf 83' lang='lat' dir='ltr'>diligenter</span> <span class='ocrx_word' id='word_1_215' title='bbox 1555 4413 1694 4520; x_wconf 82' lang='lat' dir='ltr'>inquiri</span> <span class='ocrx_word' id='word_1_216' title='bbox 1713 4410 1912 4490; x_wconf 80' lang='lat' dir='ltr'>fecerimus</span> <span class='ocrx_word' id='word_1_217' title='bbox 1930 4411 2063 4488; x_wconf 89' lang='lat' dir='ltr'>verita-</span> 
     </span>
     <span class='ocr_line' id='line_1_26' title="bbox 639 4542 2061 4653; baseline 0 -33"><span class='ocrx_word' id='word_1_218' title='bbox 639 4562 740 4622; x_wconf 88' lang='lat' dir='ltr'>tem:</span> <span class='ocrx_word' id='word_1_219' title='bbox 759 4544 951 4636; x_wconf 87' lang='lat' dir='ltr'>Tandem,</span> <span class='ocrx_word' id='word_1_220' title='bbox 969 4544 1046 4622; x_wconf 85' lang='lat' dir='ltr'>visa</span> <span class='ocrx_word' id='word_1_221' title='bbox 1065 4545 1237 4653; x_wconf 87' lang='lat' dir='ltr'>inquesta</span> <span class='ocrx_word' id='word_1_222' title='bbox 1256 4573 1369 4650; x_wconf 88' lang='lat' dir='ltr'>super</span> <span class='ocrx_word' id='word_1_223' title='bbox 1387 4546 1462 4622; x_wconf 91' lang='lat' dir='ltr'>hoc</span> <span class='ocrx_word' id='word_1_224' title='bbox 1480 4542 1590 4634; x_wconf 87' lang='lat' dir='ltr'>sacta,</span> <span class='ocrx_word' id='word_1_225' title='bbox 1612 4573 1681 4650; x_wconf 89' lang='lat' dir='ltr'>per</span> <span class='ocrx_word' id='word_1_226' title='bbox 1696 4544 1798 4621; x_wconf 91' lang='lat' dir='ltr'>curie</span> <span class='ocrx_word' id='word_1_227' title='bbox 1819 4560 1946 4620; x_wconf 89' lang='lat' dir='ltr'>nostre</span> <span class='ocrx_word' id='word_1_228' title='bbox 1956 4543 2061 4650; x_wconf 90' lang='lat' dir='ltr'>judi-</span> 
     </span>
     <span class='ocr_line' id='line_1_27' title="bbox 640 4673 2062 4784; baseline -0.001 -30"><span class='ocrx_word' id='word_1_229' title='bbox 640 4674 759 4766; x_wconf 88' lang='lat' dir='ltr'>cium,</span> <span class='ocrx_word' id='word_1_230' title='bbox 785 4675 929 4753; x_wconf 86' lang='lat' dir='ltr'>dictum</span> <span class='ocrx_word' id='word_1_231' title='bbox 949 4675 1023 4752; x_wconf 88' lang='lat' dir='ltr'>snit</span> <span class='ocrx_word' id='word_1_232' title='bbox 1048 4692 1088 4753; x_wconf 91' lang='lat' dir='ltr'>et</span> <span class='ocrx_word' id='word_1_233' title='bbox 1111 4676 1399 4784; x_wconf 81' lang='lat' dir='ltr'>pronunciatum</span> <span class='ocrx_word' id='word_1_234' title='bbox 1423 4675 1523 4754; x_wconf 92' lang='lat' dir='ltr'>bona</span> <span class='ocrx_word' id='word_1_235' title='bbox 1544 4673 1765 4782; x_wconf 88' lang='lat' dir='ltr'>temporalia</span> <span class='ocrx_word' id='word_1_236' title='bbox 1787 4674 1878 4752; x_wconf 91' lang='lat' dir='ltr'>dicti</span> <span class='ocrx_word' id='word_1_237' title='bbox 1902 4673 2062 4782; x_wconf 86' lang='lat' dir='ltr'>Begonis</span> 
     </span>
     <span class='ocr_line' id='line_1_28' title="bbox 640 4803 2061 4915; baseline -0.001 -32"><span class='ocrx_word' id='word_1_238' title='bbox 640 4806 780 4884; x_wconf 89' lang='lat' dir='ltr'>debere</span> <span class='ocrx_word' id='word_1_239' title='bbox 793 4807 884 4914; x_wconf 93' lang='lat' dir='ltr'>poni</span> <span class='ocrx_word' id='word_1_240' title='bbox 898 4807 938 4884; x_wconf 91' lang='lat' dir='ltr'>in</span> <span class='ocrx_word' id='word_1_241' title='bbox 951 4834 1065 4884; x_wconf 88' lang='lat' dir='ltr'>manu</span> <span class='ocrx_word' id='word_1_242' title='bbox 1078 4823 1223 4897; x_wconf 82' lang='lat' dir='ltr'>nostra,</span> <span class='ocrx_word' id='word_1_243' title='bbox 1238 4824 1276 4884; x_wconf 94' lang='lat' dir='ltr'>et</span> <span class='ocrx_word' id='word_1_244' title='bbox 1286 4834 1481 4884; x_wconf 89' lang='lat' dir='ltr'>remanere</span> <span class='ocrx_word' id='word_1_245' title='bbox 1494 4833 1695 4915; x_wconf 90' lang='lat' dir='ltr'>quousque</span> <span class='ocrx_word' id='word_1_246' title='bbox 1709 4806 1810 4882; x_wconf 90' lang='lat' dir='ltr'>dicto</span> <span class='ocrx_word' id='word_1_247' title='bbox 1823 4803 1962 4883; x_wconf 92' lang='lat' dir='ltr'>ballivo</span> <span class='ocrx_word' id='word_1_248' title='bbox 1974 4831 2061 4882; x_wconf 88' lang='lat' dir='ltr'>nos·</span> 
     </span>
     <span class='ocr_line' id='line_1_29' title="bbox 637 4934 2061 5045; baseline -0.004 -28"><span class='ocrx_word' id='word_1_249' title='bbox 637 4955 698 5016; x_wconf 92' lang='lat' dir='ltr'>tro</span> <span class='ocrx_word' id='word_1_250' title='bbox 718 4967 786 5045; x_wconf 92' lang='lat' dir='ltr'>pro</span> <span class='ocrx_word' id='word_1_251' title='bbox 810 4938 921 5016; x_wconf 90' lang='lat' dir='ltr'>nobis</span> <span class='ocrx_word' id='word_1_252' title='bbox 943 4936 1059 5016; x_wconf 87' lang='lat' dir='ltr'>fuerit</span> <span class='ocrx_word' id='word_1_253' title='bbox 1078 4966 1148 5043; x_wconf 92' lang='lat' dir='ltr'>pro</span> <span class='ocrx_word' id='word_1_254' title='bbox 1171 4938 1281 5016; x_wconf 90' lang='lat' dir='ltr'>dictis</span> <span class='ocrx_word' id='word_1_255' title='bbox 1300 4937 1511 5016; x_wconf 82' lang='lat' dir='ltr'>excessibus</span> <span class='ocrx_word' id='word_1_256' title='bbox 1533 4938 1581 5016; x_wconf 86' lang='lat' dir='ltr'>de</span> <span class='ocrx_word' id='word_1_257' title='bbox 1606 4965 1752 5016; x_wconf 87' lang='lat' dir='ltr'>summa</span> <span class='ocrx_word' id='word_1_258' title='bbox 1771 4934 2061 5045; x_wconf 80' lang='lat' dir='ltr'>quingentarum</span> 
     </span>
     <span class='ocr_line' id='line_1_30' title="bbox 638 5065 2060 5176; baseline -0.003 -28"><span class='ocrx_word' id='word_1_259' title='bbox 638 5067 818 5149; x_wconf 88' lang='lat' dir='ltr'>librarum</span> <span class='ocrx_word' id='word_1_260' title='bbox 840 5095 1041 5176; x_wconf 88' lang='lat' dir='ltr'>parvorum</span> <span class='ocrx_word' id='word_1_261' title='bbox 1057 5069 1249 5148; x_wconf 89' lang='lat' dir='ltr'>bonorum</span> <span class='ocrx_word' id='word_1_262' title='bbox 1264 5069 1545 5147; x_wconf 88' lang='lat' dir='ltr'>Turonensium</span> <span class='ocrx_word' id='word_1_263' title='bbox 1569 5069 1616 5148; x_wconf 91' lang='lat' dir='ltr'>de</span> <span class='ocrx_word' id='word_1_264' title='bbox 1637 5067 1797 5146; x_wconf 90' lang='lat' dir='ltr'>emenda</span> <span class='ocrx_word' id='word_1_265' title='bbox 1814 5065 2060 5159; x_wconf 85' lang='lat' dir='ltr'>satisfactum,</span> 
     </span>
     <span class='ocr_line' id='line_1_31' title="bbox 639 5183 2063 5307; baseline -0.002 -30"><span class='ocrx_word' id='word_1_266' title='bbox 639 5215 679 5277; x_wconf 87' lang='lat' dir='ltr'>et</span> <span class='ocrx_word' id='word_1_267' title='bbox 695 5199 796 5277; x_wconf 93' lang='lat' dir='ltr'>dicto</span> <span class='ocrx_word' id='word_1_268' title='bbox 809 5199 943 5306; x_wconf 91' lang='lat' dir='ltr'>priori,</span> <span class='ocrx_word' id='word_1_269' title='bbox 963 5227 1033 5305; x_wconf 91' lang='lat' dir='ltr'>pro</span> <span class='ocrx_word' id='word_1_270' title='bbox 1046 5199 1125 5278; x_wconf 89' lang='lat' dir='ltr'>suis</span> <span class='ocrx_word' id='word_1_271' title='bbox 1142 5185 1317 5306; x_wconf 85' lang='lat' dir='ltr'>danipnis</span> <span class='ocrx_word' id='word_1_272' title='bbox 1331 5217 1369 5276; x_wconf 92' lang='lat' dir='ltr'>et</span> <span class='ocrx_word' id='word_1_273' title='bbox 1383 5183 1548 5307; x_wconf 90' lang='lat' dir='ltr'>injuriis,</span> <span class='ocrx_word' id='word_1_274' title='bbox 1566 5197 1614 5278; x_wconf 92' lang='lat' dir='ltr'>de</span> <span class='ocrx_word' id='word_1_275' title='bbox 1626 5225 1773 5278; x_wconf 88' lang='lat' dir='ltr'>summa</span> <span class='ocrx_word' id='word_1_276' title='bbox 1787 5213 1939 5276; x_wconf 89' lang='lat' dir='ltr'>centum</span> <span class='ocrx_word' id='word_1_277' title='bbox 1953 5195 2063 5274; x_wconf 92' lang='lat' dir='ltr'>libra·</span> 
     </span>
     <span class='ocr_line' id='line_1_32' title="bbox 638 5328 2063 5438; baseline -0.003 -30"><span class='ocrx_word' id='word_1_278' title='bbox 638 5357 725 5408; x_wconf 88' lang='lat' dir='ltr'>rum</span> <span class='ocrx_word' id='word_1_279' title='bbox 738 5328 912 5437; x_wconf 87' lang='lat' dir='ltr'>ejusdem</span> <span class='ocrx_word' id='word_1_280' title='bbox 928 5347 1098 5420; x_wconf 89' lang='lat' dir='ltr'>monete,</span> <span class='ocrx_word' id='word_1_281' title='bbox 1115 5359 1160 5408; x_wconf 89' lang='lat' dir='ltr'>ac</span> <span class='ocrx_word' id='word_1_282' title='bbox 1175 5347 1393 5438; x_wconf 89' lang='lat' dir='ltr'>attemptata</span> <span class='ocrx_word' id='word_1_283' title='bbox 1413 5346 1542 5409; x_wconf 86' lang='lat' dir='ltr'>contra</span> <span class='ocrx_word' id='word_1_284' title='bbox 1563 5329 1706 5408; x_wconf 90' lang='lat' dir='ltr'>dictum</span> <span class='ocrx_word' id='word_1_285' title='bbox 1723 5329 1906 5437; x_wconf 90' lang='lat' dir='ltr'>priorem,</span> <span class='ocrx_word' id='word_1_286' title='bbox 1928 5328 1966 5404; x_wconf 93' lang='lat' dir='ltr'>in</span> <span class='ocrx_word' id='word_1_287' title='bbox 1984 5355 2063 5431; x_wconf 81' lang='lat' dir='ltr'>pre</span> 
     </span>
     <span class='ocr_line' id='line_1_33' title="bbox 636 5456 2061 5569; baseline -0.003 -33"><span class='ocrx_word' id='word_1_288' title='bbox 636 5458 823 5566; x_wconf 87' lang='lat' dir='ltr'>judicium</span> <span class='ocrx_word' id='word_1_289' title='bbox 844 5459 943 5538; x_wconf 87' lang='lat' dir='ltr'>dicte</span> <span class='ocrx_word' id='word_1_290' title='bbox 961 5461 1078 5569; x_wconf 84' lang='lat' dir='ltr'>garde</span> <span class='ocrx_word' id='word_1_291' title='bbox 1093 5479 1238 5550; x_wconf 86' lang='lat' dir='ltr'>nostre,</span> <span class='ocrx_word' id='word_1_292' title='bbox 1261 5461 1399 5541; x_wconf 90' lang='lat' dir='ltr'>debere</span> <span class='ocrx_word' id='word_1_293' title='bbox 1420 5461 1460 5538; x_wconf 91' lang='lat' dir='ltr'>in</span> <span class='ocrx_word' id='word_1_294' title='bbox 1477 5477 1613 5538; x_wconf 88' lang='lat' dir='ltr'>statum</span> <span class='ocrx_word' id='word_1_295' title='bbox 1632 5460 1833 5566; x_wconf 91' lang='lat' dir='ltr'>pristinum</span> <span class='ocrx_word' id='word_1_296' title='bbox 1853 5456 2004 5562; x_wconf 88' lang='lat' dir='ltr'>reponi,</span> <span class='ocrx_word' id='word_1_297' title='bbox 2024 5473 2061 5532; x_wconf 89' lang='lat' dir='ltr'>et</span> 
     </span>
    </p>
   </div>
   <div class='ocr_carea' id='block_1_4' title="bbox 746 5613 1952 5678">
    <p class='ocr_par' dir='ltr' id='par_1_4' title="bbox 746 5613 1952 5678">
     <span class='ocr_line' id='line_1_34' title="bbox 746 5613 1952 5678; baseline -0.002 -4"><span class='ocrx_word' id='word_1_298' title='bbox 746 5633 799 5675; x_wconf 78' lang='lat' dir='ltr'>trs</span> <span class='ocrx_word' id='word_1_299' title='bbox 819 5633 901 5678; x_wconf 79' lang='lat' dir='ltr'>osrn.</span> <span class='ocrx_word' id='word_1_300' title='bbox 926 5637 972 5678; x_wconf 87' lang='lat' dir='ltr'>ur.</span> <span class='ocrx_word' id='word_1_301' title='bbox 1913 5613 1952 5672; x_wconf 84' lang='lat'>33</span> 
     </span>
    </p>
   </div>
   <div class='ocr_carea' id='block_1_5' title="bbox 0 0 2914 7284">
    <p class='ocr_par' dir='ltr' id='par_1_5' title="bbox 0 0 2914 7284">
     <span class='ocr_line' id='line_1_35' title="bbox 0 0 2914 7284; baseline 0 0"><span class='ocrx_word' id='word_1_302' title='bbox 0 0 2914 7284; x_wconf 95' lang='lat' dir='ltr'> </span> 
     </span>
    </p>
   </div>
  </div>
 </body>
</html>
