5817 7292
854 1127 902 1201 ra
1152 1113 1178 1187 f
1430 1131 1521 1206 cas
1552 1100 1703 1206 oanu'

626 1279 755 1337 emm
768 1285 812 1350 lv.
850 1300 945 1350 num
966 1289 1154 1363 normani,
1167 1273 1210 1350 in
1230 1302 1273 1352 ea
1292 1272 1499 1380 oppositam
1522 1272 1705 1380 profacto
1724 1273 1815 1353 dicti
1830 1275 1945 1378 patria
1960 1276 2038 1366 sui,
2057 1276 2146 1356 inde
2165 1307 2270 1359 arno·

687 1374 750 1418 nor.
851 1403 940 1492 veri,
954 1419 992 1482 et
1003 1402 1163 1484 eandem
1175 1404 1340 1482 voeriam
1350 1403 1421 1484 sibi
1436 1403 1635 1484 deliberari
1650 1437 1659 1481 ε
1675 1403 1865 1496 Tandem,
1882 1404 2056 1512 inquesta
2072 1434 2184 1512 super
2197 1409 2271 1488 hoc

848 1534 941 1614 tacta
955 1551 994 1611 et
1004 1534 1107 1616 curie
1119 1551 1324 1641 reportata,
1344 1535 1420 1624 visu
1436 1551 1476 1616 et
1487 1534 1688 1643 diligenter
1703 1535 1928 1626 examinata,
1943 1563 2010 1640 per
2025 1535 2129 1612 curie
2144 1555 2271 1616 nostre

842 1663 1049 1772 judicium,
1074 1665 1219 1742 dicaam
1235 1664 1308 1746 suit
1330 1681 1370 1744 et
1386 1664 1682 1771 pronunciatum
1700 1664 1805 1771 quod
1824 1693 1959 1746 manus
1978 1682 2106 1744 nostra
2123 1694 2273 1746 amove·

845 1793 949 1873 hitur
965 1795 1015 1872 de
1033 1795 1157 1874 voeria
1176 1795 1354 1902 predicta.

901 1926 1059 2003 Veneris
1079 1943 1163 2032 post
1183 1927 1360 2004 Sanctum
1382 1925 1583 2004 Andream.

900 2189 944 2265 ΙΙ.
975 2188 1072 2265 Cum
1088 2189 1282 2266 iohannes
1297 2189 1345 2265 de
1361 2188 1573 2294 Lecpoisse,
1586 2186 1716 2276 mites,
1733 2188 1775 2265 iu
1785 2187 1890 2267 curia
1899 2204 2028 2267 norea
2038 2209 2268 2296 proponeret

844 2319 967 2425 quod,
993 2347 1079 2396 cum
1105 2319 1185 2428 ipse
1207 2317 1454 2427 justiciando,
1484 2319 1642 2427 cepisset
1670 2316 1875 2425 quemdam
1905 2317 2102 2397 homiuem
2126 2319 2269 2425 piscan-

842 2465 921 2526 tem
935 2447 979 2525 in
993 2449 1205 2530 marchesio
1217 2449 1266 2528 de
1280 2449 1518 2540 Cormeram,
1535 2465 1574 2530 et
1589 2447 1824 2532 eumdemiu
1835 2476 1906 2528 sua
1919 2432 2088 2554 prisione
2102 2466 2266 2542 teneret,

734 2607 736 2610 ·
844 2608 914 2686 pro
936 2608 982 2659 eo
1004 2580 1112 2686 quod
1131 2580 1274 2660 dictum
1293 2580 1566 2670 marchesium,
1591 2597 1635 2658 ut
1653 2580 1732 2685 ipse
1751 2579 1863 2658 miles
1887 2578 2051 2670 dicebat,
2075 2597 2132 2660 est
2154 2608 2267 2660 suum

843 2730 881 2789 et
898 2711 1159 2800 deffensahile,
1182 2728 1219 2788 et
1239 2712 1337 2788 illud
1356 2711 1509 2791 tenebat
1528 2711 1702 2792 indende
1723 2712 1977 2790 aricecouu'te
1992 2711 2209 2802 Melcduni,
2229 2729 2268 2789 et

841 2843 944 2950 quod
966 2842 1045 2949 ipse
1064 2842 1210 2920 bassam
1221 2841 1412 2950 justiciam
1430 2843 1469 2917 in
1489 2841 1590 2918 dicto
1607 2840 1816 2918 marchesio
1831 2840 1996 2918 hahebat
2014 2869 2082 2946 per
2100 2841 2268 2919 castella-

839 2974 902 3052 nis
925 2973 1121 3056 Meleduni
1148 2971 1483 3064 consuetudinem,
1507 3001 1583 3079 que
1606 2971 1694 3050 talis
1712 2988 1784 3065 est,
1809 2989 1854 3052 ut
1871 2971 2036 3062 dicebat,
2057 2971 2164 3079 quod
2181 2973 2267 3080 qui-

840 3134 1005 3212 cumque
1027 3121 1135 3182 tanet
1156 3103 1315 3184 feudum
1344 3101 1490 3194 nobile,
1511 3131 1581 3208 per
1602 3129 1840 3209 consequeus
1858 3102 2006 3182 bassam
2027 3101 2142 3179 habet
2155 3102 2267 3209 justi-

839 3235 935 3314 ciam
955 3236 995 3314 iu
1016 3235 1178 3324 eodem,
1195 3249 1328 3342 gentes
1346 3250 1474 3314 nostre
1493 3232 1731 3338 prepositure
1752 3232 1948 3313 Metedum'
1973 3233 2117 3312 dictum
2139 3232 2264 3342 homi·

839 3391 929 3440 nem
945 3361 992 3439 de
1007 3390 1073 3439 sua
1084 3362 1249 3469 prisione
1265 3362 1404 3468 injuste
1420 3379 1636 3443 mouerant
1651 3380 1691 3442 et
1705 3363 1889 3444 duxerant
1903 3363 1944 3440 in
1957 3363 2126 3469 prisione
2137 3381 2263 3442 nostra

838 3491 1050 3581 Meleduni,
1079 3521 1194 3598 quare
1220 3491 1371 3598 petebat
1397 3491 1542 3569 dictum
1566 3493 1763 3571 hominem
1790 3492 1862 3570 sihi
1892 3491 2001 3570 reddi
2029 3510 2068 3569 et
2096 3492 2258 3582 restitui,

839 3622 1015 3731 dictoque
1038 3638 1169 3733 gentes
1191 3639 1320 3700 nostre
1344 3621 1529 3713 dicerent,
1556 3653 1601 3701 ex
1627 3624 1799 3715 adverso,
1826 3623 2038 3730 predictum
2062 3622 2258 3699 hominem

836 3756 974 3863 injuste
1003 3771 1153 3862 captum
1182 3751 1294 3832 fuisse
1321 3782 1341 3829 a
1367 3752 1470 3832 dicto
1494 3754 1616 3832 milite
1642 3772 1680 3832 et
1704 3783 1783 3833 non
1810 3753 1951 3831 dehere
1978 3753 2103 3830 eidem
2130 3752 2257 3846 reddi,

837 3914 905 3994 pro
924 3914 970 3964 eo
989 3883 1096 3994 quod
1114 3884 1259 3962 dictum
1279 3884 1548 3978 marchesium,
1569 3903 1614 3962 ut
1631 3884 1824 3973 dicebant,
1843 3900 1898 3961 est
1915 3909 2118 3959 commune
2136 3882 2261 3960 omni·

835 4015 907 4094 hus
926 4016 1002 4096 illis
1025 4015 1092 4123 qui
1116 4043 1163 4093 eo
1182 4014 1239 4092 uti
1263 4013 1411 4103 volunt,
1433 4032 1472 4091 et
1498 4015 1546 4092 ad
1566 4013 1785 4120 piscandum
1812 4014 1917 4091 etad
1937 4013 2203 4120 adaquandum
2224 4031 2262 4090 et

836 4149 884 4224 ad
903 4165 1024 4226 cetera
1044 4145 1230 4238 facienda,
1253 4146 1349 4226 sicut
1363 4147 1404 4224 in
1419 4143 1684 4224 communibus
1699 4143 1918 4223 marchesiis
1934 4160 1990 4222 est
2004 4142 2087 4220 fieri
2104 4171 2261 4221 consue·

833 4297 937 4370 tum,
959 4279 1122 4357 dicendo
1142 4279 1296 4386 insuper
1315 4277 1458 4355 dictum
1471 4277 1723 4354 marchesium
1737 4304 1817 4353 non
1834 4305 1915 4354 esse
1931 4273 2175 4353 deffensahile
2190 4302 2260 4351 nec

836 4408 953 4485 eciam
971 4407 1142 4486 feodale:
1162 4408 1353 4500 Tandem,
1374 4407 1469 4485 facta
1485 4407 1686 4515 superbiis
1700 4408 1893 4515 inquesta,
1912 4406 1986 4483 visa
2005 4423 2043 4484 et
2057 4403 2259 4514 diligenter

834 4539 1058 4630 examinata,
1077 4538 1163 4644 quia
1183 4567 1250 4644 per
1266 4567 1349 4616 eam
1372 4539 1568 4617 inventum
1589 4538 1662 4617 fuit
1681 4539 1894 4645 predictum
1910 4536 2162 4615 marchesium
2178 4563 2256 4612 esse

833 4670 883 4745 ita
899 4695 1119 4758 commune,
1137 4669 1233 4746 sicut
1247 4685 1377 4778 gentes
1391 4686 1519 4748 nostre
1533 4669 1767 4762 asserebant,
1785 4670 1983 4775 dictusque
1996 4665 2107 4744 miles
2119 4665 2158 4739 in
2174 4691 2256 4768 pro

831 4797 993 4880 bacicne
1006 4825 1142 4878 eorum
1160 4826 1235 4904 que
1253 4799 1673 4905 proposueratdefecit,
1693 4827 1761 4907 per
1783 4799 1884 4877 curie
1901 4812 2028 4876 nostre
2043 4790 2253 4901 judicium,

832 4931 974 5010 dictum
995 4929 1068 5008 snit
1087 4945 1126 5008 et
1141 4929 1432 5036 pronunciatum
1445 4931 1662 5037 predictum
1676 4929 1874 5009 hominem
1889 4924 2047 5005 omnino
2062 4951 2141 5000 esse
2157 4920 2254 5000 lihe-

830 5063 1007 5152 raudum,
1030 5077 1069 5139 et
1091 5060 1196 5168 quod
1216 5060 1338 5138 dictus
1355 5059 1466 5140 miles
1481 5063 1692 5169 predictam
1711 5058 1865 5166 prisiam
1884 5058 1932 5135 de
1956 5055 2055 5133 dicto
2076 5051 2248 5144 homine,

828 5193 965 5303 injuste
984 5191 1135 5282 facum,
1154 5191 1382 5270 emendabit.

884 5327 989 5404 Luce
1005 5339 1089 5430 post
1101 5323 1280 5402 Sanctum
1301 5322 1503 5402 Andream.

882 5457 931 5533 M.
950 5456 1069 5564 dymo
1088 5453 1303 5561 reportavit.
