5817 7292
1015 1123 1283 1230 nuourrrs
1306 1141 1371 1214 nr
1398 1121 1605 1216 raucus.
1951 1141 2019 1218 sor

601 1281 689 1390 quia
708 1281 903 1360 inventum
921 1298 978 1360 est
995 1281 1225 1361 sufficienter
1238 1281 1438 1390 probatum
1458 1282 1602 1358 dictum
1622 1279 1822 1358 dominum
1837 1281 1887 1360 de
1905 1285 2026 1362 Bone·
2064 1291 2248 1366 Pfflmlf.

601 1412 656 1490 ria
670 1411 804 1491 esseio
817 1411 951 1490 saisina
963 1412 1246 1519 premissorum,
1261 1413 1428 1520 duasque
1441 1430 1565 1490 turres
1575 1411 1693 1489 fortes
1702 1410 1757 1489 ibi
1770 1411 1821 1488 de
1832 1440 1930 1491 novo
1944 1442 2026 1492 esse
2126 1384 2190 1430 Μ’

603 1541 808 1630 adificatas,
830 1543 911 1620 sine
929 1543 1012 1650 ejus
1029 1569 1198 1632 ameum,
1216 1571 1285 1650 per
1301 1545 1403 1622 curm
1423 1559 1552 1622 nostre
1565 1542 1773 1649 judicium,
1791 1541 1937 1620 dictum
1955 1543 2028 1622 fuit

603 1673 708 1782 quod
728 1673 806 1780 ipse
827 1673 946 1752 dictas
963 1691 1087 1752 turres
1100 1675 1242 1779 poterit
1259 1675 1360 1753 licite
1380 1674 1501 1752 facere
1516 1673 1692 1752 demoliri
1710 1673 1808 1750 salva
1824 1701 1939 1780 super
1954 1673 2027 1752 boc

603 1805 799 1913 questione
818 1805 1056 1910 proprietatis
1074 1805 1170 1911 parti
1190 1806 1354 1884 adverse.

658 1938 767 2014 Lune
785 1953 871 2042 post
890 1937 1023 2014 Lctare
1040 1936 1262 2014 Jerusalem.

659 2066 765 2146 Greci
785 2067 998 2173 reportavit.
1116 2089 1121 2100 ·

655 2331 762 2408 LXX.
793 2330 893 2409 Cum
912 2329 958 2407 lis
978 2348 1081 2409 mota
1099 2331 1231 2410 fuisset
1249 2333 1347 2410 inter
1363 2334 1541 2410 comitem
1560 2333 1724 2424 Valesie,
1743 2362 1786 2410 ex
1805 2350 1911 2439 parte
1930 2363 2025 2425 una,

600 2477 637 2540 et
662 2462 827 2569 priorem
853 2463 901 2540 de
928 2463 1097 2554 Autolio,
1119 2481 1196 2540 tam
1220 2465 1375 2542 nomine
1401 2492 1471 2541 suo
1496 2493 1609 2570 quam
1636 2463 1790 2541 nomine
1808 2483 2027 2570 procurato-

599 2593 656 2670 rio
680 2593 827 2673 abbatis
849 2611 887 2671 et
912 2611 1119 2672 conventus
1149 2594 1504 2702 clugniacensium,
1526 2622 1571 2671 er
1593 2594 1730 2687 altera,
1752 2623 1865 2700 super
1890 2596 2025 2672 saisina

598 2722 789 2801 bonorum
808 2725 1111 2812 commissorum,
1132 2739 1174 2800 ut
1191 2724 1342 2810 dicitur,
1362 2721 1530 2800 defuncti
1546 2724 1727 2803 lobannis
1743 2725 1926 2820 Saroure,
1940 2729 2025 2833 jus-

598 2853 713 2932 ticiati
740 2855 779 2932 in
803 2854 891 2933 villa
917 2855 965 2932 de
986 2853 1280 2934 Vennescbieles
1306 2854 1569 2946 existencium,
1592 2884 1707 2963 quam
1731 2856 1904 2934 saisinam
1928 2875 2026 2936 utra·

599 3011 672 3092 que
691 3013 790 3092 pars,
813 3003 992 3092 tanquam
1012 2986 1243 3074 astrueriam,
1265 2984 1313 3062 ad
1333 3011 1373 3060 se
1393 2985 1582 3091 pertinere
1601 2985 1768 3076 dicebat,
1791 3005 1829 3064 et
1847 2987 1888 3063 in
1907 3017 2023 3066 manu

598 3133 738 3208 nostra,
756 3133 911 3222 propter
933 3115 1113 3194 debatum
1137 3115 1324 3222 parcium,
1347 3115 1397 3193 ad
1420 3132 1634 3221 requestam
1658 3115 1749 3193 dicti
1769 3117 1920 3224 prioris,
1946 3137 2026 3196 tan-

596 3275 710 3354 quam
726 3247 765 3324 in
784 3276 898 3326 manu
918 3248 1137 3354 superioris,
1159 3247 1280 3353 posita
1298 3244 1437 3338 fuerat;
1454 3274 1569 3352 quam
1588 3271 1742 3324 manum
1759 3264 1922 3326 nostram
1943 3277 2026 3354 pre·

596 3375 693 3455 fatus
707 3405 835 3456 comes
852 3381 1005 3485 petebat
1019 3377 1181 3456 amoveri
1197 3409 1206 3454 ε
1222 3376 1414 3466 Tandem,
1432 3377 1572 3454 auditis
1585 3403 1699 3484 super
1713 3377 1788 3454 hoc
1800 3378 1969 3484 partibus
1986 3399 2025 3458 et

595 3507 669 3586 visa
688 3510 861 3617 inquesta
879 3539 994 3618 super
1018 3510 1210 3618 premissis
1230 3509 1278 3590 de
1303 3510 1482 3588 mandato
1506 3527 1637 3590 nostro
1661 3509 1771 3604 facta,
1791 3512 1881 3620 quia
1902 3542 2025 3622 reper-

595 3655 677 3717 tum
697 3660 754 3720 est
777 3643 989 3748 predictum
1011 3643 1188 3720 comitem
1211 3670 1316 3720 suam
1338 3641 1593 3720 intencionem
1611 3641 1763 3750 plenius
1783 3661 1822 3722 et
1841 3644 2024 3750 liquidius

596 3770 787 3874 probasse,
808 3801 878 3878 per
897 3775 998 3852 curie
1023 3790 1150 3851 nostre
1171 3772 1359 3878 judicium
1380 3771 1524 3850 dictum
1544 3773 1617 3850 fnit
1638 3773 1811 3850 saisinam
1833 3773 2022 3850 dictorum

595 3897 802 3991 bonorum,
824 3931 940 3980 manu
962 3919 1088 3982 nostra
1114 3901 1203 3978 inde
1229 3916 1370 3990 amota,
1389 3903 1561 4009 predicto
1583 3902 1712 3979 comiti
1734 3899 1935 3978 deliberari
1962 3903 2025 3978 de·

594 4031 702 4120 bere,
725 4031 812 4138 jure
835 4032 1091 4139 proprietatis,
1114 4031 1154 4108 in
1177 4057 1263 4108 casu
1285 4031 1473 4139 predicto,
1494 4031 1597 4108 dicto
1620 4030 1755 4138 priori,
1781 4047 1820 4108 et
1842 4030 1883 4108 in
1904 4033 2024 4108 omni-

594 4162 666 4241 bus
685 4159 768 4240 aliis
787 4162 935 4242 casibus
950 4163 1119 4270 justicie,
1143 4159 1253 4236 dictis
1271 4159 1459 4266 partibus,
1481 4162 1520 4237 in
1539 4160 1624 4239 loco
1641 4160 1827 4267 predicto,
1849 4160 1949 4238 salvo
1968 4190 2024 4238 re

596 4311 781 4370 manente

651 4425 757 4501 Lune
778 4441 863 4530 post
883 4427 1013 4502 Letare
1033 4421 1253 4502 Jerusalem.

651 4689 775 4766 LXXI.
807 4687 905 4768 Cum
920 4688 1018 4764 inter
1031 4686 1249 4794 magistrum
1266 4687 1421 4795 Helyam
1439 4686 1489 4764 de
1500 4686 1667 4777 Orliaco,
1679 4713 1750 4793 pro
1764 4715 1804 4765 se
1819 4705 1858 4764 et
1873 4689 1951 4765 suis
1965 4714 2024 4764 co

595 4809 816 4908 heredibus,
829 4818 877 4896 ad
887 4818 1162 4896 successionem
1180 4816 1348 4894 defuncti
1364 4817 1530 4926 Philippi
1541 4818 1731 4908 Hormine,
1749 4845 1882 4895 eorum
1898 4819 2021 4924 patrui

594 4948 640 5026 ab
658 4951 851 5040 intestato,
868 4945 1121 5040 venientibus,
1138 4965 1177 5024 et
1191 4947 1240 5023 ad
1255 4975 1355 5036 eam,
1377 4976 1447 5055 per
1460 4948 1565 5026 curie
1580 4965 1706 5026 nostre
1720 4948 1930 5056 judicium,
1954 4948 2023 5023 ad·

593 5081 733 5170 missis,
755 5098 922 5188 mentes,
942 5109 986 5157 ex
1004 5097 1110 5186 parte
1127 5105 1218 5166 una,
1242 5095 1280 5156 et
1296 5080 1542 5188 Margaretam
1557 5079 1606 5157 de
1623 5079 1835 5172 attrabata,
1851 5078 2020 5157 relictam

592 5210 681 5287 dicti
699 5211 883 5302 defuncti,
905 5209 1198 5300 defendentem,
1221 5239 1265 5287 ex
1286 5209 1419 5300 altera,
1440 5189 1819 5317 questio'verteretur
1840 5237 2020 5315 supereo

593 5342 699 5446 quod
717 5342 820 5420 idem
835 5342 1010 5449 magister
1026 5339 1167 5430 Helias,
1186 5367 1255 5418 suo
1270 5357 1308 5418 et
1322 5341 1558 5419 coheredum
1575 5369 1732 5420 suorum
1745 5341 1917 5430 nomine,
1935 5365 2021 5444 pro·

594 5470 759 5573 ponebat
769 5471 873 5578 quod
888 5471 985 5550 dicta
1000 5473 1221 5580 Margareta,
1242 5473 1281 5547 in
1298 5472 1506 5550 inventario
1521 5471 1696 5550 faciendo
1711 5471 1760 5546 de
1774 5470 1885 5546 bonis
1899 5464 2021 5542 omni-
