5817 7292
1002 1059 1265 1169 saoneres
1291 1080 1354 1152 nr
1382 1058 1585 1154 proces.
1932 1079 2005 1151 705

592 1217 720 1325 plano;
735 1218 842 1309 item,
857 1236 1009 1299 centum
1025 1220 1139 1299 libras
1151 1222 1390 1311 Parisienses,
1407 1250 1477 1327 pro
1488 1219 1570 1298 aliis
1586 1218 1758 1324 dampnis
1770 1218 1867 1307 suis,
1890 1235 1929 1295 et
1941 1219 2009 1296 do-
2044 1225 2175 1280 Pffltm
2188 1226 2233 1289 ll·

594 1347 794 1457 minoRegi
803 1352 1091 1462 quadringentas
1101 1352 1534 1459 lihrasParisienses,pro
1544 1348 1895 1438 emendasua3item
1904 1348 2009 1455 quod
2107 1318 2171 1362 ’ω’

595 1477 716 1556 dictus
736 1480 899 1573 scutifer,
915 1484 980 1591 qui
996 1512 1148 1590 presens
1169 1510 1245 1560 non
1266 1500 1344 1560 erat
1358 1482 1510 1591 quando
1524 1479 1661 1557 tradita
1674 1477 1745 1555 luit
1760 1495 1886 1556 nostre
1907 1478 2010 1555 curie

597 1608 694 1686 dicta
713 1610 902 1717 inquesta,
924 1614 1115 1691 vocabitur
1141 1614 1188 1690 ad
1208 1630 1346 1691 certam
1367 1613 1470 1689 diem
1489 1639 1558 1718 per
1573 1609 1807 1717 prepositum
1829 1609 2013 1686 Parisien·

596 1767 694 1832 sem,
716 1757 760 1816 ut
778 1742 901 1819 veniat
925 1743 970 1820 ad
992 1745 1283 1850 proponendum
1304 1742 1542 1820 defensiones
1562 1758 1600 1817 et
1612 1739 1780 1817 raciones
1799 1766 1883 1816 suas
1900 1766 2014 1845 super

596 1868 691 1948 lacto
713 1872 897 1977 predicto,
920 1902 1031 1981 quas,
1056 1875 1086 1951 si
1106 1875 1364 1981 proposuerit,
1390 1873 1490 1951 curia
1511 1889 1637 1951 nostra
1656 1899 1770 1977 super
1789 1870 1843 1947 eis
1863 1870 2015 1947 exhihe-

595 1999 652 2077 hit
667 2000 791 2079 eidem
806 2002 957 2109 justicie
977 2005 1308 2109 complementum.

650 2131 806 2209 Veneris
819 2150 905 2239 post
922 2135 1206 2217 Penthecostcn.

650 2392 805 2472 LXVIII.
836 2393 933 2472 Cum
948 2394 1077 2501 plures
1090 2396 1264 2474 homines
1284 2395 1331 2473 de
1351 2394 1574 2484 Gastinesio,
1592 2412 1630 2471 et
1644 2395 1803 2470 maxime
1827 2395 2015 2473 Rohertus

596 2520 645 2598 de
660 2520 794 2613 Tallia,
811 2524 911 2601 curie
929 2542 1056 2603 nostre
1071 2526 1265 2631 conquesti
1280 2523 1438 2603 luissent
1454 2526 1501 2601 de
1516 2524 1664 2600 Thoma
1684 2524 1784 2600 dicto
1802 2524 1929 2614 Hasle,
1948 2526 2014 2631 qui

597 2651 796 2758 deputatus
822 2683 891 2761 per
912 2673 1043 2762 gentes
1066 2672 1211 2733 nostras
1225 2655 1345 2732 suerat
1364 2656 1410 2733 ad
1431 2654 1655 2762 capiendum
1673 2654 1756 2731 vina
1778 2652 1826 2730 ad
1844 2656 2015 2760 precium

596 2798 785 2873 nostrum,
809 2814 878 2891 pro
907 2786 1120 2893 garnisione
1142 2786 1295 2891 hospitii
1327 2786 1465 2875 nostri,
1493 2802 1747 2892 proponentes
1773 2802 1902 2863 contra
1927 2815 2017 2863 eum

596 2912 701 3019 quod
732 2914 810 3020 ipse
841 2916 950 3024 plura
980 2916 1138 3024 dampna
1163 2916 1306 2994 eisdem
1332 2914 1524 3005 intulerat,
1546 2914 1727 3021 capiendo
1760 2932 1799 2992 et
1829 2915 2016 2994 saisicndo

596 3041 682 3120 vina
702 3073 834 3121 corum
854 3075 924 3155 pro
943 3047 1050 3127 valde
1066 3048 1203 3126 minori
1219 3047 1345 3154 precio
1360 3076 1475 3155 quam
1490 3046 1743 3123 communiter
1758 3063 1795 3122 et
1809 3047 2016 3124 secundum

597 3173 766 3279 precium
786 3195 959 3255 nostrum
977 3178 1117 3269 valent,
1140 3196 1178 3256 et
1195 3177 1318 3257 multo
1340 3177 1450 3285 plura
1472 3176 1573 3285 dolia
1589 3206 1702 3283 quam
1717 3204 1791 3285 que
1811 3178 2017 3255 necessaria

597 3323 721 3382 essent
732 3335 801 3413 pro
817 3308 932 3386 domo
945 3327 1072 3389 nostra
1083 3326 1136 3399 et,
1150 3338 1193 3386 ex
1204 3308 1393 3414 promisso
1407 3336 1476 3384 suo
1488 3324 1526 3384 et
1537 3308 1827 3384 convinenciaac
1840 3307 2017 3385 mandato

596 3462 678 3526 suo,
693 3437 777 3515 vina
793 3438 1010 3548 hujusmodi
1021 3468 1088 3545 per
1101 3468 1190 3516 eum
1200 3453 1392 3526 arrestata,
1409 3435 1581 3515 faciendo
1593 3435 1707 3513 vendi
1721 3437 1832 3512 certis
1848 3438 2019 3542 personis

597 3592 691 3673 quas
714 3566 890 3675 eligehat,
910 3598 979 3675 pro
1002 3569 1139 3647 minori
1161 3569 1287 3675 precio
1308 3596 1419 3674 quam
1440 3569 1694 3644 communiter
1714 3581 1868 3671 possent
1888 3565 2015 3657 vendi,

598 3717 713 3797 super
743 3696 933 3799 premissis
956 3696 1230 3787 mandavimus,
1259 3696 1398 3772 vocatis
1428 3695 1613 3800 partibus,
1633 3693 1828 3769 veritatem
1860 3695 2017 3799 inquiri3

600 3849 712 3927 quam
726 3822 938 3928 inquestam
950 3825 1073 3901 dictus
1085 3820 1351 3901 Rohertusluit
1362 3822 1461 3899 inter
1474 3839 1618 3899 ceteros
1631 3820 1840 3928 specialiter
1849 3849 2019 3928 prosecu-

600 3964 663 4029 tus
678 3969 807 4029 contra
819 3955 1003 4033 Thomam
1016 3954 1243 4062 predictum,
1259 3981 1328 4061 pro
1344 3980 1389 4029 eo
1405 3953 1565 4029 maxime
1576 3951 1681 4060 quod
1697 3952 1818 4029 dictus
1832 3951 2020 4032 Rohertus

600 4068 835 4189 proponebat
860 4086 981 4191 quod,
1004 4114 1090 4164 cum
1115 4086 1194 4192 ipse
1215 4100 1441 4191 conquestus
1464 4082 1596 4162 luisset
1624 4084 1672 4161 de
1699 4081 1872 4188 pluribus
1895 4083 2019 4191 prisiis

601 4212 776 4290 vinorum
791 4244 883 4322 quas
897 4216 998 4294 idem
1010 4216 1192 4303 Thomas,
1208 4214 1357 4299 racione
1374 4212 1486 4291 officii
1500 4213 1574 4302 sui,
1590 4213 1717 4289 minus
1729 4212 2016 4303 racionabiliter,

601 4359 646 4419 ut
663 4342 825 4435 dicebat,
844 4344 980 4424 lecerat
995 4374 1107 4453 super
1119 4346 1259 4452 ipsum,
1280 4343 1402 4422 dictus
1415 4345 1583 4421 Thomas
1591 4344 1792 4451 jactaverat
1809 4371 1848 4420 se
1864 4360 1902 4421 et
1917 4343 2019 4423 dicto

604 4473 768 4552 Roherto
783 4473 903 4555 luerat
917 4477 1165 4555 comminatus
1179 4475 1284 4582 quod
1298 4475 1377 4582 ipsc
1392 4474 1475 4550 vina
1494 4473 1584 4551 dicti
1602 4472 1773 4563 Roherti,
1788 4472 2020 4582 ubicumque

605 4629 648 4679 ea
666 4602 864 4697 inveniret,
882 4625 1094 4701 arrestaret,
1110 4624 1150 4685 et
1168 4622 1328 4713 poneret
1349 4606 1386 4681 in
1401 4633 1516 4681 manu
1532 4632 1620 4681 sua:
1637 4604 1811 4711 Inquesta
1826 4602 1941 4711 igitur
1958 4635 2022 4683 su·

603 4758 672 4836 per
684 4733 757 4811 hiis
770 4734 878 4826 lacta,
896 4738 969 4815 visa
984 4755 1022 4817 et
1033 4737 1233 4846 diligenter
1243 4734 1461 4827 examinata,
1474 4763 1544 4841 per
1556 4734 1661 4812 curie
1675 4750 1800 4812 nostre
1812 4733 2018 4844 judicium,

604 4861 726 4942 dictus
761 4865 927 4946 Thomas
957 4869 1252 4975 condempnatus
1276 4866 1348 4945 luit
1372 4868 1420 4943 ad
1442 4866 1681 4943 reddendum
1707 4865 1832 4942 eidem
1855 4864 2021 4943 Roherto

606 4993 767 5102 dampna
779 4995 905 5075 omnia
918 5025 1009 5104 que,
1025 5026 1093 5105 per
1111 4998 1248 5077 dictam
1260 4997 1489 5104 inquestam,
1502 5011 1645 5074 constat
1657 4995 1821 5072 eundem
1833 4993 2021 5071 Thomam

608 5122 709 5201 dicto
735 5126 899 5205 Roherto
917 5128 957 5207 in
971 5127 1148 5238 predictis
1167 5126 1354 5219 intulisse,
1375 5125 1550 5203 videlicet
1571 5125 1750 5204 ducentas
1766 5123 1921 5233 triginta
1938 5152 2023 5229 sep-

606 5268 687 5331 tem
705 5252 817 5336 libras
835 5258 1075 5350 Parisienses,
1096 5274 1180 5367 post
1197 5275 1349 5365 tempus
1365 5256 1554 5337 minarum
1569 5254 1823 5362 predictarum
1841 5251 2022 5330 laetarum

608 5383 777 5491 predicto
791 5386 954 5469 Boherto
967 5418 1037 5499 per
1051 5390 1188 5469 dictam
1199 5388 1403 5479 Thomam,
1419 5404 1505 5495 post
1521 5386 1682 5495 primam
1693 5382 1909 5491 capcionem
1922 5380 2024 5461 vino·
2111 5390 2130 5428 ’
2176 5386 2187 5407 ”

692 5558 746 5602 trs
765 5556 848 5601 otiu.
870 5562 917 5605 ur.
1874 5533 1916 5629 89
