5817 7292
851 1113 924 1186 aso
1445 1113 1534 1184 nas
1561 1095 1704 1184 oniti.

624 1271 754 1326 sertim
768 1271 811 1331 tv,
852 1257 988 1346 factas,
1005 1253 1076 1331 sibi
1091 1254 1217 1343 reddi,
1234 1271 1270 1329 et
1286 1254 1324 1328 in
1338 1279 1453 1329 manu
1469 1281 1535 1330 sua
1550 1253 1698 1358 reponi,
1716 1251 1929 1330 racionibus
1943 1253 2158 1332 antedictis:
2175 1259 2277 1336 Tan-

684 1363 749 1408 ’Μ’
854 1388 961 1479 dem,
983 1377 1122 1462 auditis
1141 1384 1355 1463 racionibris
1374 1384 1464 1460 hinc
1484 1401 1521 1460 et
1540 1383 1646 1472 iude,
1664 1399 1701 1458 et
1720 1381 1795 1460 visa
1812 1382 1983 1490 inquesta
2003 1412 2116 1492 super
2134 1387 2208 1466 hoc
2227 1391 2275 1467 de

848 1517 1031 1595 mandato
1058 1516 1161 1593 curie
1185 1533 1312 1593 nostre
1335 1514 1448 1604 sacta,
1475 1513 1564 1620 quia
1584 1511 1779 1590 inventum
1807 1531 1864 1592 est
1884 1513 2116 1594 sufficienter
2139 1519 2276 1624 proba·

849 1669 931 1726 tum
951 1649 1096 1725 dictum
1115 1647 1292 1732 hoscum,
1314 1660 1483 1722 vocatum
1503 1643 1551 1720 de
1570 1641 1712 1735 Fossis,
1736 1671 1814 1720 esse
1839 1648 2035 1750 proprium
2054 1647 2274 1732 domanium

850 1781 939 1858 dicti
968 1776 1152 1886 episcopi,
1181 1792 1221 1852 et
1243 1803 1332 1851 eum
1356 1774 1501 1851 ibidem
1527 1770 1666 1850 habere
1685 1773 1892 1880 justiciam,
1915 1803 1986 1852 nec
2006 1749 2275 1856 ostimentum

806 1935 811 1946 ’
850 1912 994 1988 dictum
1012 1906 1209 1986 Ansellum
1233 1905 1274 1981 in
1296 1904 1396 1980 dicto
1417 1902 1532 1979 bosco
1552 1901 1692 1980 babere
1711 1905 1865 2012 gardam
1885 1933 2064 2012 gareune,
2084 1935 2154 1985 nec
2167 1909 2276 2016 justi-

851 2045 944 2120 ciam
965 2042 1012 2118 ad
1028 2040 1179 2149 gardam
1195 2063 1358 2146 garenna
1378 2035 1652 2140 pertinentem,
1669 2037 1963 2142 pronunciatum
1980 2038 2068 2129 luit,
2091 2067 2160 2146 per
2173 2040 2274 2117 curie

851 2191 979 2252 nostre
989 2172 1194 2280 judicium,
1213 2195 1368 2244 manum
1391 2182 1558 2244 nostram
1581 2167 1619 2243 in
1643 2167 1821 2276 predictis
1841 2169 1964 2275 prisiis
1983 2171 2189 2276 appositam
2209 2171 2274 2248 de·

850 2305 942 2384 bere
959 2302 1140 2392 amoveri,
1157 2316 1195 2376 et
1213 2297 1352 2374 debere
1369 2297 1471 2374 dicto
1488 2297 1664 2403 episcopo
1679 2297 1789 2374 reddi
1809 2299 1899 2375 etin
1918 2327 2032 2376 manu
2044 2327 2110 2378 sua
2122 2302 2270 2408 reponi,

850 2455 1043 2544 tamquam
1062 2434 1099 2509 in
1126 2459 1242 2508 manu
1258 2428 1409 2537 justicie
1429 2428 1519 2505 dicti
1540 2427 1636 2518 loci3
1655 2426 1763 2518 item,
1786 2431 1874 2538 quia
1891 2431 2084 2508 inventum
2101 2449 2156 2510 est
2171 2433 2272 2510 suffi-

851 2569 994 2644 cienter
1006 2564 1207 2673 probatum
1223 2559 1411 2667 predictos
1429 2559 1644 2665 episcopum
1664 2576 1702 2636 et
1715 2559 1928 2648 Ansellum,
1948 2589 2015 2666 per
2033 2590 2073 2638 se
2090 2579 2128 2640 et
2141 2564 2275 2670 prede·

852 2725 1016 2776 cessores
1035 2722 1139 2782 suos,
1160 2721 1239 2770 esse
1257 2709 1295 2768 et
1308 2690 1421 2768 luisse
1437 2689 1477 2766 in
1496 2689 1630 2768 saisina
1647 2691 1840 2768 chaciandi
1858 2691 1897 2767 in
1912 2691 2081 2798 predicto
2095 2691 2210 2771 bosco
2226 2694 2274 2772 ad

851 2857 995 2938 grossas
1017 2827 1171 2916 bestias,
1199 2821 1488 2931 pronunciatum
1515 2820 1587 2899 luit
1606 2847 1671 2898 eos
1689 2849 1884 2899 remanere
1910 2821 2050 2900 debere
2074 2822 2114 2900 in
2141 2822 2274 2900 saisina

852 2959 1044 3038 chaciandi
1068 2957 1229 3043 ibidem,
1251 2970 1365 3060 prout
1385 2952 1456 3058 ipsi
1476 2951 1657 3030 hactenus
1677 2953 1843 3030 cbaciare
1863 2971 2163 3046 consueverunt,
2175 2955 2274 3032 salvo

847 3094 935 3201 jure
950 3089 1189 3198 proprietatis
1211 3089 1362 3194 utrique
1383 3086 1479 3193 parti
1501 3086 1539 3162 in
1553 3113 1721 3194 garenna
1742 3105 1779 3165 et
1799 3087 1923 3166 chacia
1943 3087 2132 3195 predictis.

908 3227 1018 3300 Luae
1038 3220 1216 3327 predicta.

909 3343 960 3431 Μ.
981 3352 1204 3459 Pasqucrius
1223 3351 1435 3456 reportavit.

910 3620 1017 3696 XLII.
1048 3618 1145 3696 Cum
1164 3616 1467 3722 archiepiscopus
1482 3615 1709 3692 Senonensis
1724 3615 1996 3722 proposuisset,
2016 3617 2055 3694 in
2070 3618 2173 3696 curia
2187 3635 2275 3696 nos·

852 3770 925 3841 tra,
942 3766 1070 3827 contra
1088 3746 1269 3824 ballivum
1289 3761 1463 3822 nostrum
1484 3746 1755 3836 Senouensem,
1773 3748 1878 3854 quod
1898 3748 1976 3852 ipse
1993 3745 2151 3826 ballivus
2166 3775 2275 3856 quas·

854 3882 940 3959 dam
962 3879 1158 3986 surprisias
1178 3895 1216 3954 et
1235 3876 1417 3954 novitates
1436 3875 1624 3954 indebitas
1642 3875 1781 3954 lecerat
1804 3877 1844 3954 in
1866 3878 1960 3955 atrio
1981 3877 2135 3956 ecclesie
2156 3877 2276 3956 Seno-

852 4013 993 4103 nensis,
1016 4028 1144 4090 contra
1162 4009 1279 4116 ipsius
1298 4009 1381 4085 atrii
1401 4007 1614 4086 libertatem
1641 4026 1679 4086 ct
1701 4008 1980 4087 immunitatem
2000 4009 2099 4088 dicte
2121 4009 2275 4089 ecclesie

853 4143 1100 4230 senonensis,
1123 4139 1305 4247 capiendo
1325 4138 1364 4215 in
1384 4140 1479 4217 atrio
1500 4139 1715 4246 supradicto
1733 4141 1939 4247 quemdam
1959 4139 2205 4232 homicidam,
2226 4142 2276 4216 vi·

856 4275 992 4351 delicet
1008 4270 1278 4361 Guillelmum‚
1295 4270 1616 4361 barbitonsorem,
1632 4271 1699 4378 qui
1713 4272 1761 4348 ad
1778 4271 1992 4349 libertatem
2012 4289 2050 4350 ct
2062 4272 2278 4349 immunita·

853 4422 930 4480 tem
952 4402 1042 4478 dicti
1063 4400 1146 4478 atrii
1170 4399 1407 4509 confugerat,
1431 4418 1476 4478 ut
1497 4400 1662 4493 dicebat,
1686 4429 1728 4476 ac
1749 4398 1922 4477 iaciendo
1945 4399 2089 4478 ibidem·
2114 4400 2276 4508 quedam

855 4533 1090 4624 stacionaria,
1111 4531 1159 4608 ad
1180 4531 1323 4608 dictum
1342 4531 1684 4640 archiepiscopum,
1706 4549 1751 4609 ut
1771 4531 1922 4618 dicitur,
1944 4530 2099 4609 nomine
2124 4531 2277 4608 ecclesie

855 4663 1064 4770 supradicte
1079 4662 1326 4770 pertinencia,
1341 4662 1524 4770 reparari;
1543 4689 1659 4768 quare
1678 4661 1832 4767 potebat
1844 4662 1966 4739 dictus
1978 4660 2277 4767 archiepiscopus

854 4793 1068 4902 predictum
1097 4792 1224 4870 locum
1248 4793 1409 4871 resaisiri
1434 4792 1482 4869 de
1508 4791 1609 4870 dicto
1638 4791 1864 4881 Guillelmo,
1892 4810 1931 4869 et
1961 4791 2276 4898 impedimentum

856 4952 970 5032 super
987 4926 1060 5002 hoc
1076 4925 1288 5031 appositum
1306 4951 1376 5030 per
1395 4921 1538 5000 dictum
1561 4921 1742 5001 ballivum
1764 4923 1902 5001 debere
1925 4921 2108 5013 amoveri;
2128 4920 2281 5028 petebat

857 5057 972 5133 eciam
998 5054 1120 5134 dictus
1143 5054 1443 5160 archiepiscopus
1467 5051 1606 5132 sactum
1631 5053 1721 5132 dicti
1744 5053 1885 5145 ballivi,
1911 5055 1957 5131 de
1977 5049 2280 5160 reparacionibus

856 5187 1166 5264 stacionariorum
1181 5184 1271 5263 dicti
1288 5184 1390 5277 atrii,
1406 5184 1446 5261 in
1461 5185 1713 5292 prejudicium
1732 5184 1821 5264 dicti
1834 5184 2101 5293 archiepiscopi
2111 5246 2125 5278 ,
2140 5181 2280 5260 debere

855 5319 1018 5395 revocari
1044 5334 1083 5394 et
1105 5314 1283 5407 anullari,
1309 5331 1349 5392 et
1371 5317 1444 5393 hoc
1468 5316 1517 5392 ad
1541 5316 1660 5394 linem
1682 5316 1815 5394 saisine
1847 5317 2111 5394 tantummodo
2138 5334 2281 5422 propo-

855 5449 1002 5538 nend0;
1029 5445 1198 5552 predicto
1220 5445 1360 5524 ballivo
1382 5463 1513 5526 nostro
1536 5446 1575 5522 in
1601 5447 1831 5526 contrarium
1854 5431 2057 5536 asserente,
2082 5464 2120 5526 et
2137 5444 2282 5559 pr‘opo·

2216 5566 2228 5596 t
