5817 7292
1049 1080 1312 1190 nuootrns
1338 1095 1402 1168 nr
1428 1073 1631 1170 esoces.
1757 1166 1765 1180 ,
2013 1099 2057 1169 15

636 1247 756 1325 bones
775 1271 844 1351 pro
864 1243 962 1320 dicta
979 1242 1099 1349 longia
1122 1256 1275 1348 possent
1291 1238 1474 1348 gaudere,
1498 1266 1570 1318 nos
1588 1235 1903 1342 impedimentum
1925 1238 2060 1348 hujus-
2098 1235 2285 1301 errassem,

636 1376 742 1455 modi
762 1375 970 1454 sanaremus
985 1371 1379 1478 morbidandos,
1402 1369 1542 1449 auditis
1558 1368 1743 1476 partibus,
1760 1371 2061 1474 stinquestasu·
2158 1329 2221 1371 lm

637 1535 706 1614 per
718 1506 925 1612 premissis,
945 1503 1186 1583 demandato
1203 1518 1349 1591 nostro,
1368 1501 1462 1579 sacta
1477 1501 1554 1578 visa
1569 1517 1607 1576 et
1620 1499 1824 1607 diligenter
1837 1499 2061 1592 examinata,

635 1638 722 1718 visis
745 1638 862 1718 eciam
883 1637 1072 1715 dictorum
1093 1635 1355 1742 religiosorum
1374 1632 1580 1741 privilegiis
1602 1649 1640 1710 et
1662 1630 1847 1738 registris,
1865 1631 1906 1706 in
1925 1632 2064 1709 rotulis

637 1770 773 1847 nostris
787 1769 887 1846 dicte
899 1767 1038 1846 foreste
1055 1767 1258 1856 contentis,
1272 1795 1342 1872 per
1351 1764 1455 1844 curie
1470 1780 1598 1842 nostre
1603 1762 1812 1871 judicium,
1828 1762 1973 1839 dictum
1986 1761 2062 1839 fuit

638 1917 674 1978 et
687 1899 980 2006 pronunciatum
995 1897 1185 2004 predictos
1200 1897 1397 2006 religiosos
1412 1895 1553 1998 debere
1565 1921 1763 1972 remanere
1777 1893 1823 1969 in·
1838 1922 1905 1970 sua
1917 1921 2063 2000 posses·

636 2031 742 2112 sione
761 2029 921 2111 faciendi
938 2028 1119 2108 carbones
1135 2031 1182 2107 de
1196 2028 1308 2136 liguis
1323 2028 1423 2105 dicte
1437 2027 1575 2105 foreste
1590 2042 1722 2104 nostre
1734 2053 1803 2134 pro
1817 2053 1891 2102 una
1907 2026 2061 2133 grossnli

636 2160 753 2268 lorgis
776 2160 1060 2248 tantummodo,
1085 2160 1191 2236 etad
1210 2187 1323 2238 usum
1342 2158 1547 2265 proprium
1554 2156 1716 2236 abbacie.
1729 2185 1802 2234 sue
1811 2157 1983 2264 predicte
2002 2185 2061 2234 so-

636 2289 853 2380 lummodo,
868 2319 910 2368 ac
922 2291 1239 2397 impedimentum
1255 2317 1369 2398 super
1380 2288 1454 2367 hoo
1464 2317 1533 2398 per
1546 2305 1679 2397 gentes
1691 2304 1836 2367 nostras
1848 2288 2062 2396 appositum

636 2423 797 2500 amoveri
820 2421 972 2500 debere.

691 2554 821 2635 Mense
840 2553 1057 2638 Februario.

692 2815 801 2894 XXV.
823 2813 921 2893 Cum
936 2814 1090 2892 domina
1107 2812 1155 2891 de
1165 2814 1473 2902 Villa-Cendrier‚
1488 2840 1616 2890 coram
1628 2811 1768 2890 ballivo
1781 2811 2066 2892 Catbalanensis

637 2943 818 3051 episcopi,
843 2944 1002 3022 domum
1023 2944 1103 3022 dou
1124 2944 1400 3022 FranoMorier
1419 2971 1506 3019 cum
1520 2941 1672 3051 jardino
1693 2958 1730 3019 et
1749 2941 1938 3050 octoginta
1956 2942 2063 3023 libris

637 3075 752 3152 annui
779 3073 967 3161 redditus,
994 3074 1218 3180 quaomnia
1243 3071 1365 3150 dictus
1384 3072 1545 3150 ballivus
1571 3088 1752 3179 posuerat
1773 3089 1813 3148 et
1833 3073 1987 3151 tenebat
2012 3076 2061 3150 ad

637 3232 791 3282 manum
807 3232 929 3294 suam,
951 3203 1000 3280 ad
1019 3203 1241 3280 instanciam
1261 3202 1449 3280 heredum
1467 3201 1619 3306 Jaquier
1639 3201 1730 3278 dicti
1744 3201 1920 3292 bridoul‚
1941 3233 2067 3308 quon«

638 3335 725 3412 dam
746 3333 868 3412 mariti
897 3333 997 3410 dicte
1023 3331 1200 3420 domine,
1228 3359 1296 3438 per
1314 3331 1475 3416 modum
1494 3347 1670 3437 requeste
1689 3347 1837 3436 peteret
1861 3330 1933 3408 sibi
1953 3334 2062 3442 adju·

636 3466 751 3544 dicari
769 3465 809 3542 in
829 3464 964 3544 saisina
982 3479 1023 3542 et
1038 3463 1285 3571 proprietate
1306 3463 1417 3541 dictis
1435 3460 1643 3540 heredibus
1662 3462 1702 3538 in
1717 3462 1946 3540 contrarium
1960 3493 2061 3544 asse

639 3594 808 3688 rentibus
831 3595 969 3674 dietum
994 3594 1208 3687 dominam,
1232 3621 1277 3672 eo
1303 3593 1421 3672 modo
1447 3619 1525 3700 quo
1543 3591 1712 3699 petebat,
1738 3621 1816 3670 non
1842 3623 1922 3673 esse
1947 3624 2060 3702 super

637 3727 711 3806 hoc
737 3725 982 3818 audiendam,
1010 3724 1135 3804 dictus
1160 3723 1337 3813 ballivus,
1357 3722 1633 3833 perjudicium
1651 3750 1781 3813 suum,
1802 3727 2062 3830 pronunciavit

637 3857 844 3962 predictam
872 3854 1066 3934 dominam
1095 3883 1173 3934 non
1201 3883 1285 3937 esse
1307 3882 1422 3965 super
1445 3854 1521 3934 hoc
1543 3853 1770 3932 audiendam
1790 3883 1867 3961 per
1882 3857 1978 3935 uam
2003 3887 2062 3936 re-

638 4003 788 4092 queste‚
809 3987 877 4064 sed
897 3987 927 4066 si
950 3987 1027 4096 ipsa
1049 3985 1163 4066 vellet
1177 3987 1321 4075 venire,
1345 4015 1414 4094 par
1436 3985 1535 4063 viam
1553 3984 1667 4092 juris,
1685 4004 1835 4093 paratus
1856 4006 1936 4065 erat
1958 3989 2063 4066 idem

638 4115 797 4194 ballivus
816 4118 1023 4224 superbos
1043 4116 1220 4196 exhibere
1241 4117 1313 4196 sibi
1331 4115 1483 4224 justicie
1502 4116 1845 4224 complementum
1867 4145 1886 4191 a
1906 4145 1984 4222 quo
2001 4120 2065 4226 ju-

639 4247 755 4337 dicio,
782 4264 960 4354 tanquam
981 4249 1112 4328 afalso
1137 4266 1176 4326 et
1200 4273 1332 4356 pravo,
1359 4247 1458 4324 dicta
1484 4244 1638 4323 domina
1659 4247 1709 4323 ad
1729 4261 1895 4322 nostram
1919 4247 2062 4324 curiam

639 4376 857 4484 appellavit:
875 4378 1062 4467 Tandem,
1084 4377 1223 4455 auditis
1241 4376 1356 4485 partis
1374 4375 1574 4483 utriusque
1587 4374 1801 4453 racionibus
1815 4392 1854 4453 et
1867 4376 1944 4455 viso
1960 4378 2061 4456 dicto

637 4536 815 4618 processu
843 4507 1049 4614 superbos
1076 4505 1172 4586 lacto
1199 4535 1325 4585 coram
1350 4505 1489 4586 ballivo
1506 4506 1696 4616 predicto,
1719 4534 1787 4613 per
1811 4507 1916 4584 curie
1932 4524 2061 4586 nostre
2180 4519 2184 4525 '

635 4640 842 4750 judicium,
860 4637 1003 4718 dietum
1016 4636 1090 4716 luit
1107 4654 1146 4716 et
1158 4640 1449 4747 pronunciatum
1462 4639 1676 4747 predictum
1692 4637 1874 4716 ballivum
1888 4637 1987 4717 bene
1998 4640 2064 4748 ju-

642 4771 798 4862 dicasse,
816 4786 855 4848 et
866 4769 1004 4848 dictam
1017 4770 1211 4848 dominam
1225 4771 1325 4850 male
1343 4770 1560 4883 appellasse.

698 4901 864 4982 Sabbato
878 4917 964 4980 ante
985 4900 1151 4981 Cineres.

695 5164 820 5276 XXVI.
851 5165 950 5244 Cum
974 5165 1133 5244 ballivus
1149 5166 1407 5246 Bitturicensis
1425 5168 1524 5249 bona
1544 5169 1738 5276 quondam
1764 5166 1930 5246 defuncti
1952 5169 2062 5249 Guil-

639 5294 744 5374 lelmi
770 5295 818 5376 do
840 5295 1109 5379 Monte-Aonto
1132 5298 1181 5376 ad
1204 5325 1360 5376 monum
1389 5306 1554 5380 nostram
1576 5300 1780 5408 posuisset,
1807 5299 1935 5378 dicens
1961 5299 2058 5375 dicta

615 5517 618 5524 .
640 5425 738 5504 bona
758 5427 803 5504 ad
825 5455 894 5508 nos
913 5429 1103 5534 portinere
1116 5457 1186 5536 pro
1205 5457 1251 5508 eo
1268 5429 1538 5538 quodnullus,
1557 5447 1602 5508 ut
1621 5430 1832 5520 dicebatur,
1849 5429 1995 5508 extabat
2012 5429 2059 5505 de
