5817 7292
867 1068 953 1187 ¹ssa
1460 1113 1551 1187 ans
1579 1112 1718 1187 omu

657 1264 785 1319 Parum
798 1264 841 1328 IV.
933 1252 991 1330 ΠΙ.
1022 1254 1131 1344 ltem,
1151 1280 1347 1361 processus
1360 1254 1399 1333 in
1415 1282 1525 1334 causa
1539 1255 1804 1363 appellaeionie
1818 1255 1918 1334 inter
1930 1274 2215 1365 procuratorem
2228 1262 2298 1339 Pe·

716 1356 779 1399 ’Μ’
877 1362 1167 1495 tragoricensem
1190 1416 1277 1464 cum
1300 1388 1425 1476 Petro,
1451 1386 1644 1493 capellano
1666 1386 1961 1477 Sancti-Felicis,
1985 1407 2114 1468 contra
2135 1389 2299 1471 Guillel·

878 1546 982 1595 mum
1004 1518 1175 1612 Quintini
1197 1535 1234 1595 et
1254 1518 1335 1624 ejus
1355 1534 1559 1597 conserues.

930 1782 988 1861 lv.
1020 1783 1130 1869 Item,
1147 1807 1343 1885 processus
1357 1781 1459 1857 inter
1472 1779 2109 1889 procmutoremlletragoricensem
2125 1801 2165 1862 et
2176 1785 2300 1865 horni-

872 1939 940 1991 nes
961 1912 1007 1989 de
1022 1910 1332 2020 Bello-Regendo,
1351 1938 1464 2017 super
1482 1911 1699 2016 portacione
1713 1939 1906 1990 armorum
1921 1930 2052 1992 contre
2066 1915 2232 2021 priorem
2247 1916 2297 2029 (le

872 2043 1076 2151 Prugnans.
1432 2035 1436 2043 ⁴
2269 2057 2274 2068 '

927 2306 971 2383 V.
1003 2306 1113 2394 Item,
1135 2330 1330 2410 processus
1349 2306 1387 2382 in
1408 2332 1517 2385 causa
1535 2305 1801 2414 appellacionis
1819 2307 1917 2385 inter
1929 2323 2208 2413 procuratorem
2223 2306 2295 2385 Pe-

872 2434 1163 2543 tragoricensem
1183 2464 1269 2511 cum
1291 2434 1521 2514 monialibus
1546 2436 1594 2513 de
1615 2438 1770 2544 Leyme,
1792 2450 1920 2515 contre
1944 2436 2118 2515 homines
2136 2436 2224 2515 ville
2244 2437 2295 2515 (le

873 2565 1050 2644 Molariis.

927 2832 986 2909 VI.
1017 2830 1128 2919 ltem,
1144 2856 1338 2937 processus
1353 2829 1394 2905 in
1409 2857 1519 2907 causa
1534 2829 1801 2937 appellecionis
1814 2833 1913 2910 inter
1925 2848 2212 2938 procuratorem
2226 2832 2297 2909 Ru-
2374 2926 2379 2933 ¹
2433 2893 2437 2901 .

870 2962 1093 3041 rhenensem
1115 2979 1153 3039 et
1172 2962 1385 3041 Deodatum
1405 2960 1591 3053 Terondi,
1615 2961 1663 3042 de
1684 2962 1956 3041 Sancto-loric.

926 3226 1003 3305 Vll.
1035 3226 1151 3317 Item,
1177 3252 1372 3331 processus
1391 3225 1431 3301 in
1451 3248 1561 3302 causa
1579 3223 1847 3331 appellacionis
1865 3223 1964 3301 inter
1989 3223 2224 3329 Emerardim
2244 3224 2292 3301 de

872 3357 999 3434 Utecia
1019 3373 1056 3433 et
1074 3354 1321 3434 Guillelmum
1342 3354 1389 3431 de
1410 3354 1607 3449 Randone,
1631 3354 1830 3434 dominum
1850 3354 1954 3432 Luci.

1203 3900 1497 4014 ruoussrn
1530 3900 1605 3987 ur
1634 3898 1983 3990 succussus

876 4178 941 4231 PER
963 4178 1092 4232 cunila!
1116 4178 1278 4232 JUDlClTl
1298 4178 1333 4231 Ill
1355 4174 1586 4230 PARLAMENTO
1606 4177 1764 4230 mirans
1790 4176 2087 4240 SANCTMNDBEE,
2111 4175 2294 4239 seosrom,

1456 4430 1547 4474 anuo
1570 4430 1711 4473 UCGCU.

929 4669 957 4744 l.
988 4668 1101 4758 Cum,
1120 4668 1186 4745 lite
1202 4685 1304 4747 mota
1314 4668 1413 4747 inter
1426 4666 1638 4745 iohannem
1653 4664 1773 4756 Ferri,
1791 4665 2016 4743 servientem
2029 4665 2176 4773 regium
2190 4662 2228 4738 in
2243 4688 2297 4738 se·
2339 4772 2343 4779 Ι

871 4798 1047 4877 nescallia
1055 4799 1363 4908 Petragoricensi,
1377 4826 1420 4877 ex
1431 4825 1507 4875 una
1518 4814 1640 4907 parte,
1653 4814 1691 4874 et
1700 4794 1866 4874 Fabrum
1879 4796 1927 4873 de
1933 4794 2097 4884 Valleto,
2110 4822 2153 4871 ex
2163 4790 2293 4879 altera,

872 4958 998 5025 coram
1012 4928 1213 5010 senescallo
1224 4928 1516 5041 Petragoricensi
1526 4991 1535 5020 ,
1547 4927 1606 5005 vel
1621 4927 1703 5036 ejus
1713 4925 1987 5017 commissario,
2002 4947 2175 5031 supereo
2189 4920 2318 5029 quod·

872 5061 995 5139 dictus
1004 5060 1135 5150 Faber,
1148 5077 1191 5138 ut
1203 5060 1410 5149 dicebatur,
1422 5059 1637 5171 predictum
1651 5057 1876 5137 servientem
1886 5052 2077 5145 ,officium
2090 5080 2205 5131 suum
2219 5078 2297 5130 ser-

871 5193 1037 5302 gentarie
1065 5192 1291 5281 exercendo,
1313 5188 1553 5270 vileniaverat
1574 5190 1717 5301 ipsum,
1742 5184 1995 5295 percuciendo
2021 5200 2060 5261 et
2083 5210 2151 5292 per
2167 5198 2297 5290 guttur

873 5323 1110 5435 accipiend03
1131 5321 1226 5401 sacta
1245 5350 1359 5431 super
1381 5322 1454 5400 hoc
1473 5323 1647 5430 inquesta
1668 5320 1716 5398 de
1741 5317 1919 5395 mandato
1944 5314 2062 5421 ipsius
2081 5311 2294 5401 senescalli,

873 5448 974 5534 idein
987 5453 1215 5535 senescallus
1226 5454 1367 5532 dictum
1381 5454 1544 5532 Fabrum
1556 5440 1869 5558 condempnasset
1880 5447 1920 5524 in
1935 5446 2067 5525 decem
2079 5444 2187 5524 libris
2196 5444 2298 5522 dicto
