5817 7292
1000 1052 1269 1161 svouurss
1294 1072 1359 1144 er
1386 1053 1590 1147 esoces
1928 1077 2000 1149 577

583 1211 882 1291 contradiccione
894 1208 1061 1319 predicta
1082 1212 1268 1309 dictorum
1288 1230 1478 1291 rectorum
1497 1231 1535 1292 et
1553 1212 1801 1320 burgensium
1820 1241 1899 1293 non
1914 1216 2003 1295 obs·
2032 1224 2162 1357 szfot
2180 1224 2223 1286 W·

581 1358 696 1422 tante.

638 1470 801 1552 Sabbato
813 1489 899 1579 post
908 1473 1173 1558 luvencionem
1192 1472 1324 1551 Sancte
1340 1473 1482 1552 Crucis.

639 1605 802 1710 Mangon
820 1604 1033 1710 reportavit.

637 1862 777 1941 LXXII.
809 1862 892 1941 Lite
910 1881 1028 1952 mota,
1046 1892 1170 1943 coram
1186 1861 1323 1942 ballivo
1343 1866 1507 1972 episcopi
1523 1865 1754 1953 Parisiensis‚
1770 1868 1870 1941 inter
1883 1863 2006 1943 Odar·

583 1993 675 2071 dum
694 1994 883 2085 Perceval‚
900 1995 1018 2073 civem
1037 1994 1295 2081 Parisiensem,
1314 2022 1358 2072 ex
1375 2024 1451 2072 una
1470 2012 1593 2102 parte,
1611 2011 1649 2073 et
1664 1994 1873 2073 Iohannem
1891 2011 1929 2071 et
1942 1995 2006 2073 Pe·

580 2141 682 2199 trum
700 2122 747 2201 de
762 2122 873 2231 Grey,
891 2122 1038 2213 fratres,
1057 2141 1094 2201 et
1113 2122 1320 2201 llobertum
1337 2124 1512 2213 Hodaier‚
1532 2152 1600 2203 suo
1618 2140 1658 2201 et
1669 2124 1856 2214 Iohanne,
1878 2127 2004 2203 uxoris

579 2280 661 2339 sue,
680 2253 855 2343 nomine,
877 2253 1015 2332 sororis
1034 2253 1191 2331 fratrum
1207 2252 1481 2359 predictorum,
1499 2284 1543 2331 ex
1557 2255 1691 2344 altera,
1708 2284 1824 2361 super
1838 2284 1884 2332 eo
1898 2255 2005 2362 quod

581 2382 702 2461 dictus
713 2382 889 2463 Odardus
903 2385 1055 2491 petebat
1066 2382 1268 2493 quamdam
1287 2383 1451 2463 litteram
1471 2385 1692 2463 donacionis
1703 2386 1776 2463 sibi
1788 2385 1883 2465 facte
1897 2386 2005 2465 aGe-

581 2512 730 2602 novesa,
744 2514 936 2621 quondam
949 2542 1064 2593 uxore
1077 2542 1160 2603 sua,
1178 2542 1382 2621 sororeque
1400 2514 1558 2591 fratrum
1573 2516 1849 2621 predictorum,
1866 2516 1914 2593 de
1928 2543 2005 2594 om·

581 2641 693 2719 nibus
714 2644 825 2721 bonis
842 2644 920 2721 suis
938 2643 1146 2722 mobilibus
1166 2659 1205 2719 et
1223 2643 1509 2750 conquestibus,
1535 2644 1749 2722 execucioni
1766 2645 2002 2733 demandari;

581 2773 690 2849 dictis
709 2771 885 2855 fratribus
903 2790 940 2850 et
955 2774 1057 2852 dicto
1079 2772 1261 2861 Roberto,
1278 2801 1355 2879 quo
1375 2800 1488 2879 supra
1509 2774 1679 2864 nomine,
1696 2774 1824 2881 plures
1837 2775 2004 2853 raciones

580 2904 876 3010 proponentibus
899 2904 948 2981 ad
969 2902 1086 2980 linem
1107 2902 1213 3011 quod
1232 2902 1330 2979 dicta
1350 2905 1525 2983 execucio
1545 2905 1700 2982 minime
1721 2903 1805 2981 fieri
1830 2904 2001 2995 deberet,

517 3045 521 3055 '
581 3050 619 3111 et
636 3035 741 3141 quod
762 3036 858 3113 dicta
876 3036 1036 3113 donacio
1052 3032 1157 3111 nulla
1177 3050 1213 3111 et
1233 3033 1396 3110 invalida
1414 3053 1661 3141 reputaretur,
1681 3036 1805 3113 dictus
1822 3034 2001 3129 ballivus,

580 3164 729 3271 cognito
748 3164 795 3242 de
820 3165 1027 3271 premissis,
1048 3163 1309 3271 pronunciavit
1330 3164 1469 3241 dictam
1490 3165 1738 3243 donacionem
1760 3192 1840 3243 esse
1860 3166 2004 3244 nullius

578 3292 727 3385 valoris,
751 3313 789 3371 et
808 3295 932 3403 quod,
954 3296 1090 3371 virtute
1116 3293 1303 3402 ejusdem,
1327 3293 1450 3371 dictus
1469 3293 1646 3373 Odardus
1665 3294 1815 3372 nullum
1834 3324 2004 3376 commo·

579 3423 671 3501 dum
690 3443 913 3531 reportaret,
936 3422 1166 3503 absolvendo
1191 3422 1312 3501 dictos
1337 3421 1469 3502 fratres
1489 3440 1527 3501 et
1548 3423 1772 3514 Robertum,
1794 3452 1872 3532 quo
1890 3454 2003 3533 supra

578 3556 746 3647 nomine,
770 3555 816 3633 ab
838 3554 1079 3660 impeticione
1099 3553 1266 3659 predicta
1285 3552 1376 3631 dicti
1402 3552 1566 3645 Odardi3
1591 3582 1612 3631 a
1632 3584 1709 3662 quo
1728 3556 1886 3662 quidem
1898 3557 2003 3664 judi·

578 3703 676 3773 cato,
698 3704 888 3791 tamquam
909 3712 927 3759 a
948 3681 1041 3761 salso
1062 3699 1101 3759 et
1120 3710 1244 3787 pravo,
1266 3682 1389 3759 dictus
1408 3681 1587 3761 Odardus
1604 3683 1652 3759 ad
1672 3701 1837 3761 nostram
1858 3686 2000 3763 curiam

580 3809 798 3917 appellavit:
819 3810 991 3889 Partibus
1008 3810 1133 3918 igitur,
1155 3811 1194 3885 in
1215 3811 1295 3915 ipsa
1309 3808 1577 3915 appellacionis
1594 3840 1720 3899 causa,
1742 3813 1783 3887 in
1799 3812 1901 3889 curia
1914 3840 2002 3892 nos·

579 3957 638 4017 tra
663 3940 984 4049 comparentibus,
1010 3938 1226 4046 auditisque
1249 3966 1379 4015 earum
1406 3940 1640 4029 racionibus,
1669 3939 1856 4049 lacuque,
1888 3969 2002 4050 super

579 4071 783 4178 propositis
802 4071 848 4147 ab
869 4070 1030 4161 eisdem,
1052 4070 1213 4176 quadarn
1234 4068 1422 4176 inquesta,
1443 4087 1496 4160 et,
1518 4070 1848 4178 adjudicandum,
1869 4073 1917 4150 ad
1933 4103 2000 4153 cu·

578 4205 673 4279 riam
696 4218 861 4281 nostram
886 4218 1091 4309 reportata,
1118 4200 1280 4309 visisque
1303 4201 1410 4290 actis,
1431 4218 1509 4279 tam
1530 4200 1628 4279 dicte
1653 4230 1762 4280 cause
1784 4203 2000 4309 principalis

580 4362 692 4441 quam
710 4333 976 4441 appellacionis
992 4332 1177 4439 predicte,
1193 4350 1231 4411 et
1247 4330 1448 4439 diligenter
1460 4332 1695 4423 examinatis,
1712 4360 1781 4438 per
1798 4332 1899 4411 curie
1912 4361 1999 4411 nos-

578 4482 636 4541 tre
650 4464 856 4573 judicium,
875 4461 948 4542 suit
962 4463 1105 4543 dictum
1123 4462 1336 4569 predictum
1356 4461 1538 4539 ballivum
1552 4461 1651 4540 bene
1666 4462 1869 4570 judicasse,
1888 4480 1925 4541 et
1944 4464 1999 4571 ip-

578 4624 664 4673 sum
684 4594 880 4675 Odardum
899 4595 997 4672 male
1017 4592 1239 4701 appellasse,
1262 4611 1300 4672 et
1319 4593 1423 4699 quod
1443 4593 1524 4700 ipse
1543 4592 1618 4671 hoc
1634 4592 1862 4671 emendabit.

633 4725 830 4805 Dominica
850 4741 934 4803 ante
954 4725 1230 4805 Ascensionem.

635 4856 743 4935 Creci
762 4856 973 4963 reportavit.

635 5122 791 5199 LXXIII.
822 5122 905 5200 Lite
929 5141 1046 5211 mota,
1069 5147 1194 5199 coram
1218 5120 1409 5229 preposito
1433 5120 1647 5210 Parmensi,
1670 5120 1771 5200 inter
1787 5122 1998 5201 Iohannem

579 5248 692 5339 lluffi,
715 5277 759 5329 ex
778 5280 853 5330 una
872 5269 997 5359 parte,
1019 5270 1057 5331 et
1076 5252 1220 5330 dictum
1239 5252 1390 5341 Tanne,
1413 5250 1646 5359 caligarium,
1667 5281 1712 5331 ex
1731 5250 1864 5341 altera,
1885 5276 1998 5356 super

489 5450 491 5455 .
581 5406 626 5455 eo
645 5382 749 5487 quod
773 5383 894 5461 dictus
908 5385 1096 5464 Iohannes
1114 5384 1281 5463 arrestari
1302 5382 1440 5463 lecerat
1454 5382 1657 5490 quamdam
1676 5409 1863 5461 summam
1882 5404 1998 5485 pecu·

685 5554 738 5597 uns
759 5556 840 5599 ocra.
864 5560 910 5603 ur.
1830 5533 1870 5614 73
