5817 7292
881 1095 953 1170 aaa
1456 1094 1546 1167 cns
1576 1093 1719 1195 omn.

657 1249 840 1310 errarunt,
879 1263 994 1346 quam
1012 1237 1059 1314 nb
1081 1236 1227 1344 iniqua,
1242 1235 1521 1342 condempnata
1537 1263 1607 1342 per
1628 1233 1772 1310 dictum
1782 1232 1954 1341 judicem
1975 1257 2134 1341 perrone
2150 1239 2198 1318 ad
2215 1269 2303 1319 noa-

716 1342 778 1386 ¹³⁰⁹'
879 1387 974 1445 tram
995 1367 1136 1446 curiam
1157 1366 1416 1475 appellarunt:
1437 1367 1535 1447 Visis
1553 1366 1670 1472 igitur
1686 1364 1924 1472 processibus
1936 1366 2112 1473 inqueste
2126 1387 2167 1448 et
2179 1372 2303 1479 appolL

878 1501 1033 1579 lacionis
1054 1500 1326 1607 predictarum,
1349 1527 1416 1604 per
1436 1499 1538 1576 curie
1565 1514 1692 1574 nostre
1708 1496 1898 1603 judicium
1920 1496 1994 1575 fnit
2013 1499 2158 1578 dictum
2174 1503 2302 1608 ipsum

872 1629 1042 1736 judicem
1073 1646 1244 1708 nostrum
1267 1629 1508 1717 carcassone,
1531 1643 1717 1734 quantum
1740 1626 1790 1703 ad
1808 1626 2019 1707 drnaldnm
2039 1630 2214 1722 soffredi,
2236 1635 2303 1712 Ar-

877 1761 1034 1838 naldum
1059 1759 1247 1838 Remundi
1269 1758 1317 1836 de
1345 1758 1498 1846 Bevilla,
1525 1756 1770 1835 Remundum
1800 1758 1946 1847 Vitatis,
1978 1763 2229 1841 Laurencium
2253 1766 2300 1842 de

877 1893 981 1982 Faia,
997 1894 1152 1969 Petrum
1170 1890 1218 1966 de
1232 1888 1419 1967 Belbonas
1435 1906 1473 1967 ct
1487 1887 1698 1966 Johannem
1716 1888 1767 1965 de
1787 1887 1956 1979 Solonio,
1979 1890 2048 1997 qui
2063 1890 2182 1998 judex
2202 1895 2301 2000 ipsos

877 2026 917 2102 in
932 2023 1112 2102 sexcentis
1126 2021 1232 2100 libris
1252 2019 1557 2107 Turonensibna,
1570 2018 1764 2107 videlieet,
1786 2019 1828 2096 in
1842 2037 1996 2098 centnm
2010 2021 2117 2102 libris
2131 2024 2300 2130 ipsorum

875 2155 1087 2262 quemlibet
1100 2152 1402 2260 condempnavit,
1413 2152 1512 2229 bene
1521 2150 1802 2258 pronunciasse,
1816 2168 1854 2229 et
1862 2151 2069 2257 ipaoamaie
2077 2156 2297 2262 appellarem

876 2287 961 2375 sed,
977 2303 1161 2392 qnantum
1176 2286 1224 2362 ad
1238 2283 1349 2372 alios,
1370 2283 1408 2359 in
1425 2310 1492 2360 sun
1505 2281 1673 2390 predicta
1687 2281 2021 2388 condempnatorit
2033 2285 2221 2365 sentencia
2234 2315 2299 2368 no·

876 2417 1051 2504 minatus,
1073 2416 1197 2521 ipsum
1209 2412 1309 2490 male
1319 2412 1524 2520 judicasse,
1541 2430 1581 2490 et
1593 2441 1661 2491 eos
1675 2412 1773 2490 bane
1792 2411 2010 2521 appellasse,
2027 2443 2114 2530 cnm
2126 2441 2197 2524 por
2214 2445 2298 2524 pre—

876 2549 1012 2624 dictam
1027 2548 1238 2653 inquestarn
1259 2543 1377 2622 nichil
1398 2561 1526 2622 contra
1540 2572 1609 2624 eos
1627 2544 1838 2652 reperiatur
1850 2543 2081 2624 sufficienter
2096 2548 2296 2654 probatum

874 2680 988 2758 titisse
1004 2677 1051 2756 de
1076 2676 1281 2782 premissisg
1303 2693 1487 2783 quantem
1505 2703 1595 2754 rem
1611 2677 1663 2754 nd
1681 2703 1816 2754 omnes
1835 2676 1949 2788 aiios,
1966 2700 2087 2785 'snper
2106 2681 2298 2786 premissis

873 2810 1064 2887 violenciis
1080 2826 1119 2886 et
1131 2806 1340 2886 excessibus
1354 2808 1603 2888 denunciatos
1615 2836 1684 2887 seu
1698 2827 1913 2916 pervectos,
1928 2830 2024 2917 quoa
2030 2810 2150 2920 judex
2163 2838 2299 2889 memo

873 2958 974 3019 ratus
987 2940 1164 3029 absolvit,
1177 2939 1326 3018 ‘tenebit
1341 2938 1533 3018 absolucio
1550 2939 1734 3047 predicta.

928 3073 1057 3150 Martis
1076 3088 1161 3178 pont
1175 3070 1440 3149 Reminiscere.
1572 3145 1575 3150 .

929 3205 978 3282 Μ.
1000 3203 1045 3284 G.
1070 3202 1117 3280 de
1137 3204 1233 3280 Usco
1252 3204 1467 3310 reportavit.

928 3466 1002 3542 LII.
1032 3466 1118 3545 Visa
1137 3467 1310 3572 inquesta
1328 3493 1396 3572 per
1412 3466 1558 3542 curiam
1577 3484 1740 3544 noannm
1763 3466 1857 3544 facta
1875 3469 1973 3545 inter
1993 3464 2147 3545 Petrum
2166 3467 2216 3545 de
2231 3467 2294 3544 in-

871 3595 1051 3685 clamaro,
1084 3597 1203 3674 civem
1228 3597 1492 3691 Pnrisiensem,
1521 3624 1568 3673 ex
1593 3624 1668 3675 una
1693 3615 1814 3705 parte,
1843 3615 1883 3676 et
1908 3597 2169 3676 vicecomitem
2195 3623 2294 3705 aque

869 3728 1181 3837 Rothomagensis
1195 3757 1236 3806 ac
1254 3728 1488 3835 prepositum
1500 3729 1769 3819 Perisienscm‚
1786 3754 1856 3835 pro
1870 3729 2028 3808 domino
2043 3732 2161 3837 Regeg
2178 3749 2222 3807 ex
2242 3730 2297 3807 ri·

868 3877 963 3952 tera,
989 3859 1183 3937 inventum
1206 3876 1262 3937 est
1287 3857 1392 3965 quod
1415 3859 1496 3967 ipsa
1520 3875 1677 3937 nonest
1705 3858 1890 3965 perfecta,
1916 3858 1983 3936 sed
2006 3857 2233 3965 perficiatur,
2259 3878 2297 3938 et

870 3990 1008 4067 dentur
1022 3989 1213 4068 auditores
1229 4019 1344 4097 super
1362 3989 1467 4068 sactis
1486 3988 1578 4068 hinc
1595 3989 1687 4067 inde
1700 3989 1905 4097 propositio
1924 3987 1964 4066 in
1979 3989 2126 4068 cadem.

927 4120 1055 4198 Martis
1070 4121 1247 4228 predicta.

924 4250 1097 4329 Bocellus
1115 4254 1327 4359 reportarit.

925 4514 1013 4591 ΗΠ.
1041 4517 1158 4605 Cum,
1177 4542 1302 4593 coram
1322 4511 1584 4593 commissoriis
1596 4512 1751 4601 nostris,
1766 4511 2016 4595 mota-fuisset
2029 4512 2177 4618 questio
2196 4513 2295 4592 inter

867 4664 1149 4753 procuratorem
1169 4663 1340 4724 nostrnm
1358 4646 1398 4723 in
1411 4644 1583 4752 partibus
1601 4644 1842 4734 Tholosnnin,
1859 4671 1903 4722 ex
1918 4672 1993 4722 una
2008 4660 2128 4752 parte,
2150 4661 2189 4722 et
2207 4640 2293 4750 pr'c·

869 4794 1058 4881 ceptorem
1081 4795 1119 4855 et
1141 4776 1272 4854 fratres
1292 4777 1429 4856 domus
1450 4777 1501 4855 de
1525 4776 1716 4855 Renevilla
1739 4773 1941 4883 Hospitalis
1962 4774 2293 4856 Sancti-iohannis

866 4906 1183 5016 Jeroaolymitcni‚
1210 4909 1367 4987 nomine
1386 4909 1554 5018 predicte
1574 4909 1733 4998 domos,
1754 4937 1805 4986 ‘cx
1825 4907 1958 4998 altera,
1982 4937 2097 5016 anper
2118 4927 2164 4986 eo
2188 4903 2295 5015 qnod

867 5037 1014 5117 dicabat
1029 5038 1130 5118 idem
1146 5059 1363 5148 procurator
1375 5058 1505 5118 noster
1519 5041 1625 5149 qnod
1645 5041 1716 5148 ipsi
1734 5057 1934 5147 preceptor
1950 5057 1989 5118 et
2003 5039 2136 5120 finces
2150 5038 2293 5118 &mon

866 5168 1033 5276 predicta
1057 5170 1225 5249 indebite
1252 5189 1292 5251 et
1311 5172 1449 5281 injuste
1475 5173 1699 5252 exercebant
1719 5172 1907 5250 minorem
1922 5170 2230 5278 jurisdictionem
2249 5167 2291 5244 in

866 5299 953 5378 villa
972 5301 1019 5380 de
1038 5301 1244 5392 denerata,
1267 5331 1434 5382 asserens
1456 5302 1560 5381 idem
1576 5318 1800 5412 procurator
1820 5317 1948 5380 noster
1961 5299 2067 5408 quod
2080 5325 2229 5375 merum
2248 5315 2291 5373 ct

867 5433 1025 5511 mictum
1050 5433 1252 5540 imperinm
1280 5452 1319 5513 et
1347 5415 1471 5513 omnis
1489 5435 1703 5542 jnrisdictie
1729 5433 1830 5513 dicte
1854 5431 1943 5510 rifle
1966 5431 2016 5508 od
2034 5457 2103 5507 nos
2125 5426 2291 5534 pertinet
