<?xml version="1.0" encoding="UTF-8"?>
<!DOCTYPE html PUBLIC "-//W3C//DTD XHTML 1.0 Transitional//EN"
    "http://www.w3.org/TR/xhtml1/DTD/xhtml1-transitional.dtd">
<html xmlns="http://www.w3.org/1999/xhtml" xml:lang="en" lang="en">
 <head>
  <title>
</title>
<meta http-equiv="Content-Type" content="text/html;charset=utf-8" />
  <meta name='ocr-system' content='tesseract 3.04.00' />
  <meta name='ocr-capabilities' content='ocr_page ocr_carea ocr_par ocr_line ocrx_word'/>
</head>
<body>
  <div class='ocr_page' id='page_1' title='image "./lesolimouregist00pargoog_0678.png"; bbox 0 0 5817 7292; ppageno 0'>
   <div class='ocr_carea' id='block_1_1' title="bbox 954 1060 1790 1143">
    <p class='ocr_par' dir='ltr' id='par_1_1' title="bbox 954 1060 1790 1143">
     <span class='ocr_line' id='line_1_1' title="bbox 954 1060 1790 1143; baseline -0.006 0"><span class='ocrx_word' id='word_1_1' title='bbox 954 1070 1028 1143; x_wconf 81' lang='lat'>576</span> <span class='ocrx_word' id='word_1_2' title='bbox 1531 1066 1622 1140; x_wconf 86' lang='lat' dir='ltr'>LES</span> <span class='ocrx_word' id='word_1_3' title='bbox 1651 1060 1790 1141; x_wconf 85' lang='lat' dir='ltr'><strong>OLIM.</strong></span> 
     </span>
    </p>
   </div>
   <div class='ocr_carea' id='block_1_2' title="bbox 728 1184 2483 5497">
    <p class='ocr_par' dir='ltr' id='par_1_2' title="bbox 728 1184 2483 5497">
     <span class='ocr_line' id='line_1_2' title="bbox 728 1184 2366 1313; baseline 0.001 -24"><span class='ocrx_word' id='word_1_4' title='bbox 728 1223 858 1277; x_wconf 71' lang='lat' dir='ltr'>rarum</span> <span class='ocrx_word' id='word_1_5' title='bbox 869 1218 912 1281; x_wconf 79' lang='lat' dir='ltr'>tv,</span> <span class='ocrx_word' id='word_1_6' title='bbox 948 1220 949 1223; x_wconf 74' lang='grc'>’</span> <span class='ocrx_word' id='word_1_7' title='bbox 1007 1210 1129 1289; x_wconf 88' lang='lat' dir='ltr'>LXXl.</span> <span class='ocrx_word' id='word_1_8' title='bbox 1161 1208 1261 1287; x_wconf 81' lang='lat' dir='ltr'>Mota</span> <span class='ocrx_word' id='word_1_9' title='bbox 1275 1207 1542 1296; x_wconf 86' lang='lat' dir='ltr'>controversia,</span> <span class='ocrx_word' id='word_1_10' title='bbox 1557 1184 1712 1284; x_wconf 85' lang='lat' dir='ltr'>diversis</span> <span class='ocrx_word' id='word_1_11' title='bbox 1722 1203 1960 1312; x_wconf 72' lang='lat' dir='ltr'>temporibus</span> <span class='ocrx_word' id='word_1_12' title='bbox 1975 1222 2013 1283; x_wconf 89' lang='lat' dir='ltr'>et</span> <span class='ocrx_word' id='word_1_13' title='bbox 2022 1205 2197 1313; x_wconf 84' lang='lat' dir='ltr'>pluribus</span> <span class='ocrx_word' id='word_1_14' title='bbox 2208 1206 2366 1303; x_wconf 83' lang='lat' dir='ltr'>vicibus,</span> 
     </span>
     <span class='ocr_line' id='line_1_3' title="bbox 789 1311 2369 1450; baseline 0.001 -29"><span class='ocrx_word' id='word_1_15' title='bbox 789 1311 851 1354; x_wconf 49' lang='lat' dir='ltr'>ml</span> <span class='ocrx_word' id='word_1_16' title='bbox 950 1344 1049 1421; x_wconf 88' lang='lat' dir='ltr'>inter</span> <span class='ocrx_word' id='word_1_17' title='bbox 1058 1341 1222 1448; x_wconf 87' lang='lat' dir='ltr'>priorem</span> <span class='ocrx_word' id='word_1_18' title='bbox 1234 1338 1587 1429; x_wconf 87' lang='lat' dir='ltr'>Sancti-Saturnini,</span> <span class='ocrx_word' id='word_1_19' title='bbox 1601 1365 1644 1415; x_wconf 80' lang='lat' dir='ltr'>ex</span> <span class='ocrx_word' id='word_1_20' title='bbox 1655 1331 1760 1443; x_wconf 78' lang='lat' dir='ltr'>part&#39;e</span> <span class='ocrx_word' id='word_1_21' title='bbox 1773 1364 1865 1425; x_wconf 94' lang='lat' dir='ltr'>una,</span> <span class='ocrx_word' id='word_1_22' title='bbox 1880 1353 1919 1415; x_wconf 90' lang='lat' dir='ltr'>et</span> <span class='ocrx_word' id='word_1_23' title='bbox 1931 1354 2097 1417; x_wconf 87' lang='lat' dir='ltr'>rectores</span> <span class='ocrx_word' id='word_1_24' title='bbox 2109 1341 2233 1447; x_wconf 88' lang='lat' dir='ltr'>operis</span> <span class='ocrx_word' id='word_1_25' title='bbox 2243 1345 2369 1450; x_wconf 90' lang='lat' dir='ltr'>pontis</span> 
     </span>
     <span class='ocr_line' id='line_1_4' title="bbox 951 1466 2372 1583; baseline 0.003 -33"><span class='ocrx_word' id='word_1_26' title='bbox 951 1489 990 1550; x_wconf 87' lang='lat' dir='ltr'>et</span> <span class='ocrx_word' id='word_1_27' title='bbox 1012 1470 1165 1551; x_wconf 86' lang='lat' dir='ltr'>oratorii</span> <span class='ocrx_word' id='word_1_28' title='bbox 1189 1468 1495 1576; x_wconf 86' lang='lat' dir='ltr'>Sancti-Spiritus</span> <span class='ocrx_word' id='word_1_29' title='bbox 1513 1486 1552 1545; x_wconf 88' lang='lat' dir='ltr'>et</span> <span class='ocrx_word' id='word_1_30' title='bbox 1571 1467 1778 1573; x_wconf 72' lang='lat' dir='ltr'>burgenses</span> <span class='ocrx_word' id='word_1_31' title='bbox 1797 1467 1895 1545; x_wconf 91' lang='lat' dir='ltr'>dicte</span> <span class='ocrx_word' id='word_1_32' title='bbox 1916 1466 2020 1557; x_wconf 93' lang='lat' dir='ltr'>ville,</span> <span class='ocrx_word' id='word_1_33' title='bbox 2038 1496 2084 1547; x_wconf 83' lang='lat' dir='ltr'>ex</span> <span class='ocrx_word' id='word_1_34' title='bbox 2102 1469 2237 1564; x_wconf 90' lang='lat' dir='ltr'>altera,</span> <span class='ocrx_word' id='word_1_35' title='bbox 2258 1502 2372 1583; x_wconf 89' lang='lat' dir='ltr'>super</span> 
     </span>
     <span class='ocr_line' id='line_1_5' title="bbox 950 1591 2372 1708; baseline 0.001 -27"><span class='ocrx_word' id='word_1_36' title='bbox 950 1601 1165 1681; x_wconf 91' lang='lat' dir='ltr'>elemosinis</span> <span class='ocrx_word' id='word_1_37' title='bbox 1188 1617 1226 1677; x_wconf 83' lang='lat' dir='ltr'>et</span> <span class='ocrx_word' id='word_1_38' title='bbox 1248 1598 1545 1678; x_wconf 89' lang='lat' dir='ltr'>obvencionibus</span> <span class='ocrx_word' id='word_1_39' title='bbox 1561 1591 1866 1705; x_wconf 77' lang='lat' dir='ltr'>quibuscumque</span> <span class='ocrx_word' id='word_1_40' title='bbox 1883 1626 1925 1675; x_wconf 91' lang='lat' dir='ltr'>ac</span> <span class='ocrx_word' id='word_1_41' title='bbox 1939 1597 2078 1697; x_wconf 82' lang='lat' dir='ltr'>fabrica</span> <span class='ocrx_word' id='word_1_42' title='bbox 2091 1604 2219 1708; x_wconf 89' lang='lat' dir='ltr'>pontis</span> <span class='ocrx_word' id='word_1_43' title='bbox 2234 1621 2272 1682; x_wconf 90' lang='lat' dir='ltr'>et</span> <span class='ocrx_word' id='word_1_44' title='bbox 2289 1634 2372 1683; x_wconf 89' lang='lat' dir='ltr'>ora·</span> 
     </span>
     <span class='ocr_line' id='line_1_6' title="bbox 948 1727 2371 1844; baseline 0.003 -33"><span class='ocrx_word' id='word_1_45' title='bbox 948 1734 1035 1814; x_wconf 91' lang='lat' dir='ltr'>torii</span> <span class='ocrx_word' id='word_1_46' title='bbox 1053 1732 1324 1841; x_wconf 89' lang='lat' dir='ltr'>predictorum,</span> <span class='ocrx_word' id='word_1_47' title='bbox 1337 1729 1598 1835; x_wconf 87' lang='lat' dir='ltr'>destinatoque</span> <span class='ocrx_word' id='word_1_48' title='bbox 1611 1727 1829 1835; x_wconf 76' lang='lat' dir='ltr'>specialiter,</span> <span class='ocrx_word' id='word_1_49' title='bbox 1843 1755 1887 1805; x_wconf 84' lang='lat' dir='ltr'>ex</span> <span class='ocrx_word' id='word_1_50' title='bbox 1900 1746 2005 1836; x_wconf 90' lang='lat' dir='ltr'>parte</span> <span class='ocrx_word' id='word_1_51' title='bbox 2023 1730 2167 1808; x_wconf 90' lang='lat' dir='ltr'>domini</span> <span class='ocrx_word' id='word_1_52' title='bbox 2184 1735 2310 1844; x_wconf 86' lang='lat' dir='ltr'>Regis,</span> <span class='ocrx_word' id='word_1_53' title='bbox 2323 1739 2371 1815; x_wconf 92' lang='lat' dir='ltr'>ad</span> 
     </span>
     <span class='ocr_line' id='line_1_7' title="bbox 950 1855 2368 1967; baseline 0.003 -25"><span class='ocrx_word' id='word_1_54' title='bbox 950 1865 1092 1942; x_wconf 86' lang='lat' dir='ltr'>dictum</span> <span class='ocrx_word' id='word_1_55' title='bbox 1106 1862 1244 1951; x_wconf 92' lang='lat' dir='ltr'>locum,</span> <span class='ocrx_word' id='word_1_56' title='bbox 1257 1888 1326 1967; x_wconf 92' lang='lat' dir='ltr'>pro</span> <span class='ocrx_word' id='word_1_57' title='bbox 1341 1858 1534 1965; x_wconf 81' lang='lat' dir='ltr'>predictis,</span> <span class='ocrx_word' id='word_1_58' title='bbox 1552 1855 1747 1935; x_wconf 76' lang='lat' dir='ltr'>dilecto&#39;et</span> <span class='ocrx_word' id='word_1_59' title='bbox 1765 1855 1869 1935; x_wconf 84' lang='lat' dir='ltr'>fideli</span> <span class='ocrx_word' id='word_1_60' title='bbox 1884 1857 2092 1939; x_wconf 91' lang='lat' dir='ltr'>Guillelmo</span> <span class='ocrx_word' id='word_1_61' title='bbox 2108 1861 2156 1938; x_wconf 90' lang='lat' dir='ltr'>de</span> <span class='ocrx_word' id='word_1_62' title='bbox 2173 1863 2368 1959; x_wconf 91' lang='lat' dir='ltr'>Plaisiano,</span> 
     </span>
     <span class='ocr_line' id='line_1_8' title="bbox 949 1988 2369 2104; baseline 0.002 -32"><span class='ocrx_word' id='word_1_63' title='bbox 949 1994 1068 2072; x_wconf 87' lang='lat' dir='ltr'>milite</span> <span class='ocrx_word' id='word_1_64' title='bbox 1081 2010 1226 2085; x_wconf 87' lang='lat' dir='ltr'>nostro,</span> <span class='ocrx_word' id='word_1_65' title='bbox 1245 1990 1408 2097; x_wconf 90' lang='lat' dir='ltr'>datoque</span> <span class='ocrx_word' id='word_1_66' title='bbox 1425 1990 1497 2069; x_wconf 90' lang='lat' dir='ltr'>sibi</span> <span class='ocrx_word' id='word_1_67' title='bbox 1510 1988 1550 2066; x_wconf 92' lang='lat' dir='ltr'>in</span> <span class='ocrx_word' id='word_1_68' title='bbox 1566 1988 1767 2078; x_wconf 90' lang='lat' dir='ltr'>mandatis,</span> <span class='ocrx_word' id='word_1_69' title='bbox 1784 2017 1853 2096; x_wconf 91' lang='lat' dir='ltr'>per</span> <span class='ocrx_word' id='word_1_70' title='bbox 1865 1989 2064 2069; x_wconf 91' lang='lat' dir='ltr'>dominum</span> <span class='ocrx_word' id='word_1_71' title='bbox 2077 1995 2234 2100; x_wconf 84' lang='lat' dir='ltr'>Regem,</span> <span class='ocrx_word' id='word_1_72' title='bbox 2249 1998 2369 2104; x_wconf 89' lang='lat' dir='ltr'>quod,</span> 
     </span>
     <span class='ocr_line' id='line_1_9' title="bbox 950 2118 2368 2232; baseline 0.002 -29"><span class='ocrx_word' id='word_1_73' title='bbox 950 2124 981 2204; x_wconf 89' lang='lat' dir='ltr'>si</span> <span class='ocrx_word' id='word_1_74' title='bbox 996 2139 1135 2232; x_wconf 87' lang='lat' dir='ltr'>posset,</span> <span class='ocrx_word' id='word_1_75' title='bbox 1150 2122 1264 2199; x_wconf 89' lang='lat' dir='ltr'>dictas</span> <span class='ocrx_word' id='word_1_76' title='bbox 1274 2136 1397 2228; x_wconf 87' lang='lat' dir='ltr'>partes</span> <span class='ocrx_word' id='word_1_77' title='bbox 1409 2119 1458 2197; x_wconf 91' lang='lat' dir='ltr'>ad</span> <span class='ocrx_word' id='word_1_78' title='bbox 1472 2118 1711 2197; x_wconf 88' lang='lat' dir='ltr'>concordiam</span> <span class='ocrx_word' id='word_1_79' title='bbox 1721 2118 1930 2209; x_wconf 75' lang='lat' dir='ltr'>reduceret,</span> <span class='ocrx_word' id='word_1_80' title='bbox 1944 2138 1991 2211; x_wconf 89' lang='lat' dir='ltr'>et,</span> <span class='ocrx_word' id='word_1_81' title='bbox 2010 2121 2040 2199; x_wconf 91' lang='lat' dir='ltr'>si</span> <span class='ocrx_word' id='word_1_82' title='bbox 2054 2124 2158 2229; x_wconf 92' lang='lat' dir='ltr'>quod</span> <span class='ocrx_word' id='word_1_83' title='bbox 2167 2126 2368 2205; x_wconf 90' lang='lat' dir='ltr'>obscurum</span> 
     </span>
     <span class='ocr_line' id='line_1_10' title="bbox 950 2249 2368 2362; baseline 0.001 -29"><span class='ocrx_word' id='word_1_84' title='bbox 950 2254 1147 2362; x_wconf 89' lang='lat' dir='ltr'>superbiis</span> <span class='ocrx_word' id='word_1_85' title='bbox 1161 2252 1361 2343; x_wconf 88' lang='lat' dir='ltr'>inveniret,</span> <span class='ocrx_word' id='word_1_86' title='bbox 1374 2249 1472 2329; x_wconf 92' lang='lat' dir='ltr'>illud</span> <span class='ocrx_word' id='word_1_87' title='bbox 1487 2250 1590 2335; x_wconf 85' lang='lat' dir='ltr'>curie</span> <span class='ocrx_word' id='word_1_88' title='bbox 1606 2267 1733 2327; x_wconf 85' lang='lat' dir='ltr'>nostre</span> <span class='ocrx_word' id='word_1_89' title='bbox 1746 2251 1956 2329; x_wconf 89' lang='lat' dir='ltr'>remitteret</span> <span class='ocrx_word' id='word_1_90' title='bbox 1964 2253 2259 2345; x_wconf 84' lang='lat' dir='ltr'>terminandum,</span> <span class='ocrx_word' id='word_1_91' title='bbox 2272 2256 2368 2335; x_wconf 83' lang='lat' dir='ltr'>faeta</span> 
     </span>
     <span class='ocr_line' id='line_1_11' title="bbox 950 2380 2369 2491; baseline 0.003 -28"><span class='ocrx_word' id='word_1_92' title='bbox 950 2386 1118 2475; x_wconf 90' lang='lat' dir='ltr'>tandem,</span> <span class='ocrx_word' id='word_1_93' title='bbox 1136 2412 1204 2491; x_wconf 90' lang='lat' dir='ltr'>per</span> <span class='ocrx_word' id='word_1_94' title='bbox 1218 2384 1341 2490; x_wconf 92' lang='lat' dir='ltr'>ipsum</span> <span class='ocrx_word' id='word_1_95' title='bbox 1354 2380 1621 2472; x_wconf 90' lang='lat' dir='ltr'>Guillelmum,</span> <span class='ocrx_word' id='word_1_96' title='bbox 1636 2410 1750 2488; x_wconf 91' lang='lat' dir='ltr'>super</span> <span class='ocrx_word' id='word_1_97' title='bbox 1762 2382 1940 2489; x_wconf 84' lang='lat' dir='ltr'>predictis</span> <span class='ocrx_word' id='word_1_98' title='bbox 1953 2384 2112 2490; x_wconf 82' lang='lat' dir='ltr'>quadmn</span> <span class='ocrx_word' id='word_1_99' title='bbox 2126 2385 2369 2468; x_wconf 81' lang='lat' dir='ltr'>ordinacione</span> 
     </span>
     <span class='ocr_line' id='line_1_12' title="bbox 952 2510 2369 2622; baseline 0.001 -29"><span class='ocrx_word' id='word_1_100' title='bbox 952 2517 1050 2595; x_wconf 88' lang='lat' dir='ltr'>inter</span> <span class='ocrx_word' id='word_1_101' title='bbox 1068 2516 1183 2593; x_wconf 87' lang='lat' dir='ltr'>dictas</span> <span class='ocrx_word' id='word_1_102' title='bbox 1202 2528 1341 2622; x_wconf 80' lang='lat' dir='ltr'>partes,</span> <span class='ocrx_word' id='word_1_103' title='bbox 1367 2512 1511 2589; x_wconf 90' lang='lat' dir='ltr'>eisdem</span> <span class='ocrx_word' id='word_1_104' title='bbox 1529 2510 1700 2619; x_wconf 90' lang='lat' dir='ltr'>partibus</span> <span class='ocrx_word' id='word_1_105' title='bbox 1719 2529 1757 2590; x_wconf 89' lang='lat' dir='ltr'>et</span> <span class='ocrx_word' id='word_1_106' title='bbox 1773 2530 2014 2619; x_wconf 84' lang='lat' dir='ltr'>procuratore</span> <span class='ocrx_word' id='word_1_107' title='bbox 2034 2532 2158 2595; x_wconf 88' lang='lat' dir='ltr'>nostro</span> <span class='ocrx_word' id='word_1_108' title='bbox 2176 2519 2369 2597; x_wconf 85' lang='lat' dir='ltr'>senescalli</span> 
     </span>
     <span class='ocr_line' id='line_1_13' title="bbox 951 2643 2371 2756; baseline 0.001 -30"><span class='ocrx_word' id='word_1_109' title='bbox 951 2644 1172 2726; x_wconf 80' lang='lat' dir='ltr'>Belli-Codri</span> <span class='ocrx_word' id='word_1_110' title='bbox 1185 2644 1422 2752; x_wconf 84' lang='lat' dir='ltr'>presentibus</span> <span class='ocrx_word' id='word_1_111' title='bbox 1434 2672 1477 2721; x_wconf 91' lang='lat' dir='ltr'>ac</span> <span class='ocrx_word' id='word_1_112' title='bbox 1489 2645 1529 2720; x_wconf 92' lang='lat' dir='ltr'>in</span> <span class='ocrx_word' id='word_1_113' title='bbox 1544 2672 1587 2723; x_wconf 91' lang='lat' dir='ltr'>ea</span> <span class='ocrx_word' id='word_1_114' title='bbox 1599 2643 1939 2735; x_wconf 90' lang='lat' dir='ltr'>consencientibus,</span> <span class='ocrx_word' id='word_1_115' title='bbox 1954 2674 2105 2726; x_wconf 87' lang='lat' dir='ltr'>necnon</span> <span class='ocrx_word' id='word_1_116' title='bbox 2116 2675 2184 2755; x_wconf 89' lang='lat' dir='ltr'>per</span> <span class='ocrx_word' id='word_1_117' title='bbox 2194 2676 2262 2726; x_wconf 92' lang='lat' dir='ltr'>nos</span> <span class='ocrx_word' id='word_1_118' title='bbox 2273 2661 2371 2756; x_wconf 86' lang='lat' dir='ltr'>post·</span> 
     </span>
     <span class='ocr_line' id='line_1_14' title="bbox 952 2774 2375 2887; baseline 0.003 -32"><span class='ocrx_word' id='word_1_119' title='bbox 952 2777 1110 2855; x_wconf 88' lang='lat' dir='ltr'>moduni</span> <span class='ocrx_word' id='word_1_120' title='bbox 1123 2774 1355 2865; x_wconf 85' lang='lat' dir='ltr'>confirmata,</span> <span class='ocrx_word' id='word_1_121' title='bbox 1371 2790 1455 2883; x_wconf 88' lang='lat' dir='ltr'>post</span> <span class='ocrx_word' id='word_1_122' title='bbox 1467 2775 1542 2852; x_wconf 93' lang='lat' dir='ltr'>hoc</span> <span class='ocrx_word' id='word_1_123' title='bbox 1553 2790 1631 2851; x_wconf 85' lang='lat' dir='ltr'>tam</span> <span class='ocrx_word' id='word_1_124' title='bbox 1643 2802 1757 2881; x_wconf 90' lang='lat' dir='ltr'>super</span> <span class='ocrx_word' id='word_1_125' title='bbox 1769 2774 1867 2852; x_wconf 84' lang='lat' dir='ltr'>dicta</span> <span class='ocrx_word' id='word_1_126' title='bbox 1880 2775 2122 2856; x_wconf 85' lang='lat' dir='ltr'>ordinacione</span> <span class='ocrx_word' id='word_1_127' title='bbox 2135 2806 2251 2885; x_wconf 89' lang='lat' dir='ltr'>quam</span> <span class='ocrx_word' id='word_1_128' title='bbox 2263 2808 2375 2887; x_wconf 89' lang='lat' dir='ltr'>super</span> 
     </span>
     <span class='ocr_line' id='line_1_15' title="bbox 954 2903 2373 2997; baseline 0.001 -11"><span class='ocrx_word' id='word_1_129' title='bbox 954 2908 1063 2987; x_wconf 91' lang='lat' dir='ltr'>dictis</span> <span class='ocrx_word' id='word_1_130' title='bbox 1083 2907 1318 2997; x_wconf 89' lang='lat' dir='ltr'>elemosinis,</span> <span class='ocrx_word' id='word_1_131' title='bbox 1333 2904 1628 2985; x_wconf 88' lang='lat' dir='ltr'>obvencionibus</span> <span class='ocrx_word' id='word_1_132' title='bbox 1644 2921 1682 2982; x_wconf 90' lang='lat' dir='ltr'>et</span> <span class='ocrx_word' id='word_1_133' title='bbox 1695 2903 1849 2995; x_wconf 87' lang='lat' dir='ltr'>fabrica,</span> <span class='ocrx_word' id='word_1_134' title='bbox 1872 2906 1969 2985; x_wconf 87' lang='lat' dir='ltr'>dicta</span> <span class='ocrx_word' id='word_1_135' title='bbox 1984 2911 2237 2988; x_wconf 88' lang='lat' dir='ltr'>controversia</span> <span class='ocrx_word' id='word_1_136' title='bbox 2250 2938 2373 2990; x_wconf 89' lang='lat' dir='ltr'>coram</span> 
     </span>
     <span class='ocr_line' id='line_1_16' title="bbox 953 3035 2371 3146; baseline 0.004 -31"><span class='ocrx_word' id='word_1_137' title='bbox 953 3039 1062 3146; x_wconf 90' lang='lat' dir='ltr'>nobis</span> <span class='ocrx_word' id='word_1_138' title='bbox 1078 3054 1252 3116; x_wconf 87' lang='lat' dir='ltr'>renovata</span> <span class='ocrx_word' id='word_1_139' title='bbox 1271 3037 1370 3113; x_wconf 87' lang='lat' dir='ltr'>inter</span> <span class='ocrx_word' id='word_1_140' title='bbox 1385 3036 1503 3113; x_wconf 89' lang='lat' dir='ltr'>dictas</span> <span class='ocrx_word' id='word_1_141' title='bbox 1516 3051 1656 3145; x_wconf 86' lang='lat' dir='ltr'>partes,</span> <span class='ocrx_word' id='word_1_142' title='bbox 1675 3035 1777 3113; x_wconf 90' lang='lat' dir='ltr'>dicto</span> <span class='ocrx_word' id='word_1_143' title='bbox 1792 3035 1936 3141; x_wconf 89' lang='lat' dir='ltr'>priore,</span> <span class='ocrx_word' id='word_1_144' title='bbox 1952 3036 2127 3145; x_wconf 90' lang='lat' dir='ltr'>pluribus</span> <span class='ocrx_word' id='word_1_145' title='bbox 2145 3039 2371 3129; x_wconf 81' lang='lat' dir='ltr'>nacionibus,</span> 
     </span>
     <span class='ocr_line' id='line_1_17' title="bbox 955 3156 2370 3274; baseline 0.001 -28"><span class='ocrx_word' id='word_1_146' title='bbox 955 3169 1102 3250; x_wconf 85' lang='lat' dir='ltr'>dicente</span> <span class='ocrx_word' id='word_1_147' title='bbox 1127 3168 1266 3246; x_wconf 85' lang='lat' dir='ltr'>dictam</span> <span class='ocrx_word' id='word_1_148' title='bbox 1291 3166 1591 3256; x_wconf 85' lang='lat' dir='ltr'>ordinacionem,</span> <span class='ocrx_word' id='word_1_149' title='bbox 1614 3164 1708 3243; x_wconf 88' lang='lat' dir='ltr'>licet</span> <span class='ocrx_word' id='word_1_150' title='bbox 1729 3165 1770 3242; x_wconf 91' lang='lat' dir='ltr'>in</span> <span class='ocrx_word' id='word_1_151' title='bbox 1796 3164 1986 3274; x_wconf 81' lang='lat' dir='ltr'>aliquibus</span> <span class='ocrx_word' id='word_1_152' title='bbox 2009 3185 2137 3247; x_wconf 86' lang='lat' dir='ltr'>contm</span> <span class='ocrx_word' id='word_1_153' title='bbox 2161 3156 2201 3247; x_wconf 84' lang='lat' dir='ltr'>se</span> <span class='ocrx_word' id='word_1_154' title='bbox 2221 3169 2370 3261; x_wconf 84' lang='lat' dir='ltr'>factam,</span> 
     </span>
     <span class='ocr_line' id='line_1_18' title="bbox 955 3295 2372 3401; baseline 0.002 -26"><span class='ocrx_word' id='word_1_155' title='bbox 955 3298 1093 3377; x_wconf 91' lang='lat' dir='ltr'>debere</span> <span class='ocrx_word' id='word_1_156' title='bbox 1108 3297 1258 3385; x_wconf 90' lang='lat' dir='ltr'>servari,</span> <span class='ocrx_word' id='word_1_157' title='bbox 1274 3295 1455 3375; x_wconf 83' lang='lat' dir='ltr'>offerente</span> <span class='ocrx_word' id='word_1_158' title='bbox 1469 3295 1586 3373; x_wconf 91' lang='lat' dir='ltr'>eciam</span> <span class='ocrx_word' id='word_1_159' title='bbox 1598 3311 1818 3401; x_wconf 90' lang='lat' dir='ltr'>separatum</span> <span class='ocrx_word' id='word_1_160' title='bbox 1830 3297 1955 3374; x_wconf 90' lang='lat' dir='ltr'>omnia</span> <span class='ocrx_word' id='word_1_161' title='bbox 1969 3295 2008 3374; x_wconf 92' lang='lat' dir='ltr'>in</span> <span class='ocrx_word' id='word_1_162' title='bbox 2023 3297 2120 3375; x_wconf 88' lang='lat' dir='ltr'>dicta</span> <span class='ocrx_word' id='word_1_163' title='bbox 2132 3297 2372 3378; x_wconf 86' lang='lat' dir='ltr'>ordinacione</span> 
     </span>
     <span class='ocr_line' id='line_1_19' title="bbox 954 3422 2371 3537; baseline 0.004 -34"><span class='ocrx_word' id='word_1_164' title='bbox 954 3422 1128 3505; x_wconf 85' lang='lat' dir='ltr'>contenta</span> <span class='ocrx_word' id='word_1_165' title='bbox 1142 3425 1213 3503; x_wconf 88' lang='lat' dir='ltr'>sibi</span> <span class='ocrx_word' id='word_1_166' title='bbox 1228 3424 1501 3514; x_wconf 89' lang='lat' dir='ltr'>incumbencia,</span> <span class='ocrx_word' id='word_1_167' title='bbox 1517 3451 1593 3533; x_wconf 91' lang='lat' dir='ltr'>que</span> <span class='ocrx_word' id='word_1_168' title='bbox 1607 3424 1792 3532; x_wconf 87' lang='lat' dir='ltr'>completa</span> <span class='ocrx_word' id='word_1_169' title='bbox 1807 3436 1885 3537; x_wconf 87' lang='lat' dir='ltr'>no&#39;n</span> <span class='ocrx_word' id='word_1_170' title='bbox 1899 3443 1996 3513; x_wconf 90' lang='lat' dir='ltr'>sunt,</span> <span class='ocrx_word' id='word_1_171' title='bbox 2003 3454 2091 3505; x_wconf 92' lang='lat' dir='ltr'>cum</span> <span class='ocrx_word' id='word_1_172' title='bbox 2104 3455 2173 3535; x_wconf 89' lang='lat' dir='ltr'>per</span> <span class='ocrx_word' id='word_1_173' title='bbox 2187 3456 2277 3508; x_wconf 90' lang='lat' dir='ltr'>eum</span> <span class='ocrx_word' id='word_1_174' title='bbox 2290 3456 2371 3508; x_wconf 90' lang='lat' dir='ltr'>non</span> 
     </span>
     <span class='ocr_line' id='line_1_20' title="bbox 954 3554 2370 3667; baseline 0 -29"><span class='ocrx_word' id='word_1_175' title='bbox 954 3575 1028 3638; x_wconf 84' lang='lat' dir='ltr'>stet</span> <span class='ocrx_word' id='word_1_176' title='bbox 1039 3557 1132 3665; x_wconf 90' lang='lat' dir='ltr'>quin</span> <span class='ocrx_word' id='word_1_177' title='bbox 1144 3555 1329 3667; x_wconf 84' lang='lat' dir='ltr'>completa</span> <span class='ocrx_word' id='word_1_178' title='bbox 1342 3555 1433 3645; x_wconf 85' lang='lat' dir='ltr'>sint,</span> <span class='ocrx_word' id='word_1_179' title='bbox 1451 3572 1497 3633; x_wconf 88' lang='lat' dir='ltr'>ut</span> <span class='ocrx_word' id='word_1_180' title='bbox 1506 3554 1613 3645; x_wconf 90' lang='lat' dir='ltr'>dicit,</span> <span class='ocrx_word' id='word_1_181' title='bbox 1625 3556 1850 3664; x_wconf 76' lang='lat' dir='ltr'>adimplere3</span> <span class='ocrx_word' id='word_1_182' title='bbox 1864 3575 1964 3665; x_wconf 88' lang='lat' dir='ltr'>parte</span> <span class='ocrx_word' id='word_1_183' title='bbox 1979 3558 2166 3637; x_wconf 89' lang='lat' dir='ltr'>dictorum</span> <span class='ocrx_word' id='word_1_184' title='bbox 2179 3578 2370 3639; x_wconf 89' lang='lat' dir='ltr'>rectorum</span> 
     </span>
     <span class='ocr_line' id='line_1_21' title="bbox 955 3685 2373 3796; baseline 0 -27"><span class='ocrx_word' id='word_1_185' title='bbox 955 3706 993 3770; x_wconf 88' lang='lat' dir='ltr'>ct</span> <span class='ocrx_word' id='word_1_186' title='bbox 1006 3688 1252 3796; x_wconf 83' lang='lat' dir='ltr'>burgensium</span> <span class='ocrx_word' id='word_1_187' title='bbox 1272 3686 1312 3763; x_wconf 92' lang='lat' dir='ltr'>in</span> <span class='ocrx_word' id='word_1_188' title='bbox 1327 3685 1555 3765; x_wconf 90' lang='lat' dir='ltr'>contrarium</span> <span class='ocrx_word' id='word_1_189' title='bbox 1575 3686 1703 3794; x_wconf 90' lang='lat' dir='ltr'>plures</span> <span class='ocrx_word' id='word_1_190' title='bbox 1721 3688 1887 3766; x_wconf 88' lang='lat' dir='ltr'>raciones</span> <span class='ocrx_word' id='word_1_191' title='bbox 1905 3705 2154 3796; x_wconf 85' lang='lat' dir='ltr'>proponente,</span> <span class='ocrx_word' id='word_1_192' title='bbox 2170 3705 2208 3767; x_wconf 87' lang='lat' dir='ltr'>ct</span> <span class='ocrx_word' id='word_1_193' title='bbox 2224 3688 2373 3769; x_wconf 88' lang='lat' dir='ltr'>dicente</span> 
     </span>
     <span class='ocr_line' id='line_1_22' title="bbox 954 3818 2377 3929; baseline 0.001 -32"><span class='ocrx_word' id='word_1_194' title='bbox 954 3818 1090 3898; x_wconf 85' lang='lat' dir='ltr'>dictam</span> <span class='ocrx_word' id='word_1_195' title='bbox 1111 3818 1392 3913; x_wconf 86' lang='lat' dir='ltr'>ordinacionem</span> <span class='ocrx_word' id='word_1_196' title='bbox 1414 3844 1492 3895; x_wconf 97' lang='lat' dir='ltr'>non</span> <span class='ocrx_word' id='word_1_197' title='bbox 1512 3843 1591 3895; x_wconf 92' lang='lat' dir='ltr'>esse</span> <span class='ocrx_word' id='word_1_198' title='bbox 1616 3819 1835 3897; x_wconf 90' lang='lat' dir='ltr'>servandam</span> <span class='ocrx_word' id='word_1_199' title='bbox 1853 3835 2047 3927; x_wconf 82' lang='lat' dir='ltr'>tamquam</span> <span class='ocrx_word' id='word_1_200' title='bbox 2067 3818 2201 3897; x_wconf 84' lang='lat' dir='ltr'>factam</span> <span class='ocrx_word' id='word_1_201' title='bbox 2219 3820 2259 3896; x_wconf 95' lang='lat' dir='ltr'>in</span> <span class='ocrx_word' id='word_1_202' title='bbox 2277 3821 2377 3929; x_wconf 86' lang='lat' dir='ltr'>juris</span> 
     </span>
     <span class='ocr_line' id='line_1_23' title="bbox 954 3933 2378 4059; baseline -0.001 -29"><span class='ocrx_word' id='word_1_203' title='bbox 954 3952 1100 4032; x_wconf 91' lang='lat' dir='ltr'>domini</span> <span class='ocrx_word' id='word_1_204' title='bbox 1117 3950 1245 4057; x_wconf 84' lang='lat' dir='ltr'>Regis,</span> <span class='ocrx_word' id='word_1_205' title='bbox 1267 3949 1322 4027; x_wconf 89' lang='lat' dir='ltr'>rei</span> <span class='ocrx_word' id='word_1_206' title='bbox 1342 3947 1495 4056; x_wconf 89' lang='lat' dir='ltr'>publice</span> <span class='ocrx_word' id='word_1_207' title='bbox 1515 3966 1553 4027; x_wconf 90' lang='lat' dir='ltr'>et</span> <span class='ocrx_word' id='word_1_208' title='bbox 1567 3948 1757 4028; x_wconf 88' lang='lat' dir='ltr'>dictorum</span> <span class='ocrx_word' id='word_1_209' title='bbox 1769 3933 1958 4041; x_wconf 80' lang='lat' dir='ltr'>rectorum</span> <span class='ocrx_word' id='word_1_210' title='bbox 1974 3967 2012 4030; x_wconf 92' lang='lat' dir='ltr'>et</span> <span class='ocrx_word' id='word_1_211' title='bbox 2028 3951 2274 4059; x_wconf 82' lang='lat' dir='ltr'>burgensium</span> <span class='ocrx_word' id='word_1_212' title='bbox 2292 3980 2378 4058; x_wconf 90' lang='lat' dir='ltr'>pre-</span> 
     </span>
     <span class='ocr_line' id='line_1_24' title="bbox 949 4080 2378 4191; baseline 0.001 -30"><span class='ocrx_word' id='word_1_213' title='bbox 949 4081 1138 4191; x_wconf 91' lang='lat' dir='ltr'>judicium</span> <span class='ocrx_word' id='word_1_214' title='bbox 1159 4097 1197 4158; x_wconf 90' lang='lat' dir='ltr'>et</span> <span class='ocrx_word' id='word_1_215' title='bbox 1214 4108 1425 4190; x_wconf 77' lang='lat' dir='ltr'>gravamem</span> <span class='ocrx_word' id='word_1_216' title='bbox 1439 4080 1612 4171; x_wconf 91' lang='lat' dir='ltr'>tandem,</span> <span class='ocrx_word' id='word_1_217' title='bbox 1627 4110 1742 4188; x_wconf 91' lang='lat' dir='ltr'>super</span> <span class='ocrx_word' id='word_1_218' title='bbox 1759 4082 1864 4160; x_wconf 89' lang='lat' dir='ltr'>totali</span> <span class='ocrx_word' id='word_1_219' title='bbox 1878 4082 2035 4190; x_wconf 87' lang='lat' dir='ltr'>negocio</span> <span class='ocrx_word' id='word_1_220' title='bbox 2054 4083 2225 4189; x_wconf 89' lang='lat' dir='ltr'>predicto</span> <span class='ocrx_word' id='word_1_221' title='bbox 2240 4082 2378 4162; x_wconf 90' lang='lat' dir='ltr'>auditis</span> 
     </span>
     <span class='ocr_line' id='line_1_25' title="bbox 954 4210 2379 4325; baseline 0.001 -35"><span class='ocrx_word' id='word_1_222' title='bbox 954 4213 1138 4320; x_wconf 84' lang='lat' dir='ltr'>partibus,</span> <span class='ocrx_word' id='word_1_223' title='bbox 1149 4240 1262 4319; x_wconf 88' lang='lat' dir='ltr'>super</span> <span class='ocrx_word' id='word_1_224' title='bbox 1274 4212 1477 4321; x_wconf 90' lang='lat' dir='ltr'>propositis</span> <span class='ocrx_word' id='word_1_225' title='bbox 1488 4212 1535 4292; x_wconf 89' lang='lat' dir='ltr'>ab</span> <span class='ocrx_word' id='word_1_226' title='bbox 1547 4210 1707 4303; x_wconf 88' lang='lat' dir='ltr'>eisdem,</span> <span class='ocrx_word' id='word_1_227' title='bbox 1722 4210 1879 4292; x_wconf 86' lang='lat' dir='ltr'>fecimus</span> <span class='ocrx_word' id='word_1_228' title='bbox 1889 4240 1960 4325; x_wconf 88' lang='lat' dir='ltr'>per</span> <span class='ocrx_word' id='word_1_229' title='bbox 1969 4228 2093 4292; x_wconf 82' lang='lat' dir='ltr'>certos</span> <span class='ocrx_word' id='word_1_230' title='bbox 2103 4213 2379 4292; x_wconf 86' lang='lat' dir='ltr'>commissarios</span> 
     </span>
     <span class='ocr_line' id='line_1_26' title="bbox 955 4342 2380 4454; baseline 0.001 -34"><span class='ocrx_word' id='word_1_231' title='bbox 955 4360 1101 4422; x_wconf 86' lang='lat' dir='ltr'>nostros</span> <span class='ocrx_word' id='word_1_232' title='bbox 1120 4342 1276 4453; x_wconf 91' lang='lat' dir='ltr'>inquiri,</span> <span class='ocrx_word' id='word_1_233' title='bbox 1292 4344 1430 4423; x_wconf 84' lang='lat' dir='ltr'>vocatis</span> <span class='ocrx_word' id='word_1_234' title='bbox 1444 4343 1630 4451; x_wconf 88' lang='lat' dir='ltr'>partibus,</span> <span class='ocrx_word' id='word_1_235' title='bbox 1646 4343 1861 4421; x_wconf 84' lang='lat' dir='ltr'>veritatem:</span> <span class='ocrx_word' id='word_1_236' title='bbox 1877 4344 1963 4424; x_wconf 88' lang='lat' dir='ltr'>Visa</span> <span class='ocrx_word' id='word_1_237' title='bbox 1982 4344 2095 4454; x_wconf 87' lang='lat' dir='ltr'>igitur</span> <span class='ocrx_word' id='word_1_238' title='bbox 2110 4344 2282 4450; x_wconf 81' lang='lat' dir='ltr'>inquesta</span> <span class='ocrx_word' id='word_1_239' title='bbox 2296 4372 2380 4451; x_wconf 91' lang='lat' dir='ltr'>pre-</span> 
     </span>
     <span class='ocr_line' id='line_1_27' title="bbox 956 4472 2380 4583; baseline -0.001 -32"><span class='ocrx_word' id='word_1_240' title='bbox 956 4474 1052 4552; x_wconf 91' lang='lat' dir='ltr'>dicta</span> <span class='ocrx_word' id='word_1_241' title='bbox 1078 4502 1191 4583; x_wconf 90' lang='lat' dir='ltr'>super</span> <span class='ocrx_word' id='word_1_242' title='bbox 1219 4474 1397 4580; x_wconf 90' lang='lat' dir='ltr'>predictis</span> <span class='ocrx_word' id='word_1_243' title='bbox 1420 4473 1515 4553; x_wconf 86' lang='lat' dir='ltr'>facta</span> <span class='ocrx_word' id='word_1_244' title='bbox 1544 4492 1583 4553; x_wconf 90' lang='lat' dir='ltr'>et</span> <span class='ocrx_word' id='word_1_245' title='bbox 1609 4474 1810 4583; x_wconf 91' lang='lat' dir='ltr'>diligenter</span> <span class='ocrx_word' id='word_1_246' title='bbox 1834 4475 2055 4566; x_wconf 85' lang='lat' dir='ltr'>examinata,</span> <span class='ocrx_word' id='word_1_247' title='bbox 2083 4475 2246 4582; x_wconf 88' lang='lat' dir='ltr'>visisque</span> <span class='ocrx_word' id='word_1_248' title='bbox 2273 4472 2380 4553; x_wconf 89' lang='lat' dir='ltr'>ordi-</span> 
     </span>
     <span class='ocr_line' id='line_1_28' title="bbox 955 4603 2379 4713; baseline 0.001 -32"><span class='ocrx_word' id='word_1_249' title='bbox 955 4603 1112 4683; x_wconf 83' lang='lat' dir='ltr'>nacione</span> <span class='ocrx_word' id='word_1_250' title='bbox 1139 4605 1306 4712; x_wconf 85' lang='lat' dir='ltr'>predicta</span> <span class='ocrx_word' id='word_1_251' title='bbox 1333 4634 1376 4684; x_wconf 85' lang='lat' dir='ltr'>ac</span> <span class='ocrx_word' id='word_1_252' title='bbox 1399 4604 1658 4684; x_wconf 90' lang='lat' dir='ltr'>instrumentis</span> <span class='ocrx_word' id='word_1_253' title='bbox 1683 4624 1721 4683; x_wconf 91' lang='lat' dir='ltr'>et</span> <span class='ocrx_word' id='word_1_254' title='bbox 1745 4606 1880 4686; x_wconf 89' lang='lat' dir='ltr'>litteris</span> <span class='ocrx_word' id='word_1_255' title='bbox 1901 4606 2218 4686; x_wconf 90' lang='lat' dir='ltr'>testimonialibus</span> <span class='ocrx_word' id='word_1_256' title='bbox 2245 4603 2379 4713; x_wconf 90' lang='lat' dir='ltr'>sigillis</span> 
     </span>
     <span class='ocr_line' id='line_1_29' title="bbox 954 4731 2483 4847; baseline -0.001 -36"><span class='ocrx_word' id='word_1_257' title='bbox 954 4733 1135 4841; x_wconf 89' lang='lat' dir='ltr'>plurium,</span> <span class='ocrx_word' id='word_1_258' title='bbox 1162 4751 1239 4812; x_wconf 89' lang='lat' dir='ltr'>tam</span> <span class='ocrx_word' id='word_1_259' title='bbox 1263 4734 1494 4842; x_wconf 87' lang='lat' dir='ltr'>prelatorum</span> <span class='ocrx_word' id='word_1_260' title='bbox 1522 4763 1636 4843; x_wconf 88' lang='lat' dir='ltr'>quam</span> <span class='ocrx_word' id='word_1_261' title='bbox 1665 4736 1868 4827; x_wconf 89' lang='lat' dir='ltr'>nobilium,</span> <span class='ocrx_word' id='word_1_262' title='bbox 1897 4736 2082 4846; x_wconf 88' lang='lat' dir='ltr'>sigillatis,</span> <span class='ocrx_word' id='word_1_263' title='bbox 2109 4764 2224 4842; x_wconf 89' lang='lat' dir='ltr'>super</span> <span class='ocrx_word' id='word_1_264' title='bbox 2245 4731 2381 4839; x_wconf 89' lang='lat' dir='ltr'>hujus-</span> <span class='ocrx_word' id='word_1_265' title='bbox 2473 4826 2483 4847; x_wconf 88' lang='lat'><strong>.</strong></span> 
     </span>
     <span class='ocr_line' id='line_1_30' title="bbox 955 4862 2383 4976; baseline -0.001 -35"><span class='ocrx_word' id='word_1_266' title='bbox 955 4864 1059 4943; x_wconf 91' lang='lat' dir='ltr'>modi</span> <span class='ocrx_word' id='word_1_267' title='bbox 1079 4864 1236 4972; x_wconf 90' lang='lat' dir='ltr'>negocio</span> <span class='ocrx_word' id='word_1_268' title='bbox 1256 4865 1447 4958; x_wconf 87' lang='lat' dir='ltr'>confectis,</span> <span class='ocrx_word' id='word_1_269' title='bbox 1465 4895 1534 4975; x_wconf 89' lang='lat' dir='ltr'>per</span> <span class='ocrx_word' id='word_1_270' title='bbox 1550 4867 1648 4946; x_wconf 89' lang='lat' dir='ltr'>dicte</span> <span class='ocrx_word' id='word_1_271' title='bbox 1663 4868 1767 4947; x_wconf 87' lang='lat' dir='ltr'>curie</span> <span class='ocrx_word' id='word_1_272' title='bbox 1784 4886 1910 4947; x_wconf 88' lang='lat' dir='ltr'>nostre</span> <span class='ocrx_word' id='word_1_273' title='bbox 1919 4867 2126 4976; x_wconf 90' lang='lat' dir='ltr'>judicium,</span> <span class='ocrx_word' id='word_1_274' title='bbox 2147 4866 2288 4944; x_wconf 83' lang='lat' dir='ltr'>dictum</span> <span class='ocrx_word' id='word_1_275' title='bbox 2301 4862 2383 4941; x_wconf 83' lang='lat' dir='ltr'>fuit</span> 
     </span>
     <span class='ocr_line' id='line_1_31' title="bbox 957 4994 2386 5106; baseline 0.001 -35"><span class='ocrx_word' id='word_1_276' title='bbox 957 4994 1075 5073; x_wconf 87' lang='lat' dir='ltr'>dictos</span> <span class='ocrx_word' id='word_1_277' title='bbox 1091 5011 1257 5073; x_wconf 87' lang='lat' dir='ltr'>rectores</span> <span class='ocrx_word' id='word_1_278' title='bbox 1277 5012 1314 5073; x_wconf 93' lang='lat' dir='ltr'>et</span> <span class='ocrx_word' id='word_1_279' title='bbox 1334 4997 1541 5105; x_wconf 89' lang='lat' dir='ltr'>burgenses</span> <span class='ocrx_word' id='word_1_280' title='bbox 1560 4994 1705 5106; x_wconf 89' lang='lat' dir='ltr'>aliquid</span> <span class='ocrx_word' id='word_1_281' title='bbox 1722 4996 1950 5077; x_wconf 87' lang='lat' dir='ltr'>racionabile</span> <span class='ocrx_word' id='word_1_282' title='bbox 1969 5026 2047 5078; x_wconf 92' lang='lat' dir='ltr'>non</span> <span class='ocrx_word' id='word_1_283' title='bbox 2067 4998 2244 5105; x_wconf 89' lang='lat' dir='ltr'>probasse</span> <span class='ocrx_word' id='word_1_284' title='bbox 2265 5020 2386 5103; x_wconf 89' lang='lat' dir='ltr'>prop-</span> 
     </span>
     <span class='ocr_line' id='line_1_32' title="bbox 954 5123 2387 5237; baseline 0.001 -36"><span class='ocrx_word' id='word_1_285' title='bbox 954 5142 1012 5202; x_wconf 91' lang='lat' dir='ltr'>ter</span> <span class='ocrx_word' id='word_1_286' title='bbox 1030 5124 1134 5231; x_wconf 89' lang='lat' dir='ltr'>quod</span> <span class='ocrx_word' id='word_1_287' title='bbox 1152 5123 1250 5202; x_wconf 88' lang='lat' dir='ltr'>dicta</span> <span class='ocrx_word' id='word_1_288' title='bbox 1269 5126 1462 5205; x_wconf 86' lang='lat' dir='ltr'>ordinacio</span> <span class='ocrx_word' id='word_1_289' title='bbox 1480 5127 1617 5207; x_wconf 89' lang='lat' dir='ltr'>debeat</span> <span class='ocrx_word' id='word_1_290' title='bbox 1635 5128 1813 5219; x_wconf 88' lang='lat' dir='ltr'>anullari,</span> <span class='ocrx_word' id='word_1_291' title='bbox 1835 5157 1951 5237; x_wconf 90' lang='lat' dir='ltr'>quare</span> <span class='ocrx_word' id='word_1_292' title='bbox 1966 5128 2039 5207; x_wconf 83' lang='lat' dir='ltr'>fuit</span> <span class='ocrx_word' id='word_1_293' title='bbox 2058 5128 2201 5207; x_wconf 87' lang='lat' dir='ltr'>eisdem</span> <span class='ocrx_word' id='word_1_294' title='bbox 2221 5127 2387 5234; x_wconf 90' lang='lat' dir='ltr'>imposi-</span> 
     </span>
     <span class='ocr_line' id='line_1_33' title="bbox 954 5253 2387 5369; baseline 0.001 -37"><span class='ocrx_word' id='word_1_295' title='bbox 954 5271 1037 5333; x_wconf 85' lang='lat' dir='ltr'>tum</span> <span class='ocrx_word' id='word_1_296' title='bbox 1051 5253 1248 5334; x_wconf 88' lang='lat' dir='ltr'>silencium</span> <span class='ocrx_word' id='word_1_297' title='bbox 1259 5255 1299 5333; x_wconf 91' lang='lat' dir='ltr'>in</span> <span class='ocrx_word' id='word_1_298' title='bbox 1311 5256 1507 5363; x_wconf 89' lang='lat' dir='ltr'>predictis,</span> <span class='ocrx_word' id='word_1_299' title='bbox 1524 5287 1568 5337; x_wconf 91' lang='lat' dir='ltr'>ac</span> <span class='ocrx_word' id='word_1_300' title='bbox 1582 5259 1746 5347; x_wconf 89' lang='lat' dir='ltr'>dictum,</span> <span class='ocrx_word' id='word_1_301' title='bbox 1760 5288 1828 5369; x_wconf 88' lang='lat' dir='ltr'>per</span> <span class='ocrx_word' id='word_1_302' title='bbox 1839 5259 1943 5338; x_wconf 88' lang='lat' dir='ltr'>idern</span> <span class='ocrx_word' id='word_1_303' title='bbox 1948 5258 2149 5368; x_wconf 91' lang='lat' dir='ltr'>judicium,</span> <span class='ocrx_word' id='word_1_304' title='bbox 2162 5256 2265 5365; x_wconf 92' lang='lat' dir='ltr'>quod</span> <span class='ocrx_word' id='word_1_305' title='bbox 2276 5254 2387 5334; x_wconf 79' lang='lat' dir='ltr'>dicta</span> 
     </span>
     <span class='ocr_line' id='line_1_34' title="bbox 956 5382 2386 5497; baseline 0 -34"><span class='ocrx_word' id='word_1_306' title='bbox 956 5382 1159 5473; x_wconf 88' lang='lat' dir='ltr'>ordinacio,</span> <span class='ocrx_word' id='word_1_307' title='bbox 1179 5383 1218 5462; x_wconf 91' lang='lat' dir='ltr'>in</span> <span class='ocrx_word' id='word_1_308' title='bbox 1237 5400 1420 5492; x_wconf 89' lang='lat' dir='ltr'>quantum</span> <span class='ocrx_word' id='word_1_309' title='bbox 1441 5387 1560 5497; x_wconf 88' lang='lat' dir='ltr'>tangit</span> <span class='ocrx_word' id='word_1_310' title='bbox 1578 5404 1702 5495; x_wconf 81' lang='lat' dir='ltr'>partes</span> <span class='ocrx_word' id='word_1_311' title='bbox 1720 5388 1923 5495; x_wconf 87' lang='lat' dir='ltr'>predictas,</span> <span class='ocrx_word' id='word_1_312' title='bbox 1944 5387 2082 5467; x_wconf 86' lang='lat' dir='ltr'>valebit</span> <span class='ocrx_word' id='word_1_313' title='bbox 2101 5406 2140 5465; x_wconf 88' lang='lat' dir='ltr'>et</span> <span class='ocrx_word' id='word_1_314' title='bbox 2159 5382 2386 5480; x_wconf 82' lang='lat' dir='ltr'>servabitur,</span> 
     </span>
    </p>
   </div>
   <div class='ocr_carea' id='block_1_3' title="bbox 0 0 2926 7284">
    <p class='ocr_par' dir='ltr' id='par_1_3' title="bbox 0 0 2926 7284">
     <span class='ocr_line' id='line_1_35' title="bbox 0 0 2926 7284; baseline 0 0"><span class='ocrx_word' id='word_1_315' title='bbox 0 0 2926 7284; x_wconf 95' lang='lat' dir='ltr'> </span> 
     </span>
    </p>
   </div>
  </div>
 </body>
</html>
