5817 7292
1041 1091 1307 1201 suoudrss
1333 1111 1396 1182 nr
1423 1091 1631 1184 enocha
2026 1111 2049 1183 e

630 1252 738 1330 dictis
759 1267 812 1342 et,
835 1251 909 1329 hec
925 1249 1040 1340 iacto,
1063 1250 1176 1357 prIsie
1193 1251 1414 1360 hujusmodi
1429 1266 1468 1328 et
1481 1267 1606 1329 totum
1620 1249 1802 1327 debatum
1822 1268 1985 1358 ponetur
2002 1250 2051 1328 ad
2089 1261 2219 1316 Pavum
2233 1260 2277 1324 lt',

628 1409 784 1458 manum
808 1397 993 1471 nostram,
1014 1399 1193 1488 tanquam
1219 1381 1438 1488 superioris,
1466 1397 1504 1457 et
1526 1409 1596 1487 per
1620 1407 1775 1456 manum
1798 1398 1965 1458 nostram
1984 1381 2053 1459 fiet

630 1512 739 1590 dictis
754 1510 939 1621 religiosis
951 1512 1191 1590 recredencia
1205 1510 1252 1590 de
1271 1512 1394 1618 prisiis
1415 1512 1628 1603 antedictis,
1648 1528 1687 1588 et
1700 1511 1959 1588 committetur
1975 1541 2054 1619 per·

630 1643 731 1720 sonis
754 1642 924 1750 ydoneis,
947 1671 1020 1751 que
1042 1645 1176 1720 vadant
1195 1643 1243 1720 ad
1262 1645 1388 1722 Iocum
1412 1660 1451 1722 et
1470 1643 1679 1749 inquirant,
1704 1642 1843 1719 vocatis
1865 1641 2050 1748 partibus,

631 1773 859 1879 superdicta
879 1775 1065 1853 discordia
1084 1777 1295 1878 veritatem,
1316 1793 1353 1854 et
1373 1775 1476 1852 curie
1495 1775 1689 1852 remittant
1707 1773 1919 1880 inquestam
1939 1801 2054 1879 quam

631 1901 804 1994 fecerint,
822 1919 859 1981 et
875 1901 942 1982 fiet
955 1906 1020 2013 jus
1035 1933 1148 2011 super
1163 1934 1216 1983 ea.

2150 1353 2213 1394 12⁹0.

687 2167 762 2244 XII.
793 2165 891 2242 Cum
919 2167 1186 2275 Ilaymbaudus
1209 2169 1362 2276 Pavays,
1384 2197 1405 2244 a
1430 2170 1597 2275 quodam
1617 2168 1806 2276 judicato,
1830 2197 1897 2275 per
1921 2197 2057 2276 prepo-

632 2295 747 2372 situm
765 2295 1011 2374 ParIsiensem
1038 2315 1167 2375 contra
1186 2327 1226 2376 se
1246 2297 1342 2375 lacto
1362 2327 1431 2405 pro
1449 2299 1624 2377 Manuale
1646 2296 1858 2386 Bertrandi‚
1882 2297 1994 2374 fratre
2017 2313 2056 2373 et

632 2441 829 2503 executore
849 2425 1016 2504 defuncti
1035 2429 1191 2506 Robcrti
1210 2429 1424 2521 Bertrandi‚
1440 2457 1553 2536 super
1568 2428 1737 2506 facienda
1757 2428 1983 2506 execucione
2000 2455 2059 2504 cu-

627 2555 779 2661 jusdam
793 2556 936 2648 littere,
959 2587 1145 2638 summam
1168 2560 1413 2638 ducentarum
1441 2560 1601 2670 trigenta
1625 2577 1664 2637 et
1689 2560 1853 2637 duarum
1874 2558 2056 2636 librarum

633 2715 833 2790 parvorum
855 2689 1135 2767 Turonensium
1161 2691 1407 2780 continentis,
1435 2707 1617 2797 tanquam
1641 2719 1661 2767 a
1685 2690 1779 2766 falso
1800 2705 1839 2765 et
1856 2716 1985 2793 pravo,
2009 2689 2058 2762 ad

636 2835 801 2894 uestram
825 2819 967 2894 curiam
986 2819 1211 2924 appellasset
1229 2849 1239 2894 ε
1257 2820 1447 2907 Tandem,
1469 2822 1510 2894 in
1528 2847 1638 2897 causa
1656 2818 1756 2896 dicte
1777 2817 2056 2925 appellacionis‚

636 2945 939 3052 comparentibus
958 2947 999 3024 in
1028 2965 1154 3025 nostra
1173 2948 1276 3025 curia
1296 2948 1406 3026 dictis
1427 2947 1613 3055 partibus,
1640 2965 1680 3024 et
1697 2948 1836 3024 auditis
1854 2977 1983 3026 earum
2003 2977 2061 3024 ra-

637 3076 812 3153 cionibus
835 3075 924 3152 hinc
953 3093 990 3154 et
1013 3076 1120 3166 inde,
1148 3076 1310 3184 visisque
1334 3076 1571 3182 processibus
1594 3076 1813 3154 earumdem
1839 3094 1877 3154 et
1890 3077 2059 3186 judicato

636 3205 820 3312 predicte,
841 3234 909 3312 per
923 3205 1113 3314 judicium
1132 3222 1260 3283 nostre
1281 3207 1401 3295 curie,
1423 3206 1568 3284 dictum
1580 3207 1653 3282 suit
1666 3205 1879 3311 predictum
1893 3208 2061 3314 preposi-

637 3353 721 3414 tum
740 3337 839 3414 maIe
853 3336 1061 3443 judicasse,
1084 3353 1122 3414 et
1142 3336 1285 3413 dictum
1303 3335 1589 3443 Raymbaudum
1606 3336 1705 3414 bene
1724 3337 1938 3444 appellasse.

695 3467 872 3546 Mercurii
891 3485 975 3546 ante
994 3466 1231 3546 Nativitatem
1249 3466 1414 3545 Domini.

695 3733 787 3812 XIII.
819 3733 995 3838 Inquesta
1022 3731 1116 3810 facta
1141 3733 1240 3810 inter
1263 3729 1506 3836 Radidphum
1530 3730 1578 3806 de
1603 3732 1813 3808 lencheriis
1836 3747 1876 3808 et
1894 3733 2064 3807 Bertran-

643 3862 735 3940 dum
753 3864 800 3940 de
819 3862 1023 3952 Pestilhac,
1045 3891 1158 3970 super
1176 3863 1404 3971 quibusdam
1427 3862 1607 3968 expensis.

700 4123 792 4203 XIV.
813 4125 925 4216 Item,
954 4123 1127 4232 Inquesta
1153 4125 1246 4202 facta
1268 4151 1337 4232 pro
1357 4122 1496 4200 eodem
1524 4125 1566 4198 R.
1596 4149 1709 4228 super
1731 4120 1856 4198 valore
1875 4122 2065 4197 bonorum

646 4253 825 4359 Stephani
842 4254 890 4329 dc
909 4255 1155 4362 Monguihon.

700 4385 772 4461 Iste
789 4383 885 4472 due,
903 4382 1017 4460 simul
1037 4384 1165 4491 ligate,
1188 4383 1263 4460 vise
1275 4383 1446 4469 suerum,
1466 4397 1505 4457 ct
1518 4379 1633 4457 michi
1649 4379 1813 4471 reddite,
1830 4406 1900 4456 nec
1915 4378 2067 4457 suerunt

640 4513 825 4621 judicate,
847 4512 935 4619 quia
955 4539 1033 4592 nen
1053 4511 1205 4590 luerunt
1223 4514 1320 4592 bene
1341 4512 1446 4590 lacte.

702 4775 779 4856 XV.
811 4775 909 4854 Cum
932 4777 1028 4854 inter
1050 4775 1260 4855 Iohannem
1286 4779 1332 4856 de
1359 4776 1548 4866 Xantolio,
1574 4774 1749 4864 militem,
1777 4803 1821 4851 ex
1845 4803 1919 4852 una
1943 4789 2064 4879 parte,

650 4926 687 4986 et
714 4907 924 4985 Iohannem
952 4906 1126 4985 Saunerii
1152 4909 1200 4986 de
1224 4910 1433 4998 Pontisara,
1463 4906 1661 4994 exaltem,
1686 4906 1724 4981 in
1751 4932 1860 4982 causa
1885 4919 2067 4981 retractus

648 5037 879 5115 vendicionis
894 5037 1144 5143 quorumdam
1163 5038 1368 5132 bonerum,
1387 5066 1461 5144 que
1481 5036 1671 5143 pendebat
1687 5036 1880 5122 intereos,
1901 5059 1969 5140 per
1982 5061 2069 5111 nos-

624 5188 746 5247 .tram
771 5167 903 5246 fuisset
924 5168 1066 5246 curiam
1085 5167 1299 5275 judicatum
1323 5171 1427 5276 quod
1456 5169 1579 5248 dictus
1603 5167 1713 5244 miles
1733 5166 1996 5244 admitteretur
2021 5163 2069 5240 ad

652 5314 853 5376 retractum
879 5298 1108 5405 predictum,
1132 5318 1170 5379 et
1197 5301 1457 5409 postmodum,
1479 5298 1590 5377 dictis
1608 5298 1719 5376 benis
1738 5295 1787 5372 ad
1805 5323 1961 5374 manum
1980 5320 2068 5369 nos-

652 5449 746 5508 tram
773 5429 918 5536 positis,
944 5429 1046 5508 idem
1074 5432 1184 5513 miles
1209 5433 1422 5540 predictum
1448 5431 1661 5508 Iohannem
1684 5427 1855 5507 Saunerii
1880 5423 2068 5532 adjornari

742 5606 790 5646 ass
812 5607 895 5648 octat.
920 5607 965 5646 Ill.
1926 5599 1942 5638 2
