5817 7292
1001 1052 1269 1165 saoneres
1295 1070 1358 1145 ar
1383 1054 1590 1146 Procas.
1925 1066 1995 1140 sav

581 1215 683 1295 dicto
702 1214 823 1293 milite
839 1232 878 1295 et
888 1215 966 1293 suis
976 1212 1130 1305 laceret,
1147 1213 1356 1293 secundum
1373 1213 1494 1321 patrie
1507 1208 1839 1301 consuetudinem,
1855 1236 2001 1287 assecu·
2039 1214 2169 1270 sarton
2182 1214 2224 1276 tv,

579 1348 667 1437 rari,
683 1364 722 1425 et
736 1347 934 1425 emendam
947 1344 1188 1455 condignam,
1200 1372 1269 1454 pro
1279 1343 1485 1450 premissis,
1497 1342 1607 1419 nobis
1619 1370 1640 1417 a
1654 1341 1756 1417 dicto
1766 1338 1886 1418 milite
1898 1366 1999 1446 pres·
2101 1306 2164 1349 Μ’

578 1476 667 1567 tari;
681 1477 747 1583 qui
765 1475 940 1565 ballivus,
961 1477 1098 1555 virtute
1119 1475 1209 1553 dicti
1230 1474 1395 1551 mandati
1415 1473 1551 1564 nostri,
1572 1470 1621 1550 ad
1638 1468 1857 1548 instanciam
1876 1468 1996 1546 dicto·

578 1636 664 1685 rum
676 1607 807 1685 decani
819 1624 856 1685 et
866 1606 1257 1714 capituli,predietum
1270 1604 1429 1682 militem
1439 1631 1509 1709 per
1517 1601 1761 1689 Raoulinum,
1773 1598 1996 1677 servientem

578 1756 768 1827 nostrum,
790 1739 840 1815 ad
864 1739 935 1814 hoc
951 1735 1181 1843 specialiter,
1205 1762 1249 1812 ex
1272 1752 1376 1841 perte
1401 1733 1493 1811 dicti
1516 1731 1660 1821 ballivi,
1683 1730 1928 1837 deputatum,
1949 1729 1996 1807 ad

578 1885 715 1947 certam
737 1868 857 1959 diem,
877 1895 1001 1957 coram
1017 1894 1055 1945 se
1072 1864 1161 1944 fecit
1176 1865 1216 1941 in
1235 1894 1343 1943 causa
1358 1863 1647 1943 assecuramenti
1659 1859 1845 1969 adjomari
1858 1876 1897 1937 et
1910 1890 1996 1937 cum

577 1999 650 2076 hoc
668 1999 857 2104 predictos
881 1998 1065 2077 decanum
1095 2014 1134 2073 et
1157 1995 1382 2102 capitulum,
1409 2022 1543 2072 eorum
1568 1993 1686 2081 bona,
1708 1990 1938 2070 consiliarios
1960 2010 1998 2069 et

577 2128 768 2205 ministros
784 2157 852 2234 per
867 2128 1009 2205 dictum
1029 2126 1271 2214 servientem,
1289 2125 1349 2201 cui
1363 2139 1588 2229 potestatem
1601 2120 1802 2230 specialem
1817 2122 1997 2229 premissa

576 2255 735 2335 faciendi
752 2256 926 2348 dederat,
942 2256 981 2332 in
997 2272 1123 2333 nostra
1135 2254 1264 2363 gardia
1281 2252 1431 2360 speciali
1445 2254 1534 2359 poni
1547 2252 1651 2341 lecit,
1665 2252 1867 2330 certificata
1882 2281 1997 2360 super

576 2388 649 2467 hoc
674 2387 794 2465 milite
819 2387 1034 2494 supradicto
1054 2415 1122 2493 per
1143 2385 1367 2463 servientem
1393 2381 1645 2472 antedictum
1674 2382 1723 2460 ad
1755 2412 1870 2489 quam
1893 2383 1995 2461 diem

577 2519 699 2597 dictus
721 2517 830 2595 miles
853 2518 1011 2595 minime
1032 2515 1259 2623 comparuit,
1281 2514 1461 2621 predictis
1487 2513 1630 2591 decano
1654 2529 1693 2591 et
1710 2512 1873 2618 capitulo
1899 2512 1996 2593 dicta

577 2647 637 2726 die
662 2646 889 2726 sufficienter
912 2645 1231 2752 comparentibus,
1257 2660 1411 2751 propter
1431 2641 1538 2750 quod
1558 2644 1682 2721 diuus
1706 2642 1814 2720 miles
1832 2643 1919 2733 ficit,
1947 2645 1995 2722 de

577 2777 676 2855 dicta
696 2778 775 2869 die,
791 2778 935 2885 positus
950 2778 989 2853 in
1006 2775 1171 2865 defectu,
1187 2792 1242 2865 et,
1261 2804 1346 2853 cum
1362 2774 1451 2864 hoc,
1467 2774 1589 2853 dictus
1604 2773 1780 2862 ballivus,
1799 2774 1897 2851 dicta
1912 2773 1992 2863 die,

575 2909 763 3014 predictos
783 2910 967 2987 decanum
985 2924 1023 2984 et
1036 2905 1241 3013 capitulum
1262 2923 1300 2985 et
1315 2935 1445 2984 eorum
1458 2906 1560 2984 bona
1575 2923 1613 2983 et
1625 2903 1857 2983 consiliarios
1875 2921 1915 2981 et
1925 2906 1996 2981 mi-

574 3041 711 3119 nistros
730 3040 867 3117 iterum
887 3040 927 3115 in
948 3054 1075 3117 nostra
1089 3036 1240 3145 speciali
1259 3036 1371 3143 garda
1389 3037 1519 3144 posuit
1534 3052 1572 3114 et
1589 3036 1745 3142 accepit,
1760 3053 1799 3114 et
1816 3036 1996 3144 premissa

575 3172 700 3249 omnia
720 3187 759 3248 et
787 3168 933 3277 singula
955 3198 1024 3276 per
1039 3170 1182 3248 dictum
1201 3166 1425 3247 servientem
1444 3165 1634 3244 mandavit
1651 3167 1799 3245 notorie
1813 3166 2014 3273 publicari*

574 3319 613 3380 et
629 3301 729 3380 dicto
745 3300 856 3377 militi
875 3300 1093 3407 significari,
1108 3300 1308 3405 ipsumque
1324 3298 1461 3375 iterum
1477 3298 1643 3403 precepit
1660 3315 1698 3375 et
1714 3298 1913 3387 mandavit,
1927 3326 1996 3403 per

575 3432 718 3511 dictum
738 3431 978 3519 servientem,
1000 3430 1050 3506 ad
1076 3428 1185 3505 aliam
1205 3445 1344 3506 certam
1366 3426 1486 3514 diem,
1505 3443 1608 3504 certo
1629 3424 1730 3514 loco,
1752 3427 1792 3502 in
1812 3427 1890 3505 suis
1909 3428 1995 3504 assi-

575 3563 638 3640 siis
655 3561 857 3669 adjornari,
880 3589 950 3665 pro
967 3559 1068 3637 dicto
1086 3558 1236 3636 defectu
1250 3555 1489 3635 emendando
1502 3573 1541 3632 et
1554 3555 1696 3633 dictum
1718 3584 1996 3635 assecuramen-

574 3708 657 3767 tum
668 3690 887 3793 prestando,
902 3704 954 3774 et,
973 3688 1021 3763 ad
1034 3687 1214 3791 premissa
1229 3684 1398 3763 facienda
1410 3700 1450 3760 et
1458 3683 1698 3788 complenda,
1712 3686 1879 3788 precepit
1892 3686 1993 3762 idem

575 3818 733 3896 ballivus
753 3817 896 3894 dictum
916 3815 1076 3893 militem
1095 3813 1270 3919 compelli
1284 3841 1353 3919 per
1371 3811 1589 3918 capcionem
1609 3812 1775 3916 corporis
1793 3813 1853 3888 sui
1873 3828 1910 3889 et
1927 3813 1996 3889 bo·

576 3976 713 4026 norum
728 3946 912 4023 omnium.
925 3942 1170 4022 Postmodum
1186 3970 1274 4020 vero
1288 3940 1480 4048 predictus
1493 3938 1658 4017 serviens
1676 3956 1804 4017 noster
1817 3942 1943 4018 omnia
1958 3959 1995 4018 et

575 4077 718 4189 singula
740 4076 950 4183 supradicta
979 4076 1020 4153 in
1050 4074 1206 4151 ecclesia
1238 4071 1485 4180 Ebroycensi,
1518 4088 1618 4149 certa
1642 4070 1704 4148 die
1727 4071 1857 4149 festiva
1879 4088 1919 4149 et
1939 4098 1995 4148 so

575 4208 739 4314 lempni,
749 4207 797 4286 de
813 4207 987 4284 mandato
1001 4206 1091 4283 dicti
1105 4204 1245 4293 ballivi,
1259 4202 1499 4312 proclamavit
1513 4218 1551 4280 et
1570 4201 1718 4280 notorie
1732 4200 1944 4307 publicavit,
1957 4218 1995 4277 et

578 4339 720 4415 dictum
741 4336 918 4427 militem,
939 4338 988 4413 ad
1007 4337 1161 4415 domum
1183 4335 1316 4441 ipsius,
1334 4361 1402 4440 pro
1422 4333 1611 4438 premissis
1626 4331 1805 4410 faciendis
1825 4348 1863 4408 et
1881 4332 1995 4407 adim·

576 4468 740 4575 plaudis,
753 4496 877 4546 coram
892 4469 990 4546 dicto
1001 4467 1151 4557 ballivo,
1163 4466 1302 4543 iterum
1315 4462 1536 4572 adjornavit,
1550 4480 1588 4540 et
1594 4462 1775 4568 premissa
1787 4462 1914 4538 omnia
1923 4462 1993 4540 sibi

576 4615 835 4706 competenter
854 4597 1052 4688 intimavit,
1073 4613 1187 4703 prout
1209 4596 1310 4672 idem
1328 4594 1490 4672 serviens
1509 4609 1637 4671 noster
1649 4591 1830 4700 premissa
1849 4592 1992 4682 omnia,

575 4732 655 4807 viva
667 4756 770 4817 voce,
786 4729 914 4807 retulit
928 4726 1066 4806 ballivo
1084 4742 1308 4815 memorato;
1319 4724 1521 4833 quibussic
1531 4724 1633 4813 actis,
1647 4723 1750 4803 idem
1766 4720 1874 4801 miles
1890 4739 1994 4827 post·

576 4861 746 4950 modum,
761 4888 856 4937 ausu
870 4858 1089 4945 temerario,
1105 4885 1179 4933 una
1196 4884 1282 4934 cum
1298 4856 1462 4963 Symone
1477 4854 1524 4932 de
1539 4852 1786 4943 Garenceriis,
1801 4852 1938 4942 milite,
1956 4870 1994 4931 et

576 4992 746 5069 lohanne
765 4989 801 5067 le
821 4987 1110 5096 Bourgueignol,
1126 4988 1297 5065 lohanne
1315 4986 1361 5063 de
1378 4986 1536 5074 Laudes,
1547 4982 1755 5064 Guillelmo
1770 4983 1817 5061 de
1833 4984 1990 5075 Laudes,

578 5119 745 5196 lohanne
765 5121 813 5198 de
827 5119 1075 5209 Garenceriis,
1087 5118 1256 5196 lohanne
1274 5117 1322 5193 de
1338 5114 1597 5205 Herlonviller,
1611 5115 1722 5192 Petro
1741 5114 1777 5191 le
1793 5113 1991 5203 Broullart,

580 5248 743 5355 Symone
764 5249 810 5326 de
830 5251 1112 5349 Maumoupher,
1135 5248 1343 5356 armigeris,
1365 5274 1437 5325 una
1458 5275 1545 5324 cum
1564 5244 1790 5354 quibtudam
1810 5243 1893 5321 aliis
1917 5243 1994 5320 suis

580 5377 839 5483 complicibus,
858 5409 926 5486 per
938 5382 1140 5461 claustrum
1155 5378 1399 5487 Ebroycensis
1418 5376 1592 5466 ecclesie,
1613 5377 1653 5453 in
1667 5374 1824 5451 domum
1842 5370 1994 5479 Nicolay

662 5552 714 5593 tas
734 5552 817 5595 οιιιι.
840 5554 885 5595 ιιι.
1845 5521 1886 5585 86
