5817 7292
1022 1070 1603 1178 uuQutvusuvpsocus.
1819 1080 1826 1093 ’
1931 1084 2021 1159 ἰιι

606 1260 645 1315 sc
671 1232 962 1342 pertinentibus,
984 1259 1025 1308 ac
1046 1258 1089 1307 ex
1116 1228 1257 1307 eisdem
1283 1226 1427 1306 fructus
1447 1246 1485 1306 et
1507 1228 1641 1315 exitus,
1662 1229 1804 1305 vivente
1824 1246 1863 1305 et
1881 1227 2023 1307 sciente
2063 1232 2248 1299 vaanenu,

605 1364 706 1443 dicto
732 1362 917 1451 Iohanne,
940 1360 1050 1439 fratre
1077 1388 1147 1438 suo
1172 1359 1441 1466 primogenito,
1467 1358 1677 1465 perceperit
1702 1373 1741 1434 et
1765 1356 1958 1449 babuerit,
1981 1385 2022 1434 ac
2125 1326 2187 1369 Μ’

607 1494 741 1585 eciam,
760 1510 1016 1599 postmortem
1026 1490 1148 1569 fratris
1158 1490 1217 1567 sui
1231 1488 1407 1595 predicti,
1427 1490 1466 1566 in
1479 1488 1613 1566 saisina
1627 1486 1819 1565 bonmum
1836 1486 2023 1593 predicto·

605 1650 690 1700 rum
710 1620 863 1729 pacifice
883 1622 1121 1711 remanserit3
1143 1648 1258 1727 qnare
1274 1619 1422 1698 dicebat
1433 1620 1556 1697 dictus
1567 1616 1789 1725 Radulpbus
1798 1616 1920 1723 quod,
1936 1644 2023 1693 cum

606 1753 700 1859 ipse,
712 1771 788 1831 tam
805 1753 853 1832 de
871 1751 1147 1831 consuetudine
1162 1749 1309 1830 notoria
1325 1751 1498 1830 locorum
1512 1748 1769 1857 predictorum
1781 1776 1895 1856 quam
1907 1748 2024 1827 eciam

607 1882 656 1961 de
668 1883 780 1975 lacto,
795 1883 928 1963 luisset
942 1900 981 1961 et
992 1900 1090 1962 esset
1102 1883 1141 1959 iu
1154 1882 1287 1959 saisina
1298 1882 1488 1959 bonorum
1501 1880 1775 1989 predictorum,
1789 1896 1845 1967 et,
1860 1906 1904 1957 ex
1918 1906 2026 1957 causa

605 2013 788 2121 predicta,
810 2016 1036 2121 peticionem
1049 2042 1116 2091 seu
1128 2029 1342 2119 requestam
1356 2013 1564 2119 predictam
1584 2012 1675 2089 dicti
1693 2010 1890 2099 lobannis,
1911 2038 2027 2116 nepo·

604 2144 653 2219 tis
672 2144 750 2235 sui,
772 2170 849 2221 non
868 2171 948 2221 csse
966 2142 1255 2233 admittendam,
1275 2142 1475 2249 ipsumque
1495 2140 1737 2248 Radulphum
1753 2141 1792 2217 in
1811 2168 1878 2219 sua
1892 2138 2024 2217 saisina

604 2271 772 2378 predicta
786 2300 855 2385 per
868 2273 1013 2351 dictum
1027 2269 1208 2349 ballivum
1226 2269 1364 2348 debere
1378 2271 1499 2348 teneri
1513 2299 1556 2349 ac
1571 2270 1798 2361 conservari3
1813 2288 1852 2346 et
1867 2268 2022 2357 deinde,

607 2401 736 2483 mvrltis
756 2401 1113 2489 consuetudinibus,
1130 2400 1360 2495 nacionibus,
1378 2400 1661 2479 defensionibus
1677 2418 1715 2479 et
1728 2401 1811 2478 aliis
1829 2399 1953 2491 lactis,
1971 2399 2027 2474 in-

604 2534 721 2612 vicem
738 2534 950 2623 contrariis,
969 2532 1016 2611 ab
1033 2550 1192 2639 utraque
1211 2549 1315 2638 parte
1335 2532 1552 2637 propositis,
1572 2560 1648 2638 que
1669 2531 1767 2610 dicte
1785 2547 1928 2638 partes,
1949 2546 2025 2606 tam

606 2692 673 2771 per
698 2682 827 2763 testes,
853 2683 891 2742 et
917 2663 1109 2770 potissime
1130 2661 1252 2737 dictus
1278 2660 1501 2767 badulphus
1526 2690 1595 2766 per
1614 2661 1864 2738 instrumenta
1887 2689 1961 2766 que
1986 2660 2025 2734 in

605 2812 784 2901 promptu
808 2822 849 2871 sa
874 2793 1013 2871 babere
1035 2791 1204 2880 dicebat,
1229 2789 1438 2868 offerebant
1462 2819 1503 2867 se
1526 2788 1757 2868 sufficienter
1781 2790 2023 2897 probaturos;

604 2923 773 3016 tandem,
792 2925 858 3001 lite
874 2951 988 3029 super
1001 2922 1192 3029 premissis
1206 2920 1389 3029 legittime
1405 2936 1624 3009 contestata,
1638 2919 1761 2999 dictus
1770 2919 1941 3010 ballivus,
1958 2947 2027 3025 per

599 3054 787 3163 judicium
805 3053 1004 3132 hominum
1022 3052 1228 3131 feodalium
1242 3051 1516 3159 predictorum,
1532 3050 1648 3127 nullis
1662 3079 1815 3157 prorsus
1828 3049 2025 3156 probacio-

605 3183 718 3261 nibus
737 3211 851 3291 super
868 3183 1059 3290 premissis
1078 3184 1237 3289 receptis
1255 3181 1315 3258 vel
1334 3181 1498 3270 auditis,
1507 3181 1768 3286 pronunciavit
1781 3180 1887 3286 quod
1902 3178 2024 3257 dictus

602 3314 792 3395 lohannes
818 3312 975 3391 baberet
995 3313 1169 3390 saisinam
1194 3312 1367 3389 omnium
1395 3310 1719 3415 hereditagiorum
1737 3338 1903 3416 quorum
1921 3327 2026 3416 pater

604 3474 712 3538 suus,
727 3465 898 3551 tempore
917 3471 993 3550 quo
1013 3444 1092 3548 ipse
1108 3440 1254 3519 vivebat
1269 3458 1309 3518 at
1324 3440 1443 3518 eciam
1461 3458 1726 3546 temporeque
1747 3440 1826 3545 ipse
1845 3438 2022 3526 decessit,

606 3595 684 3657 erat
703 3578 742 3653 in
762 3576 912 3665 saisina,
937 3591 976 3651 et
988 3601 1064 3681 que
1083 3572 1239 3651 lucrum
1257 3569 1405 3648 comitis
1424 3570 1619 3676 quondam
1637 3570 1801 3658 Pontivi,
1819 3569 1935 3676 patris
1954 3571 2025 3647 Ra-

605 3708 740 3813 dulpbi
765 3704 985 3813 supradicti;
1012 3732 1032 3779 a
1055 3731 1133 3809 quo
1153 3701 1339 3811 judicato,
1364 3714 1545 3806 tanquam
1569 3699 1663 3777 falso
1688 3717 1727 3776 et
1748 3726 1877 3804 pravo,
1902 3699 2026 3777 dictus

604 3836 825 3941 badulphus
833 3835 880 3911 ad
892 3834 1034 3911 curiam
1045 3849 1210 3909 nostram
1222 3828 1436 3935 appellavit:
1452 3826 1600 3907 Auditis
1610 3827 1736 3934 igitur,
1748 3828 1787 3901 in
1802 3855 1911 3905 causa
1924 3826 2023 3904 dicte

603 3962 888 4071 appellacionis,
903 3961 1082 4070 predictis
1095 3957 1280 4069 panibus,
1295 3974 1334 4035 ct
1349 3958 1436 4035 visis
1447 3957 1683 4065 processibus
1697 3956 1936 4062 supradictis,
1957 3985 2025 4063 per

605 4094 708 4173 curie
734 4110 861 4171 nostre
888 4092 1078 4201 judicium
1100 4091 1245 4168 dictum
1270 4087 1343 4166 suit
1366 4086 1557 4195 predictos
1579 4086 1759 4165 ballivum
1788 4103 1827 4164 et
1851 4087 2024 4165 homines

605 4224 703 4305 male
717 4224 914 4332 judicasse,
927 4241 965 4301 et
983 4223 1129 4300 dictum
1149 4218 1392 4325 Radulphum
1411 4218 1511 4296 bene
1526 4216 1751 4325 appellasse,
1773 4235 1812 4295 et
1830 4215 1935 4325 quod
1949 4217 2025 4294 dic-

603 4376 687 4435 tum
707 4355 919 4465 judicatum
940 4380 1018 4431 non
1038 4350 1280 4449 mandabitur
1299 4348 1534 4439 execucioni,
1556 4365 1595 4425 et
1613 4347 1717 4456 quod
1739 4346 1828 4427 dicti
1851 4347 2025 4427 homines

605 4489 679 4565 boc
697 4484 967 4563 emendabvmt.

660 4618 759 4695 lovis
776 4614 956 4723 predicta.

641 4747 846 4853 ,Thibotot
863 4746 1091 4853 respectavit.

660 5012 785 5091 XXIX.
816 5011 931 5100 Cum,
948 5037 1072 5088 coram
1087 5008 1225 5087 ballivo
1238 5026 1367 5087 nostro
1382 5006 1659 5097 Aurelianensi,
1680 5008 1777 5085 inter
1793 5009 2024 5115 prepositum

603 5160 775 5221 nostrum
801 5140 848 5218 de
873 5140 1124 5233 Evrailastro,
1147 5166 1217 5247 pro
1238 5137 1363 5227 nobis,
1383 5166 1428 5215 ex
1448 5166 1525 5215 una
1543 5154 1664 5244 parte,
1686 5156 1725 5214 et
1742 5136 1953 5217 lobannem
1977 5137 2024 5214 de

603 5272 831 5362 Biau-Mont,
849 5271 1028 5365 militem,
1047 5300 1115 5379 pro
1136 5298 1193 5362 se,
1213 5298 1257 5347 cx
1275 5269 1408 5361 altera,
1425 5286 1527 5347 mota
1546 5268 1680 5347 luisset
1697 5270 1947 5352 controversia
1963 5295 2027 5343 su-

603 5430 671 5507 per
686 5404 760 5481 boc
779 5401 883 5509 quod
902 5403 1024 5483 dictus
1043 5402 1255 5510 prepositus
1280 5398 1428 5479 dicebat
1447 5427 1517 5479 nos
1535 5399 1650 5480 lavisse
1670 5416 1710 5477 et
1729 5428 1810 5477 esse
1830 5400 1871 5475 in
1888 5396 2024 5477 saisina

690 5578 743 5620 aas
763 5578 845 5621 οιιιι.
869 5580 914 5621 ιιι.
1859 5551 1898 5611 53
