5817 7292
1053 1125 1319 1231 suoutrns
1344 1142 1409 1214 ιι
1435 1121 1640 1216 raucus.
1983 1139 2052 1214 ssi

641 1303 773 1395 gentes
791 1299 954 1374 nostras,
971 1301 1221 1387 reponeretur
1238 1311 1353 1390 penes
1368 1284 1511 1362 dictum
1533 1282 1750 1390 episcopum
1769 1309 1839 1386 pro
1859 1283 1939 1390 ipso
1954 1281 2059 1391 justi·
2098 1287 2226 1342 Pflfflm
2241 1289 2283 1351 Ν,

637 1418 772 1496 ciaudo
792 1416 833 1492 in
848 1441 935 1492 casu
953 1413 1124 1519 predicto
1143 1441 1213 1520 pro
1231 1443 1309 1522 quo
1330 1432 1459 1523 captus
1476 1412 1696 1502 tenebatur,
1717 1411 1897 1518 predictis
1917 1413 2057 1520 majore
2159 1379 2221 1422 Μ’

636 1566 675 1627 et
688 1548 841 1654 paribus
854 1547 894 1622 in
912 1546 1141 1624 contrarium
1156 1547 1425 1636 asserentibus,
1448 1564 1487 1622 et
1503 1543 1718 1652 petentibus
1731 1543 1838 1648 quod
1856 1544 2059 1651 gagiapre·

636 1679 749 1771 dicta,
765 1693 870 1782 capta
883 1705 953 1783 per
971 1677 1087 1783 ipsos,
1104 1705 1220 1784 penes
1235 1676 1379 1756 dictum
1393 1677 1633 1766 Garnerium,
1648 1702 1718 1782 pro
1730 1672 1833 1752 tallia
1852 1673 1951 1750 dicte
1971 1672 2057 1751 ville

635 1838 750 1915 super
768 1809 894 1916 ipsum
913 1809 1106 1913 imposita,
1128 1837 1198 1914 per
1220 1807 1401 1886 ballivum
1422 1808 1738 1887 Silvanectensem
1755 1805 1856 1882 dicto
1876 1801 2058 1884 Garnerio

635 1939 838 2026 recredita,
852 1954 1130 2044 reponerentur
1144 1939 1184 2014 in
1200 1965 1314 2015 manu
1330 1965 1482 2028 eorum,
1500 1965 1569 2043 pro
1581 1936 1702 2024 tallia,
1719 1961 1833 2040 super
1846 1933 1971 2040 ipsum
1987 1935 2060 2012 im-

636 2069 772 2174 posita,
787 2066 1029 2172 explectunda
1041 2095 1188 2174 percos
1203 2085 1241 2145 et
1255 2068 1428 2157 levanda,
1443 2086 1481 2146 et
1496 2066 1600 2175 quod
1614 2065 1887 2174 impedimenta
1899 2092 1967 2171 per
1978 2065 2060 2142 dic-

635 2217 718 2275 tum
734 2199 953 2306 episcopum
967 2226 1082 2305 super
1097 2199 1171 2276 hoc
1188 2197 1334 2276 eisdem
1351 2199 1519 2306 apposita
1538 2214 1821 2286 amoverentur;
1841 2195 2059 2302 petentibus

636 2328 755 2406 eciam
778 2327 917 2405 dictam
941 2325 1216 2434 injuriam‘sibi
1240 2327 1374 2407 factam
1395 2357 1464 2434 per
1482 2327 1663 2405 ballivum
1685 2326 1774 2403 dicti
1797 2326 1980 2433 episcopi,
2001 2355 2060 2403 ca·

635 2458 776 2564 piendo
797 2475 836 2536 et
855 2474 1005 2563 captum
1026 2459 1196 2538 tenendo
1215 2455 1256 2536 in
1281 2459 1446 2570 prisione
1474 2459 1565 2536 dicti
1587 2457 1751 2564 episcopi
1774 2456 1956 2564 majorem
1981 2485 2061 2562 pre«

637 2589 783 2666 dictum
807 2617 895 2665 cum
921 2589 1076 2667 duobus
1093 2587 1249 2696 paribus
1270 2607 1309 2667 et
1329 2619 1409 2668 uno
1434 2591 1618 2668 serviente
1644 2589 1742 2665 dicte
1763 2586 1866 2676 ville,
1887 2613 1958 2692 per
1976 2605 2060 2665 octo

639 2716 720 2795 dies
739 2717 798 2795 vel
815 2717 929 2806 circa,
946 2719 1141 2796 occasione
1159 2719 1439 2826 predictorum,
1457 2719 1568 2796 nobis
1584 2735 1622 2795 et
1635 2716 1706 2795 sibi
1728 2716 1945 2794 emendari:
1962 2719 2062 2793 Tan-

541 2837 544 2843 *
640 2848 746 2934 dem,
771 2848 912 2926 auditis
935 2849 1104 2953 parcium
1129 2849 1344 2927 racionibus
1367 2849 1457 2925 hinc
1485 2866 1523 2925 et
1547 2849 1654 2938 inde,
1685 2863 1722 2923 et
1749 2845 1923 2953 inquesta
1946 2875 2061 2954 super

640 2979 715 3056 biis
734 2978 978 3056 demandato
994 2981 1098 3057 curie
1111 2997 1238 3058 nostre
1252 2980 1362 3072 lacta,
1376 2981 1452 3058 visa
1465 2995 1504 3056 et
1519 2977 1719 3086 diligenter
1731 2977 1953 3067 examinata,
1975 2978 2061 3056 visis

640 3109 759 3186 eciam
770 3111 881 3186 cartis
892 3110 981 3186 hinc
993 3110 1084 3187 inde
1098 3111 1309 3217 productis,
1323 3109 1616 3217 pronunciatum
1629 3108 1719 3202 luit,
1734 3135 1805 3214 per
1815 3107 1917 3185 curie
1932 3125 2060 3186 nostre

634 3237 840 3343 judicium,
852 3239 1022 3346 predicta
1034 3241 1190 3346 pignora
1201 3241 1291 3318 dieti
1304 3240 1477 3318 Garnerii
1493 3239 1633 3316 debere
1647 3239 1780 3344 reponi
1793 3238 1834 3313 in
1849 3265 1965 3316 manu
1975 3265 2061 3345 pre·

640 3367 828 3446 dictorum
851 3369 1005 3476 majoris
1024 3387 1064 3446 et
1081 3370 1247 3476 parium,
1272 3399 1343 3476 pro
1362 3369 1468 3447 tallia
1487 3370 1655 3476 predicta
1674 3395 1743 3474 per
1767 3395 1833 3444 eos
1853 3365 2008 3456 levanda
2021 3399 2062 3447 ac

640 3500 758 3576 eciam
769 3528 885 3606 super
898 3500 1043 3579 dictum
1053 3500 1281 3579 Garnerium
1302 3501 1560 3607 explectunda,
1583 3517 1622 3577 et
1641 3499 1746 3606 quod
1762 3498 1889 3577 dictus
1902 3499 2062 3578 ballivus

637 3631 845 3736 predictam
860 3633 1097 3738 capcionern,
1116 3633 1267 3711 mdoue
1278 3631 1448 3739 predicta
1466 3631 1620 3718 lacum,
1640 3631 1688 3709 de
1707 3630 1885 3735 predictis
1899 3634 2059 3741 majore,

641 3762 794 3865 paribus
813 3778 853 3839 et
870 3763 1056 3840 serviente
1075 3763 1188 3841 nobis
1206 3779 1246 3840 et
1259 3763 1442 3869 predictis
1462 3759 1691 3840 emendabit.

696 3892 825 3968 Martis
841 3893 1019 3997 predicta.

696 4021 921 4126 Pasquerius
938 4024 1153 4129 reportavit.

696 4284 773 4360 Xll.
805 4282 905 4362 Cum
925 4311 1009 4377 nos,
1029 4313 1144 4392 super
1161 4285 1337 4392 pluribus
1357 4284 1584 4378 excessibus,
1600 4287 1890 4392 gravaminibus,
1913 4286 2062 4395 injuriis

643 4431 682 4491 et
697 4415 889 4492 violenciis
903 4443 972 4521 per
988 4415 1223 4495 Gaillardum
1244 4417 1293 4495 de
1311 4417 1644 4507 Monte-Lanerdo,
1665 4435 1710 4496 ut
1729 4419 1935 4508 dicebatur,
1957 4417 2061 4497 lactis

641 4545 834 4624 Gaillardo
851 4546 899 4623 de
912 4547 1097 4653 Nameyo,
1113 4547 1245 4639 militi,
1263 4549 1567 4629 mandaverimus
1580 4549 1720 4659 inquiri
1738 4578 1853 4657 super
1872 4577 1917 4628 eo
1937 4551 2059 4658 quod,

553 4694 558 4702 ·
642 4703 730 4753 cum
745 4676 919 4754 inventus
936 4675 1070 4756 luisset
1087 4678 1127 4753 in
1140 4696 1240 4756 terra
1256 4698 1385 4758 nostra
1400 4697 1564 4759 armatus
1584 4698 1622 4759 et
1635 4698 1834 4788 promptus
1848 4680 1898 4757 ad
1917 4680 2060 4759 malum

642 4806 875 4898 faciendum,
887 4836 1062 4886 unacum
1075 4809 1323 4889 multitudine
1334 4830 1563 4889 armatorum
1578 4813 1753 4919 equitum
1767 4833 1805 4890 et
1818 4811 2012 4919 peditum,
2025 4830 2063 4890 et

641 4967 711 5045 per
728 4957 859 5046 gentes
870 4959 1016 5020 nocuas
1030 4961 1231 5022 arrestatns
1244 4945 1392 5033 fuisset,
1410 4972 1453 5022 oc
1471 4943 1559 5035 sibi,
1577 4973 1644 5052 per
1665 4944 1814 5022 ea‘sdem
1831 4960 1961 5052 gentes
1977 4971 2063 5021 nos·

640 5086 717 5146 tras
737 5070 949 5178 injunctum
969 5088 1008 5150 et
1023 5092 1267 5181 preceptum,
1290 5103 1333 5154 ex
1350 5091 1455 5182 parte
1478 5091 1621 5166 nostra,
1642 5073 1775 5154 luisset
1793 5092 1837 5152 ut
1855 5075 1896 5152 in
1910 5091 2007 5152 statu
2023 5074 2063 5152 in

643 5227 720 5306 quo
734 5201 814 5306 ipse
835 5222 1004 5281 arat-una
1015 5207 1372 5284 cumcomitivasua
1385 5234 1426 5284 se
1440 5206 1619 5284 redderet
1629 5223 1779 5314 captum
1795 5207 1834 5282 in
1846 5223 1966 5284 castro
1982 5233 2063 5282 nos

642 5345 703 5408 tro
725 5333 926 5424 Lauserte,
950 5335 1163 5417 inhibendo
1182 5337 1255 5414 sibi
1285 5365 1455 5445 expresse
1480 5365 1528 5416 ue
1550 5363 1732 5444 persone,
1756 5335 1868 5414 bonis
1889 5352 1928 5412 ot
1950 5333 2064 5410 rebus

647 5455 738 5538 dieti
760 5460 943 5540 Gaillardi
963 5465 1013 5544 de
1036 5469 1216 5576 Narseyo,
1236 5467 1385 5558 militis,
1406 5493 1477 5575 per
1496 5495 1622 5548 seseu
1643 5467 1737 5545 alios
1758 5465 1901 5571 aliquid
1921 5460 2064 5539 forisfa-

730 5631 781 5676 ιιι
800 5634 882 5680 otiu.
903 5639 950 5680 ιιι.
1897 5616 1936 5678 36
