5817 7292
917 1016 990 1091 550
1446 1017 1536 1091 LES
1566 1016 1706 1094 OLIM.

689 1172 822 1223 rusum
833 1166 878 1233 Π»
916 1160 1016 1267 apud
1034 1157 1497 1252 Veterem-Molibernam3
1513 1162 1602 1269 quia
1619 1162 1736 1237 eciam
1753 1160 1949 1239 inventum
1966 1164 2146 1271 estquod
2163 1167 2342 1251 dominus

754 1262 817 1305 mo.
916 1294 963 1370 de
983 1291 1167 1383 MalliacO,
1186 1309 1270 1368 ante
1287 1292 1423 1370 dictam
1439 1294 1677 1399 capcionem,
1696 1293 1817 1369 minas
1835 1291 2014 1371 intulerat
2033 1294 2144 1373 dictis
2162 1299 2343 1407 religiosis

915 1438 953 1502 et
981 1423 1190 1530 specialiter
1210 1425 1395 1502 monacho
1417 1425 1648 1532 supradicto,
1672 1451 1743 1529 per
1766 1426 1869 1501 curie
1892 1443 2021 1504 nostre
2039 1427 2249 1534 judicium,
2272 1432 2343 1511 luit

913 1558 1036 1635 dictus
1057 1557 1235 1634 dominus
1255 1556 1553 1663 condempnatus
1574 1556 1622 1632 ad
1641 1555 1885 1647 solvendum,
1911 1558 2022 1635 dictis
2044 1558 2249 1667 religiosis,
2268 1578 2342 1641 tre-

912 1709 1037 1768 centas
1062 1688 1192 1777 libras,
1215 1715 1284 1794 pro
1315 1687 1487 1796 dampnis
1512 1705 1548 1764 et
1574 1688 1720 1794 injuriis
1750 1716 1882 1766 corum
1909 1690 2103 1796 predictis,
2132 1710 2187 1784 et,
2215 1694 2338 1787 nobis,

910 1820 1015 1898 mille
1035 1820 1150 1899 libras
1165 1822 1422 1911 Turonenses,
1437 1846 1508 1925 pro
1528 1819 1699 1896 emenda.
1719 1843 1724 1849 ·

966 1954 1094 2030 Martis
1112 1969 1198 2059 post
1215 1950 1562 2029 Annunciacionem
1579 1949 1818 2027 dominicam.

965 2086 1071 2163 Greci
1092 2083 1306 2191 reportavit.

965 2218 1022 2295 De
1037 2214 1117 2293 istis
1137 2214 1242 2293 mille
1258 2214 1362 2292 libris
1378 2214 1533 2321 quitavit
1546 2214 1726 2292 dominus
1740 2217 1817 2291 Rex
1831 2216 2085 2296 medietatem.

967 2480 1074 2557 XLV.
1106 2476 1188 2555 Lite
1204 2495 1320 2565 mota,
1343 2502 1468 2553 coram
1486 2475 1676 2583 preposito
1697 2475 1895 2553 Parisiensi
1917 2478 2016 2554 iuter
2029 2478 2270 2557 Guillelmum
2288 2482 2338 2558 de

911 2609 1116 2698 Dambuel,
1144 2608 1394 2717 armigerum,
1418 2624 1457 2684 et
1480 2606 1665 2699 Aelidim,
1687 2636 1783 2684 uxor
1802 2606 1934 2715 ipsius,
1957 2610 2124 2686 relictam
2148 2612 2339 2718 quondam

912 2741 1066 2821 Gelonis
1088 2741 1324 2829 lestandart,
1347 2740 1498 2831 militis,
1516 2768 1561 2817 ex
1583 2768 1658 2817 una
1685 2757 1807 2846 parte,
1828 2758 1865 2817 et
1886 2739 2165 2820 Guilleminum
2191 2745 2342 2821 Leston-

902 2874 995 2951 ”dart
1026 2891 1063 2950 et
1089 2872 1291 2982 Agnetem,
1317 2888 1476 2948 matrem
1510 2871 1629 2979 ipsius
1653 2869 1896 2961 Guillemini,
1929 2900 1973 2948 ex
1999 2872 2129 2964 altera,
2159 2904 2273 2983 super
2296 2902 2341 2953 eo

913 3006 1015 3115 quod
1035 3002 1183 3083 dicebat
1198 3004 1321 3081 dictus
1342 3000 1572 3083 Guillelmus
1591 3004 1639 3080 de
1653 3002 1843 3091 Danbuel,
1862 3004 2018 3082 nomine
2037 3034 2108 3084 suo
2124 3021 2162 3082 et
2181 3006 2336 3095 Aelidis,

914 3138 996 3247 ejus
1004 3136 1146 3226 uxoris,
1160 3135 1264 3242 quod
1274 3164 1358 3213 cum
1368 3198 1376 3227 ,
1388 3135 1427 3212 in
1436 3152 1595 3212 tractatu
1603 3135 1834 3211 matrimonii
1848 3136 2145 3244 interquondam
2156 3134 2338 3214 Gatonem

913 3268 1148 3358 Lestandart,
1171 3268 1342 3357 militem,
1360 3286 1397 3345 et
1416 3268 1580 3345 Aelidim
1599 3268 1807 3373 predictam
1827 3270 2018 3356 contracti,
2035 3267 2200 3375 predicta
2215 3267 2339 3374 Agnes

914 3428 952 3479 se
967 3399 1144 3506 obligavit
1156 3398 1281 3476 adhoc
1299 3397 1418 3506 quod,
1437 3399 1468 3475 si
1490 3399 1635 3477 dictum
1646 3399 1840 3490 Galonem‚
1856 3398 1978 3479 filium
1997 3416 2336 3505 suum,antequam

913 3532 1050 3608 dictam
1080 3529 1243 3609 Aelidim
1272 3531 1455 3608 decedere
1480 3532 1729 3638 contingeret,
1759 3533 1837 3638 ipsa
1856 3531 1992 3637 Agnes,
2016 3531 2198 3637 qirsmdiu
2222 3530 2338 3606 vitam

914 3663 1068 3741 duceret
1083 3664 1122 3738 in
1140 3663 1324 3753 humanis,
1339 3662 1438 3741 dicte
1451 3662 1586 3755 Aelidi,
1599 3680 1685 3770 post
1698 3682 1861 3741 mortem
1878 3661 1968 3741 dicti
1978 3661 2143 3750 Gelonis,
2161 3662 2343 3739 assideret

914 3812 1065 3871 centum
1081 3794 1234 3871 libratas
1248 3810 1364 3883 terre,
1382 3795 1420 3870 in
1436 3794 1524 3871 forti
1541 3811 1705 3885 moneta,
1723 3820 1792 3901 pro
1809 3794 1898 3872 dote
1912 3820 1989 3882 sua,
2006 3820 2076 3901 per
2090 3792 2228 3871 dictam
2242 3793 2343 3869 Aeli-

914 3928 992 4003 dim
1007 3926 1265 4033 percipiendas
1279 3944 1315 4003 et
1331 3925 1514 4016 levandas,
1528 3927 1575 4003 ad
1588 3927 1701 4005 vitam
1724 3926 1822 4003 dicte
1842 3926 2010 4034 Agnetis,
2028 3943 2142 4032 prout
2157 3946 2195 4003 et
2211 3952 2339 4001 secun·

914 4056 1006 4133 dum
1025 4058 1129 4165 quod
1154 4058 1226 4135 ista
1243 4058 1282 4133 in
1305 4056 1439 4135 litteris
1460 4084 1573 4165 super
1592 4059 1666 4134 hoc
1687 4056 1888 4147 confectis,
1911 4056 2035 4166 sigilio
2059 4055 2271 4135 castellanis
2291 4056 2339 4133 de

913 4189 1094 4266 Medunta
1109 4188 1291 4297 sigillatis,
1303 4188 1450 4297 plenius
1467 4190 1647 4266 dicuntur
1657 4188 1859 4271 contineri:
1878 4206 1931 4279 et,
1947 4216 2016 4295 pro
2028 4188 2207 4296 predictis
2222 4187 2340 4263 adim·

914 4320 1078 4427 plendis·‚
1092 4321 1252 4428 predicti
1266 4320 1388 4429 Agnes
1405 4339 1442 4397 et
1454 4321 1646 4428 quondam
1660 4320 1773 4408 Galo,
1792 4320 1874 4428 ejus
1889 4319 2007 4409 lilius,
2021 4320 2149 4398 omnia
2163 4318 2261 4397 bona
2275 4346 2341 4395 sua

914 4469 951 4529 et
969 4452 1155 4531 heredum
1171 4478 1326 4531 suorum
1347 4452 1562 4561 obligarunt
1579 4451 1702 4531 Aelidi
1718 4452 1903 4560 predicte3
1920 4477 2036 4560 quare
2051 4451 2230 4557 petebant
2249 4450 2337 4526 dicti

914 4586 1094 4693 conjuges
1106 4582 1294 4691 predictos
1310 4583 1587 4663 Guilleminum
1603 4584 1839 4673 Lestandart,
1855 4600 2034 4690 tanquam
2052 4582 2231 4660 heredem
2247 4579 2336 4655 dicti

914 4716 1084 4805 Galonis‚
1103 4735 1139 4793 et
1153 4717 1290 4793 dictam
1306 4718 1498 4824 Agnetem‚
1516 4732 1672 4793 matrem
1690 4715 1818 4821 ipsius,
1835 4708 1873 4791 in
1888 4732 2069 4823 quantum
2082 4715 2198 4821 tangit
2210 4736 2339 4818 quem

912 4847 1016 4937 libet,
1034 4848 1072 4925 in
1087 4847 1262 4957 predictis
1278 4866 1429 4925 centum
1444 4847 1587 4925 libratis
1608 4863 1707 4923 terre
1723 4864 1862 4927 etcum
1879 4843 2087 4952 arreragiis,
2105 4844 2195 4952 ipsis
2209 4841 2339 4949 couju-

912 4980 1040 5089 gibus,
1054 4980 1340 5087 condempnari,
1356 4980 1534 5085 predictis
1552 5008 1641 5057 vero
1660 4978 1892 5058 Guillemino
1910 4994 1947 5055 et
1962 4994 2079 5053 matre
2099 4978 2181 5084 ejus
2193 4991 2340 5053 contra·

911 5114 1011 5191 rium
1031 5110 1284 5190 asserentibus
1299 5127 1350 5200 et,
1374 5111 1506 5189 multis
1522 5112 1752 5201 racionibus,
1771 5111 1984 5188 dicentibus
2002 5134 2041 5185 se
2059 5134 2141 5185 non
2152 5108 2272 5185 tenen
2291 5104 2339 5181 ad

913 5245 1176 5354 assignandum
1198 5241 1383 5349 predictas
1403 5260 1557 5320 centum
1576 5242 1726 5320 libratas
1743 5258 1861 5330 terre,
1883 5269 1954 5317 nec
1972 5241 2090 5318 eciam
2108 5240 2157 5317 ad
2176 5237 2341 5315 redden·

914 5377 1006 5454 dum
1035 5374 1224 5481 arreragia
1249 5372 1431 5480 predicta,
1458 5374 1527 5449 nisi
1554 5374 1593 5450 iu
1623 5371 1740 5451 debili
1767 5390 1941 5462 moneta3
1964 5370 2103 5450 auditis
2129 5396 2242 5478 super
2266 5367 2340 5445 boc
