5817 7292
989 1102 1255 1208 uuoutrns
1282 1120 1345 1190 ur
1372 1101 1581 1193 esoces.
1920 1123 1991 1194 597

576 1279 636 1340 tus
653 1261 865 1340 monasterii
885 1261 1222 1339 Sancti-Benedicti
1240 1259 1501 1347 Floriacensis,
1519 1260 1558 1334 in
1574 1275 1700 1334 nostra
1713 1259 1862 1363 speciali
1882 1261 1996 1367 garda
2033 1274 2162 1327 animia
2174 1274 2218 1336 tv,

578 1391 973 1487 existenciumnobis,
991 1391 1537 1498 conquerendo,monstratum
1550 1388 1796 1494 fuissetquod
1805 1387 1997 1494 Philippo-
2095 1367 2158 1409 Μ’

565 1492 639 1599 ίῐιιε
654 1540 692 1599 et
705 1522 867 1600 Guiotus
887 1522 934 1598 de
948 1524 1206 1631 Mangecourt‚
1227 1521 1357 1598 fratres
1371 1519 1440 1596 lilii
1461 1516 1656 1598 Guillelmi
1674 1517 1722 1595 de
1737 1518 1996 1625 Maugecourt‚

579 1654 727 1742 militis,
748 1653 876 1759 plures
896 1653 1052 1760 injurias
1071 1680 1112 1728 ac
1130 1651 1328 1729 violencias
1348 1652 1387 1727 in
1402 1646 1572 1756 personis
1589 1665 1628 1726 et
1647 1648 1763 1725 rebus
1782 1650 1999 1726 monasterii

580 1784 783 1891 supradicti
795 1784 1008 1861 intulerunt
1023 1782 1178 1870 eisdem,
1190 1799 1390 1889 postquam
1400 1780 1504 1857 idem
1515 1780 1637 1870 miles,
1653 1778 1859 1885 injudicio,
1877 1806 2000 1855 coram

581 1914 770 2021 preposito
788 1930 917 1991 nostro
936 1914 983 1990 de
1003 1913 1257 1989 Castro-Novo
1278 1940 1391 2017 super
1413 1910 1595 2018 ligerim,
1612 1911 1695 2014 ipso
1719 1908 1840 1985 milite
1866 1927 1903 1986 et
1923 1910 2004 2016 ejus

582 2042 669 2121 liliis
682 2042 891 2149 specialiter
906 2070 1030 2119 coram
1042 2041 1125 2146 ipso
1138 2040 1329 2146 preposito
1345 2038 1559 2147 adjornatis,
1574 2040 1622 2115 ad
1637 2038 1856 2115 instanciam
1872 2067 2005 2146 procu·

521 2168 524 2177 ’
582 2171 716 2247 ratoris
730 2170 819 2249 dicti
833 2168 1062 2257 monasterii,
1075 2169 1123 2245 ad
1138 2170 1381 2274 prestandum
1397 2186 1737 2247 assecuramentum
1753 2170 1801 2244 de
1820 2196 1860 2246 se
1880 2185 1918 2245 et
1929 2169 2006 2246 suis

583 2301 691 2377 dictis
716 2299 899 2407 religiosis
918 2315 955 2375 et
972 2299 1143 2406 personis
1161 2327 1202 2375 ac
1222 2299 1334 2376 bonis
1359 2300 1545 2405 ipsorum,
1563 2300 1796 2404 promisisset
1818 2328 2003 2407 expresse,

584 2446 622 2507 et
640 2459 751 2535 supra
771 2459 809 2507 se
831 2428 1038 2536 specialiter
1058 2428 1217 2535 cepisset
1234 2431 1339 2535 quod
1358 2457 1428 2506 nec
1448 2431 1571 2507 dictus
1585 2431 1695 2506 miles
1713 2458 1783 2506 nec
1800 2430 1918 2536 ipsius
1937 2430 2007 2507 lilii

586 2560 693 2637 dictis
713 2558 898 2667 religiosis
918 2588 985 2636 seu
1005 2558 1175 2663 personis
1194 2575 1259 2633 aut
1272 2558 1384 2636 bonis
1404 2558 1573 2662 ipsorum
1591 2558 1863 2647 forisfacerent,
1879 2580 1918 2638 et
1936 2564 2009 2639 hoc

586 2691 722 2779 eciam,
738 2718 783 2766 ex
797 2706 900 2795 parte
914 2704 1061 2776 nostra,
1078 2715 1145 2794 per
1160 2687 1300 2764 dictum
1319 2687 1555 2795 prepositum
1571 2688 1703 2764 fuisset
1718 2687 1923 2766 inhibitum
1940 2691 2011 2767 eis-

588 2820 676 2897 dem
696 2819 905 2927 specialiter
919 2836 958 2896 et
977 2846 1160 2923 expresse,
1173 2817 1243 2895 sub
1257 2846 1352 2925 pena
1371 2817 1540 2923 corporis
1555 2836 1592 2895 et
1609 2820 1723 2907 averi;
1742 2837 1781 2895 et
1793 2837 2007 2927 postquam,

587 2950 677 3057 ipsis
688 2949 906 3036 scientibus,
917 2948 1038 3025 dictus
1052 2948 1266 3053 prepositus
1279 2966 1405 3027 noster
1415 2949 1603 3056 predictos
1612 2948 1825 3057 religiosos,
1839 2979 1913 3027 una
1924 2980 2011 3028 cum

590 3108 720 3158 eorum
741 3079 855 3157 rebus
870 3096 908 3157 et
926 3078 1111 3185 personis,
1132 3079 1260 3185 posuit
1277 3080 1317 3157 in
1335 3079 1484 3188 speciali
1500 3080 1613 3187 garda
1633 3097 1774 3170 nostra,
1790 3083 1901 3159 certis
1916 3110 2013 3159 com-

588 3210 765 3289 missariis
783 3210 1042 3287 mandavimus
1053 3226 1098 3286 ut
1111 3210 1202 3315 ipsi,
1219 3210 1357 3290 vocatis
1375 3211 1561 3316 partibus,
1580 3239 1693 3317 super
1703 3212 1883 3318 predictis
1895 3214 2015 3319 inqui-

589 3358 716 3421 rerent
733 3370 819 3419 cum
837 3340 1036 3447 diligencia
1055 3340 1262 3432 veritatem,
1278 3340 1347 3445 ipsi
1362 3358 1487 3418 autem
1505 3341 1716 3446 inquestam
1732 3370 1845 3449 super
1861 3343 1936 3419 hoc
1947 3372 2015 3450 per

592 3498 656 3550 eos
665 3469 798 3549 factam
808 3471 856 3547 ad
869 3487 1036 3549 nostram
1047 3470 1189 3547 curiam
1201 3470 1710 3564 remiserunt31aitdem,visa
1719 3472 1818 3549 dicta
1829 3471 2014 3580 inquesta,

590 3616 668 3679 tam
693 3618 846 3707 propter
872 3619 1035 3679 mortem
1061 3601 1150 3679 dicti
1171 3600 1320 3691 militis,
1343 3603 1417 3680 hoc
1432 3602 1625 3709 pendente
1648 3604 1823 3709 negocio,
1845 3604 1942 3681 sicut
1960 3633 2019 3680 ac·

594 3731 779 3836 cepimus,
795 3728 979 3819 defuncti,
996 3758 1108 3835 quam
1123 3746 1275 3836 propter
1286 3730 1380 3807 alios
1392 3731 1510 3835 ipsius
1522 3733 1694 3837 inqueste
1709 3730 1893 3819 delectus,
1908 3734 2019 3809 certis
2097 3833 2101 3837 g

596 3858 677 3934 aliis
693 3857 956 3935 commissan‘is
969 3857 1227 3935 mandavimus
1240 3876 1284 3936 ut
1299 3858 1469 3937 delectus
1484 3858 1582 3936 dicte
1596 3858 1769 3965 inqueste
1779 3860 2016 3964 supplerent,

598 4005 636 4065 ct
654 4014 768 4092 super
782 3987 972 4094 premissis
988 3988 1165 4065 omnibus
1182 4006 1219 4066 et
1233 3986 1392 4095 singulis
1407 4016 1449 4067 ac
1471 4017 1584 4097 super
1600 3988 1779 4068 omnibus
1794 3990 2021 4067 circunstan-

598 4117 664 4193 ciis
682 4116 952 4221 premissorum
972 4146 1040 4195 seu
1057 4116 1362 4223 dependentibus
1382 4118 1429 4195 ab
1450 4119 1593 4197 eisdem
1612 4120 1862 4226 inquirerent,
1884 4123 2021 4199 vocatis

599 4246 812 4337 evocandis,
823 4276 910 4325 cum
922 4247 1120 4357 diligencia
1132 4250 1326 4327 veritatem
1338 4281 1348 4341 ς
1360 4251 1442 4357 qui,
1455 4233 1588 4328 factam
1598 4248 1667 4357 per
1680 4278 1746 4329 eos
1757 4252 1951 4358 superbiis
1965 4254 2022 4330 in·

600 4393 789 4484 questam,
809 4377 858 4454 ad
877 4395 1040 4455 nostram
1063 4379 1203 4456 curiam
1220 4380 1472 4458 remiserunt:
1492 4382 1577 4475 Qua
1591 4382 1668 4458 visa
1683 4396 1721 4457 et
1735 4381 1936 4489 diligenter
1947 4382 2022 4458 ins-

599 4524 722 4614 pecta,
741 4536 829 4585 cum
851 4534 1019 4613 peream
1038 4508 1085 4586 sit
1109 4528 1303 4614 repertum
1329 4511 1434 4618 quod
1450 4510 1572 4589 dictus
1591 4512 1829 4618 Philippotus
1849 4513 1897 4589 de
1916 4514 2022 4590 Mau·

602 4654 759 4745 gecourt
773 4638 813 4713 in
824 4636 937 4714 armis
952 4655 990 4715 et
1002 4638 1120 4745 equis,
1138 4670 1309 4719 unacum
1325 4641 1551 4749 quibusdam
1570 4643 1643 4720 sibi
1657 4644 1856 4735 associatis,
1871 4641 2023 4724 frasam

603 4768 813 4846 Johannem
824 4768 952 4857 leudi,
967 4772 1195 4849 monachum
1211 4774 1426 4853 monasterii
1443 4772 1657 4878 supradicti,
1674 4773 1880 4852 verberavit
1894 4778 2024 4854 crude·

602 4896 700 4989 liter,
718 4915 756 4976 et
776 4900 823 4977 de
840 4926 940 5005 equo
959 4928 1028 4979 suo
1048 4901 1096 4979 ad
1115 4920 1254 4979 terram
1266 4904 1398 4983 cadere
1411 4902 1500 4981 lecit
1514 4922 1552 4981 et
1572 4904 1714 4982 dictum
1735 4934 1848 5013 equm
1868 4906 1941 4984 sibi
1961 4905 2024 4983 ab·

602 5027 708 5109 ttulit
730 5045 769 5106 et
787 5056 916 5107 secum
936 5029 1057 5124 duxit3
1079 5032 1171 5108 item
1186 5032 1290 5139 quod
1309 5034 1432 5111 dictus
1446 5033 1625 5124 Guiotus,
1643 5033 1758 5112 frater
1776 5034 1867 5113 dicti
1884 5036 2024 5143 Philip-

602 5158 701 5264 poti,
719 5185 873 5236 nemora
893 5158 1081 5240 dictorum
1100 5160 1363 5268 religiosorum
1382 5162 1524 5269 pluries
1544 5180 1687 5242 etcum
1700 5166 1814 5243 armis
1833 5163 2025 5271 usquead

602 5285 766 5365 valorem
787 5289 1058 5401 quinquaginta
1077 5290 1275 5383 librarum,
1291 5293 1332 5371 in
1350 5293 1602 5402 prejudicium
1623 5294 1812 5375 dictorum
1831 5292 2022 5399 religioso-

605 5433 738 5493 tumet
752 5434 880 5495 contra
896 5438 1041 5501 nostras
1055 5421 1356 5528 prohibicionem
1375 5440 1412 5502 et
1425 5423 1578 5533 gardam
1600 5424 1845 5531 supradictas,
1861 5418 2024 5526 dampni-
