5817 7292
878 1084 950 1161 tot
1448 1083 1539 1155 LES
1569 1081 1709 1155 OLIM.

651 1241 836 1304 sarnunto
876 1225 1140 1332 condempnati
1160 1251 1296 1332 nepos,
1318 1251 1385 1301 suo
1404 1239 1443 1300 et
1461 1223 1617 1315 Robini,
1634 1223 1756 1302 fratris
1775 1223 1850 1313 sni,
1870 1222 2045 1312 nominc,
2066 1220 2116 1298 ad
2133 1240 2297 1316 nostram

711 1317 774 1359 Μ’
817 1325 819 1332 ¹
876 1357 1016 1434 curiam
1030 1356 1286 1464 appellarunt,
1300 1383 1374 1461 qua
1385 1354 1641 1461 appellacione
1654 1382 1733 1431 non
1747 1354 1935 1445 obstante,
1953 1352 2077 1430 dictus
2088 1354 2300 1459 prepositus

870 1487 1082 1594 judicatum
1094 1515 1205 1562 suum
1216 1485 1430 1561 execucioni
1447 1485 1651 1571 mandavit,
1668 1501 1707 1560 et
1723 1483 1892 1591 patibulo
1903 1483 2101 1591 suspendit
2113 1484 2298 1573 eundem,

876 1647 953 1724 quo
964 1618 1059 1694 lacto
1070 1616 1228 1721 predicti
1239 1615 1428 1692 lohannes
1439 1632 1478 1691 et
1487 1615 1656 1692 Robinus
1667 1614 1817 1702 Milant‚
1833 1614 2106 1722 dictisuspensi
2116 1630 2297 1721 nepotes,

875 1748 1171 1855 appellacionem
1189 1745 1409 1852 hujusmodi
1427 1762 1714 1852 prosequentes,
1735 1747 1927 1852 petierunt
1942 1762 2157 1853 attemptata
2174 1747 2299 1853 hujus·

875 1879 995 1965 modi,
1018 1895 1131 1983 prout
1151 1893 1229 1952 erat
1252 1874 1446 1981 possibile,
1469 1875 1648 1963 revocari,
1670 1892 1708 1952 et
1726 1875 1865 1952 lactum
1884 1875 2103 1984 hujusmodi
2123 1894 2201 1954 tam
2226 1877 2297 1954 sibi

874 2037 988 2113 quam
1009 2008 1118 2084 nobis
1140 2021 1395 2112 competenter
1416 2005 1626 2094 emendari3
1652 2005 1787 2084 auditis
1809 2005 2002 2084 hincinde
2020 2008 2197 2112 predictis
2216 2037 2299 2114 par-

873 2142 974 2218 tibus
1000 2159 1038 2218 et
1056 2141 1163 2248 plura
1186 2139 1277 2216 lacta
1301 2136 1485 2215 contraria
1503 2138 1819 2244 proponentibus,
1842 2167 1954 2244 super
1978 2139 2031 2214 eis
2050 2138 2187 2244 inquiri
2208 2139 2296 2216 seci-

875 2302 959 2350 mus
972 2273 1163 2349 veritatem
1176 2304 1184 2346 ε
1198 2272 1284 2351 Visa
1298 2270 1412 2376 igitur
1426 2269 1615 2374 inquesta‚
1633 2297 1746 2375 super
1759 2271 1834 2347 hoc
1845 2270 1938 2348 lacta
1952 2288 1989 2347 et
2006 2270 2202 2379 diligenter
2215 2300 2297 2348 exa-

875 2405 1032 2489 minata,
1055 2431 1140 2478 cum
1165 2403 1212 2477 de
1232 2400 1329 2476 dicta
1346 2397 1604 2506 appellacione
1626 2417 1664 2476 et
1683 2403 1911 2508 attemptatis
1929 2401 2107 2510 predictis
2126 2430 2194 2509 per
2213 2429 2297 2478 eam

875 2533 1082 2610 constiterit
1099 2533 1198 2609 etde
1214 2531 1310 2608 lacto
1327 2531 1524 2638 principali
1540 2530 1629 2608 dicti
1643 2532 1847 2622 latrocinii,
1863 2533 1963 2610 dicto
1979 2560 2159 2639 suspenso
2174 2536 2296 2639 impo-

873 2667 948 2752 siti,
973 2663 1090 2740 nichil
1113 2665 1306 2741 inventum
1328 2661 1443 2739 luerit
1465 2661 1695 2741 sufficienter
1715 2664 1931 2769 probatum,
1954 2691 2022 2769 per
2044 2666 2145 2742 curie
2169 2682 2294 2744 nostre
2416 2704 2418 2709 ·

868 2797 1058 2902 judicium
1080 2795 1223 2870 dictum
1240 2794 1312 2870 luit
1323 2795 1429 2900 quod
1446 2795 1600 2871 cadaver
1609 2792 1669 2870 vel
1681 2823 1763 2872 ossa
1780 2796 1868 2872 dicti
1888 2796 2058 2900 suspensi
2074 2797 2156 2903 ejus
2169 2795 2297 2874 amicis

874 2926 1094 3017 reddentur,
1119 2942 1163 3002 ut
1185 2926 1429 3004 ecclesiastice
1450 2927 1641 3033 sepulture
1663 2927 1871 3014 tradantur,
1894 2944 1932 3002 et
1949 2927 2053 3033 quod
2072 2928 2199 3004 omnia
2217 2927 2297 3034 ejus

872 3056 970 3133 bona
988 3056 1142 3134 mobilia
1161 3073 1199 3132 et
1214 3057 1429 3147 inmobilia,
1446 3087 1516 3165 per
1531 3075 1661 3166 gentes
1675 3075 1821 3136 nostras
1832 3087 1899 3136 seu
1914 3086 2174 3164 quoscumque
2186 3058 2294 3147 alios,

872 3189 1021 3265 racione
1035 3188 1289 3294 suspensionis
1304 3188 1541 3296 hujusmodi,
1557 3207 1750 3294 occupata,
1768 3191 1848 3297 ejus
1859 3189 2063 3266 heredibus
2072 3209 2119 3266 'ex
2130 3189 2292 3294 integro,

873 3347 940 3423 per
950 3320 1109 3395 modum
1124 3321 1347 3423 attemptati,
1371 3320 1591 3411 reddentur,
1610 3337 1648 3396 et
1662 3319 1768 3426 quod
1782 3320 1904 3396 dictus
1923 3321 2134 3424 prepositus
2147 3320 2295 3424 predic-

873 3449 920 3523 tis
933 3450 1135 3554 nepotibus
1147 3467 1296 3525 centum
1313 3450 1426 3526 libras
1437 3454 1696 3539 Turonenses‚
1712 3479 1779 3556 pro
1793 3451 1966 3554 dampnis
1978 3478 2128 3541 eorum,
2143 3452 2293 3528 racione

872 3579 1149 3683 prosecucionis
1170 3579 1406 3686 hujusmodi,
1430 3599 1468 3658 et
1487 3582 1597 3658 nobis
1618 3600 1767 3658 centum
1788 3580 1919 3668 libras,
1940 3611 2008 3686 pro
2029 3582 2191 3658 emenda
2210 3611 2295 3659 nos-

870 3726 944 3802 tra,
970 3709 1112 3786 solvere
1141 3711 1404 3816 compelletur,
1430 3729 1469 3788 et
1488 3714 1518 3788 si
1540 3741 1617 3789 non
1639 3713 1687 3788 sit
1712 3709 1908 3798 solvendo,
1931 3710 2020 3788 alias
2046 3710 2203 3789 civiliter
2225 3744 2295 3818 pu-

872 3843 1007 3930 nietur,
1034 3860 1147 3946 prout
1172 3843 1273 3918 curie
1299 3861 1424 3920 nostre
1447 3844 1638 3921 videbitur
1657 3842 2067 3922 faciendumuOmnem
2088 3861 2215 3920 autem
2238 3844 2297 3920 in-

872 3971 1040 4059 famiam,
1061 3944 1298 4080 quecumque
1319 3974 1537 4081 nepotibus,
1555 3974 1747 4065 lratribus,
1768 3973 1977 4052 heredibus
1991 3970 2050 4050 vel
2065 3974 2193 4052 amicis
2209 3974 2297 4050 dicti

871 4102 1041 4207 suspensi
1067 4103 1314 4209 imposterum
1339 4124 1467 4211 posset
1491 4106 1588 4183 obici
1611 4105 1667 4182 vel
1689 4106 1846 4213 opponi,
1874 4104 2023 4182 racione
2045 4107 2297 4209 suspensionis

872 4233 1053 4337 predicte,
1075 4235 1174 4310 curia
1196 4253 1322 4314 nostra
1339 4237 1507 4314 totaliter
1529 4236 1679 4314 amovit.

927 4363 1026 4439 Jovis
1049 4383 1134 4470 post
1152 4365 1411 4444 Candelosam.

928 4625 1067 4704 XCVII.
1099 4628 1215 4717 Cum,
1239 4630 1277 4704 in
1300 4631 1401 4708 curia
1420 4629 1578 4708 seculari
1602 4631 1871 4738 archiepiscopi
1891 4633 2172 4742 Lugdunensis,
2195 4651 2294 4710 mota

871 4753 1001 4831 suisset
1025 4758 1171 4862 questio
1200 4788 1313 4866 super
1336 4761 1511 4866 pluribus
1538 4762 1649 4838 bonis
1680 4763 1940 4854 inmobilibus,
1972 4765 2072 4842 inter
2097 4766 2294 4869 Hugonem

871 4885 1002 4976 Bruni,
1020 4889 1242 4964 canonicum
1261 4891 1499 4970 Sancti-lusti
1521 4893 1802 5000 Lugdunensis,
1823 4923 1868 4970 ex
1881 4921 1956 4969 una
1972 4913 2094 5000 parte,
2113 4912 2149 4970 et
2164 4896 2297 4972 Berau-

873 5015 963 5091 dum
992 5017 1039 5092 de
1058 5019 1247 5097 Voissiaco
1272 5039 1310 5097 et
1332 5024 1412 5130 ejus
1432 5023 1580 5111 fratres,
1606 5051 1649 5099 ex
1669 5023 1804 5110 altera,
1828 5053 1941 5129 super
1960 5025 2094 5101 saisina
2113 5052 2296 5131 quornm-

874 5147 959 5222 dam
981 5147 1028 5224 de
1050 5149 1159 5225 dictis
1179 5148 1304 5242 bonis,
1321 5152 1439 5258 judex
1456 5155 1738 5232 Matisconensis
1756 5172 1882 5242 antea,
1899 5183 1968 5258 pro
1985 5155 2086 5232 dicto
2105 5157 2293 5244 Beraudo,

872 5306 983 5353 suum
1007 5278 1145 5356 tulerat
1164 5281 1392 5386 judicatum,
1416 5313 1436 5360 a
1461 5313 1538 5391 quo
1563 5313 1640 5363 non
1666 5285 1786 5363 luerat
1809 5284 2058 5390 appellatum
2080 5303 2118 5362 et
2137 5286 2293 5375 deinde,

761 5466 766 5474 ,
872 5427 957 5514 post
980 5409 1127 5488 obitum
1153 5412 1423 5520 archiepiscopi
1447 5417 1722 5522 Lugdunensis,
1748 5416 1837 5493 sede
1859 5416 2103 5523 Lugdunensi
2123 5433 2292 5507 vacante,
