5817 7292
902 1069 976 1141 660
1483 1063 1572 1134 LES
1602 1060 1741 1136 OLlM.

678 1218 807 1271 rernm
819 1218 863 1281 lv·
901 1209 1101 1285 ductorum
1116 1203 1320 1292 hincinde,
1338 1202 1460 1279 dictus
1469 1202 1695 1307 prepositus,
1707 1212 1899 1301 comperto
1913 1198 2224 1302 compromissum
2234 1227 2320 1305 000-

740 1310 802 1351 1³11.

901 1339 1044 1416 dictum
1063 1333 1200 1417 tactum
1221 1331 1334 1413 fuisse
1355 1333 1402 1408 de
1419 1331 1592 1409 omnibus
1607 1329 1720 1407 rebus
1738 1326 1932 1433 predictis,
1947 1354 2045 1431 pena
2059 1346 2098 1404 et
2107 1329 2318 1436 juramento

898 1467 1089 1553 vallatum,
1112 1464 1366 1570 pronunciavit
1386 1463 1502 1540 dictas
1520 1461 1645 1537 vineas
1664 1475 1702 1536 01
1721 1484 1872 1535 censum
1889 1456 1988 1533 inter
1999 1474 2124 1562 partes
2136 1460 2321 1564 predictas

900 1598 1037 1675 debere
1048 1595 1189 1683 dividi,
1213 1610 1251 1669 et
1273 1611 1416 1698 partem
1441 1590 1637 1669 dimidiam
1657 1617 1784 1666 earum
1805 1587 1961 1666 cuilibet
1982 1589 2177 1696 assignari;
2199 1618 2221 1666 a
2244 1619 2320 1697 quo

895 1726 1078 1833 judicato,
1099 1741 1289 1829 tamquam
1308 1721 1400 1801 falso
1419 1740 1459 1799 et
1476 1750 1605 1828 pravo,
1627 1720 1750 1797 dictus
1768 1719 1944 1827 magister
1960 1718 2150 1797 lohannes
2168 1719 2218 1796 ad
2234 1748 2320 1799 nos·

897 1875 992 1933 tram
1013 1855 1154 1932 curiam
1171 1853 1384 1959 appellavit:
1404 1852 1494 1931 Viso
1514 1851 1629 1958 igitur
1647 1879 1690 1926 ac
1708 1850 1908 1957 diligenter
1926 1848 2091 1954 inspecto
2107 1848 2205 1927 dicte
2219 1851 2319 1956 prin-

900 1986 1027 2092 cipalis
1051 2012 1158 2061 cause
1182 2011 1373 2090 processu,
1400 2010 1468 2087 000
1486 1982 1589 2059 curie
1612 1998 1739 2059 nostre
1753 1980 1957 2087 judicium,
1983 1978 2056 2057 suit
2072 1979 2215 2057 dictum
2233 2009 2319 2087 pro-

898 2118 1063 2222 positum
1081 2114 1293 2222 predictum
1318 2113 1413 2190 bene
1435 2112 1624 2220 judicasse
1647 2128 1685 2187 01
1710 2110 1852 2187 dictum
1872 2109 2090 2216 magistrum
2107 2110 2314 2189 lohannem

899 2247 996 2326 male
1016 2244 1239 2353 appellasse,
1263 2260 1300 2321 et
1317 2242 1423 2350 quod
1442 2243 1522 2348 ipse
1542 2242 1615 2319 hoc
1634 2241 1859 2319 emendabit.

955 2376 1110 2457 Veneris
1130 2392 1213 2452 ante
1233 2374 1486 2451 Pentecosten.

955 2508 1005 2586 M.
1026 2506 1071 2587 G.
1094 2505 1142 2581 de
1161 2506 1256 2582 Usco
1274 2503 1485 2609 reportavit.

955 2767 1110 2847 XXVIII.
1140 2766 1223 2844 Lite
1243 2781 1361 2856 mota,
1379 2792 1505 2843 coram
1517 2763 1709 2872 preposito
1729 2764 1946 2853 Parisiensi,
1964 2765 2065 2855 inter
2085 2764 2201 2843 Canto
2221 2766 2318 2843 Ron-

900 2897 1033 2987 santin,
1061 2925 1103 2976 ex
1131 2913 1235 3002 parte
1270 2924 1365 2985 una,
1399 2913 1438 2973 et
1468 2893 1720 2975 Guillelmum
1753 2894 1951 2984 Gasconis,
1981 2896 2249 2983 vestararium,
2274 2922 2317 2972 ex

900 3028 1030 3117 altera,
1049 3056 1162 3135 super
1182 3054 1228 3104 00
1248 3025 1354 3133 quod
1372 3024 1521 3103 dicebat
1536 3026 1659 3104 dictus
1674 3026 1827 3113 Cantas,
1849 3042 1978 3103 contra
1997 3025 2141 3103 dictum
2160 3024 2320 3105 Guillel-

900 3188 1022 3249 mum,
1040 3156 1144 3265 quod
1157 3156 1281 3235 dictus
1296 3155 1537 3246 Guillelmus,
1553 3156 1594 3233 in
1611 3157 1758 3236 civitate
1771 3155 1986 3246 parisiensi,
2001 3157 2049 3235 ab
2067 3158 2149 3264 ipso
2165 3182 2317 3261 recepe-

899 3306 956 3367 rat
971 3304 1009 3365 et
1028 3288 1210 3367 habuerat
1224 3287 1411 3393 sexaginta
1427 3303 1591 3392 quatuor
1600 3285 1795 3365 trossellos
1805 3270 2017 3393 pannorum
2029 3286 2165 3364 valoris
2182 3285 2313 3389 decem

899 3417 1064 3495 millium
1086 3415 1286 3506 librarum,
1309 3413 1520 3505 ducendos,
1536 3444 1605 3523 per
1619 3416 1764 3495 dictum
1784 3416 2029 3495 Guillelmum
2046 3444 2134 3493 cum
2148 3412 2315 3492 animali·

899 3548 973 3625 bus
990 3546 1069 3625 suis
1090 3544 1267 3652 propriis,
1291 3545 1370 3622 suis
1384 3546 1601 3653 sumptibus
1620 3565 1657 3625 et
1678 3546 1867 3653 expensis,
1887 3547 1934 3624 de
1946 3545 2108 3624 Parisius
2127 3543 2175 3621 ad
2189 3544 2316 3622 civita·

898 3697 974 3755 tem
990 3675 1382 3782 Saone-supra·Mare,
1401 3676 1576 3791 videlicet
1590 3676 1765 3784 quolibet
1783 3676 1956 3755 trossello
1973 3703 2042 3783 pro
2057 3675 2189 3754 desem
2208 3674 2318 3753 libris

898 3806 1199 3894 Turonensibus,
1212 3834 1304 3912 quas
1321 3806 1505 3885 habuerat
1514 3823 1553 3884 et
1570 3824 1761 3914 receperat
1773 3807 1896 3885 dictus
1909 3806 2140 3886 Guillelmus
2156 3805 2314 3913 abipso,

898 3956 941 4016 ut
963 3937 1129 4028 dicebat,
1157 3935 1306 4014 dicebat
1328 3937 1445 4014 eciam
1465 3937 1570 4042 quod
1589 3937 1817 4015 sufficienter
1836 3954 2063 4015 conventum
2081 3935 2201 4013 suerat
2219 3936 2317 4013 inter

899 4096 980 4157 eos,
997 4068 1036 4144 in
1051 4065 1153 4143 dicto
1166 4083 1372 4155 contractu,
1390 4067 1494 4174 quod
1510 4067 1632 4145 dictus
1646 4067 1894 4157 Guillelmus,
1905 4068 2096 4145 mediante
2114 4065 2215 4146 dicto
2233 4093 2318 4172 pre-

898 4197 971 4289 010,
993 4197 1115 4275 dictos
1133 4195 1308 4275 trosellos
1328 4224 1436 4275 sanos
1461 4214 1500 4275 et
1518 4197 1684 4305 integros
1709 4197 1866 4276 duceret
1888 4215 1987 4275 00010
2007 4199 2065 4274 via
2090 4196 2137 4274 de
2157 4195 2317 4273 Parisius

897 4327 997 4433 apud
1010 4327 1255 4405 Matisconem
1268 4343 1306 4403 et
1320 4326 1369 4404 de
1384 4327 1589 4407 Matiscone
1604 4355 1673 4434 per
1683 4345 1821 4406 terram
1834 4328 2023 4407 sabaudie
2042 4328 2184 4407 directe
2195 4354 2316 4433 nsque

895 4457 943 4534 ad
963 4455 1572 4565 Montem-Colli-de-Argentaria,
1594 4475 1633 4535 01
1649 4486 1718 4564 per
1732 4475 1873 4537 terram
1884 4458 1984 4568 regis
1997 4458 2151 4537 Roberti
2167 4457 2313 4547 Sicilie,

896 4605 998 4666 recto
1016 4588 1143 4697 jurato
1161 4586 1315 4677 itinere,
1338 4614 1459 4694 usque
1486 4587 1535 4665 ad
1554 4588 1739 4666 civitatem
1758 4589 1897 4680 Saone,
1921 4616 1999 4668 non
2025 4586 2248 4667 declinando
2266 4587 2314 4665 ad

894 4716 1005 4795 aliam
1013 4718 1110 4793 viam
1124 4744 1191 4795 seu
1204 4716 1287 4808 iter,
1304 4746 1371 4824 per
1382 4746 1486 4795 mare
1497 4718 1556 4796 vel
1567 4747 1635 4826 per
1643 4736 1800 4810 terram,
1813 4736 1851 4796 et
1859 4721 1933 4798 hoc
1943 4719 2036 4798 infra
2045 4719 2195 4828 triginta
2204 4718 2312 4825 quin·

893 4876 968 4954 que
984 4846 1079 4937 dies,
1098 4864 1135 4925 et
1149 4847 1255 4955 quod
1270 4848 1515 4956 adpremissa
1528 4851 1693 4929 tenenda
1707 4849 1829 4927 dictus
1846 4850 2076 4930 Guillelmus
2088 4848 2313 4929 sufficienter

894 4977 1018 5055 eidem
1030 4979 1147 5056 Caute
1157 5006 1198 5057 se
1211 4976 1448 5085 obligaverat,
1466 4997 1504 5058 et
1517 4980 1565 5058 ad
1579 4981 1820 5061 reddendum
1838 4980 1963 5059 eidem
1977 4981 2138 5087 duplum
2151 4978 2315 5057 valorem

894 5108 1080 5187 dictorum
1099 5108 1358 5187 trossellorum
1377 5110 1530 5188 nomine
1551 5140 1665 5217 pene,
1687 5140 1773 5189 curn
1795 5112 1973 5190 omnibus
1992 5109 2204 5217 sumptibus
2218 5134 2315 5214 quos

892 5237 1048 5319 haberet
1065 5239 1122 5318 vel
1137 5242 1343 5319 incurreret
1366 5240 1490 5319 dictus
1509 5241 1626 5320 Canta
1643 5260 1799 5350 propter
1813 5242 2002 5321 defectum
2020 5236 2314 5348 premissorum,

892 5369 950 5447 vel
977 5371 1009 5447 si
1030 5371 1266 5477 contingeret
1293 5370 1438 5447 dictum
1465 5371 1716 5450 Guillelmum
1741 5389 1869 5451 contra
1897 5372 2077 5478 premissa
2107 5368 2226 5449 facere
2253 5366 2313 5444 vel
