5817 7292
987 1024 1253 1136 avoutrns
1279 1043 1343 1118 nr
1369 1024 1575 1120 raucas.
1920 1044 1993 1117 aaa

577 1188 779 1267 commodo
798 1185 888 1265 dicti
901 1186 1088 1279 delectus,
1104 1186 1264 1265 debebat
1277 1186 1348 1267 sibi
1368 1185 1573 1296 adjudicari
1593 1183 1727 1262 saisina
1740 1183 1895 1265 latronis
1908 1214 1996 1292 pie·
2033 1187 2164 1322 Pfflffin
2177 1186 2220 1249 W·

577 1319 685 1410 dicti;
708 1318 817 1399 dictis
836 1317 976 1425 majore
1002 1335 1040 1395 et
1053 1317 1187 1426 juratis
1207 1317 1418 1397 dicentibus
1442 1318 1548 1425 quod
1565 1314 1702 1423 injuste
1718 1315 1831 1421 positi
1850 1314 1998 1395 merant
2139 1308 2146 1321 ’

577 1451 616 1528 in
638 1451 807 1541 defectu,
827 1480 898 1557 pro
918 1480 964 1529 eo
982 1449 1157 1529 videlicet
1176 1450 1282 1558 quia,
1305 1452 1383 1557 ipsa
1401 1449 1464 1527 die
1483 1478 1556 1556 qua
1575 1447 1689 1555 positi
1703 1446 1852 1525 lucrant
1870 1447 1910 1523 in
1930 1449 1997 1527 de·

577 1580 694 1672 lectu,
717 1611 843 1661 coram
857 1582 960 1661 dicto
971 1582 1162 1690 preposito
1183 1598 1485 1687 comparuerant,
1506 1582 1598 1658 bora
1618 1578 1755 1671 debita,
1772 1596 1811 1655 et
1830 1595 1914 1657 ante
1929 1578 1998 1656 bo·

577 1740 656 1789 ram
676 1729 714 1790 et
732 1730 818 1819 post
836 1712 986 1801 horam,
1000 1727 1038 1790 et
1056 1712 1176 1819 quod,
1190 1710 1312 1818 posito
1327 1712 1432 1818 quod
1446 1711 1548 1818 juste
1568 1710 1679 1817 positi
1698 1708 1855 1787 luissent
1873 1709 1913 1786 in
1933 1708 1999 1786 de·

576 1840 693 1932 lectu,
708 1827 929 1921 nontamen
938 1859 1083 1920 tantum
1103 1841 1347 1920 commodum
1362 1841 1409 1919 de
1423 1841 1526 1919 dicto
1537 1840 1687 1921 delectu
1701 1838 1863 1917 debebat
1877 1840 1998 1917 dictus

577 1972 773 2079 episcopus
791 1990 997 2078 reportare,
1012 1971 1188 2079 pluribus
1205 1970 1420 2049 racionibus
1437 2001 1530 2077 quas
1550 1971 1620 2075 ipsi
1638 1997 1752 2075 super
1770 1970 1843 2048 hoc
1862 1997 1999 2077 propo-

575 2100 733 2189 nebant;
755 2100 894 2206 quibus
913 2129 990 2178 non
1011 2099 1266 2187 obstantibus,
1290 2099 1413 2177 dictus
1431 2100 1662 2205 prepositus,
1684 2127 1881 2204 persuum
1898 2100 1999 2205 judi-

576 2230 692 2319 cium,
710 2231 969 2336 pronunciavit
989 2230 1108 2307 dictos
1128 2230 1310 2336 majorem
1331 2247 1369 2307 et
1382 2229 1530 2336 juratos
1545 2230 1645 2338 juste
1664 2229 1778 2307 finisse
1796 2231 1939 2336 positos
1957 2234 1997 2309 in

576 2358 740 2450 defectu,
762 2378 800 2437 et
819 2360 940 2466 quod,
960 2361 1096 2439 virtute
1117 2359 1205 2437 dicti
1228 2357 1413 2448 delectus,
1436 2360 1556 2467 major
1576 2377 1614 2436 at
1627 2361 1742 2467 jurati
1762 2361 1922 2466 predicti
1940 2392 2000 2439 ca·

577 2490 666 2567 dere
696 2489 888 2569 debebant
914 2520 934 2567 a
971 2491 1073 2569 dicto
1109 2490 1206 2567 facto
1235 2489 1430 2597 proposito
1457 2517 1502 2565 ex
1536 2507 1641 2596 parte
1669 2492 1837 2598 ipsorum
1869 2511 1998 2572 contra

577 2618 792 2725 episcopum
814 2619 1047 2726 predictum
1076 2648 1097 2697 a
1122 2645 1198 2726 quo
1223 2618 1379 2724 quidem
1399 2617 1586 2725 judicato,
1612 2636 1784 2727 exparte
1808 2619 1995 2699 dictorum

577 2749 728 2859 majoris
745 2767 783 2827 et
795 2749 1025 2858 juratorum,
1046 2767 1239 2858 tamquam
1259 2778 1279 2825 a
1300 2748 1393 2827 salso
1409 2767 1447 2828 et
1465 2778 1593 2855 pravo,
1607 2751 1656 2827 ad
1670 2768 1836 2829 nostram
1855 2753 1996 2830 curiam

578 2880 697 2957 extitit
717 2880 963 2988 appellatum;
985 2910 1099 2989 quam
1124 2910 1271 2959 causam
1303 2880 1569 2988 appellacionis
1588 2881 1692 2958 curia
1710 2900 1834 2961 nostra
1853 2884 1999 2963 remisit

576 3010 713 3090 ballivo
734 3010 1019 3103 Silvanectansi3
1040 3012 1105 3120 qui
1131 3012 1288 3119 quidem
1306 3011 1482 3101 ballivus,
1504 3013 1656 3120 cognito
1676 3013 1724 3093 de
1748 3014 1847 3093 dicta
1868 3044 1995 3105 causa,
2049 3085 2052 3093 .

576 3142 834 3246 pronunciavit
855 3144 998 3227 dictum
1015 3144 1248 3251 prepositum
1261 3141 1361 3221 bene
1372 3141 1560 3251 judicasse
1574 3172 1616 3220 ao
1630 3143 1751 3222 dictos
1762 3146 1944 3253 majorem
1959 3165 1999 3224 et
2090 3140 2097 3150 ’

571 3271 717 3378 juratos
740 3272 837 3351 male
864 3272 1086 3381 appellassc3
1114 3302 1234 3381 aquo
1254 3273 1410 3380 quidem
1431 3272 1622 3380 judicato,
1643 3290 1836 3381 tamquam
1861 3306 1882 3354 a
1903 3277 1996 3357 falso

577 3420 615 3479 et
632 3431 762 3511 pravo,
785 3405 873 3484 dicti
895 3405 1015 3512 major
1035 3422 1072 3482 et
1091 3402 1206 3513 jurati
1233 3404 1365 3482 iterato
1399 3403 1448 3481 ad
1474 3422 1641 3483 nostram
1668 3404 1812 3483 curiam
1835 3406 1998 3513 appella·

544 3636 546 3641 ,
576 3551 665 3611 runt
682 3532 856 3613 :Auditis
875 3535 989 3642 igitur
1008 3535 1117 3612 dictis
1136 3533 1305 3641 partibus
1330 3534 1370 3611 in
1389 3534 1494 3611 ouria
1513 3552 1657 3625 nostra,
1679 3535 1720 3611 in
1739 3564 1847 3613 causa
1872 3537 2000 3643 appel·

577 3661 732 3740 lacionis
748 3664 933 3768 predicte,
953 3664 1108 3771 visoque
1122 3692 1301 3770 processu
1316 3691 1423 3742 cause
1440 3663 1626 3771 predicte,
1642 3681 1680 3741 et
1698 3664 1900 3771 diligenter
1913 3694 1997 3743 exa·

577 3792 734 3880 minato,
748 3820 817 3897 per
829 3792 933 3871 curie
943 3809 1071 3873 nostre
1081 3793 1288 3901 judicium,
1302 3791 1446 3870 dictum
1460 3792 1548 3882 luit,
1564 3792 1752 3900 predictos
1764 3794 1996 3900 prepositum

578 3937 617 3997 et
634 3920 813 4000 ballivum
832 3921 930 4001 benc
945 3923 1134 4031 judicasse
1153 3941 1190 4001 et
1205 3922 1325 4001 dictos
1341 3922 1522 4031 majorem
1540 3940 1580 4001 et
1593 3924 1739 4030 juratos
1757 3925 1856 4003 male
1871 3923 1997 4032 appel·

578 4054 689 4141 lasso,
711 4070 749 4129 et
767 4054 873 4161 quod
889 4054 978 4131 dicti
995 4054 1225 4163 appellantes
1244 4054 1318 4131 hoc
1338 4052 1604 4133 emendabunt.

633 4182 761 4262 Martis
778 4202 864 4292 post
884 4184 1057 4265 lubilate.

634 4314 739 4393 Creci
758 4316 970 4422 reportavit.

634 4577 677 4655 Il.
708 4578 791 4656 Lite
811 4595 928 4674 mota,
951 4606 1074 4659 coram
1095 4582 1254 4661 scabinis
1273 4582 1360 4660 ville
1376 4584 1423 4661 de
1442 4586 1630 4691 Fresneyo
1645 4580 1793 4665 ballivie
1813 4583 1998 4664 Silvanec-

578 4709 709 4801 tensis‚
727 4708 826 4785 inter
846 4708 1013 4816 priorem
1038 4710 1126 4789 ville
1152 4713 1199 4790 de
1218 4714 1421 4821 Fresneyo‚
1441 4742 1485 4791 cx
1503 4731 1609 4821 parte
1626 4741 1719 4802 una,
1743 4730 1783 4791 et
1801 4712 1996 4793 Odardum

577 4837 725 4930 Darcis,
746 4840 956 4917 lobannem
985 4839 1033 4917 de
1054 4841 1193 4933 Puille,
1211 4842 1422 4924 Walerium
1441 4844 1492 4921 de
1514 4843 1789 4934 viridi-Saoce,
1814 4843 1996 4925 Jacobum

577 4966 830 5047 Parvi-Passus
849 4987 887 5048 et
906 4972 1059 5049 Petrum
1074 4973 1124 5050 de
1143 4974 1330 5067 Nortello,
1352 4974 1526 5065 clericos,
1548 4973 1777 5054 habitatores
1795 4974 1885 5053 dicti
1904 4975 1992 5066 loci,

580 5122 623 5173 ex
637 5096 762 5191 altera,
779 5128 892 5208 super
907 5130 951 5181 eo
963 5104 1069 5210 quod
1086 5104 1235 5183 dicebat
1250 5104 1371 5184 dictus
1385 5106 1499 5213 prior,
1513 5105 1563 5183 de
1577 5135 1649 5184 usu
1667 5123 1706 5185 et
1722 5106 1995 5184 consuetudine

579 5222 668 5303 dicti
683 5226 778 5319 loci,
796 5229 944 5311 diucius
959 5233 1166 5329 observata,
1182 5234 1256 5314 sibi
1273 5254 1504 5345 competere,
1523 5256 1616 5317 etse
1633 5264 1713 5317 esse
1733 5237 1774 5314 in
1791 5235 1925 5315 saisina
1935 5235 1995 5313 vel

580 5357 683 5458 quasi
697 5360 928 5465 percipiendi
945 5364 1173 5456 attrahendi,
1190 5366 1307 5447 semel
1327 5368 1366 5446 in
1385 5396 1502 5460 anno,
1516 5358 1629 5447 unam
1649 5368 1832 5449 corveiam
1844 5366 1892 5444 ab
1912 5392 1994 5443 om·

665 5528 717 5572 css
738 5530 819 5573 otiu.
843 5535 890 5577 ιιι.
1848 5517 1891 5581 80
