5817 7292
1036 1081 1302 1192 annutans
1328 1104 1391 1176 ur
1417 1087 1623 1180 rnocas.
1972 1111 2043 1183 501
2155 1047 2159 1053 ’

669 1239 760 1320 CXI.
792 1239 893 1320 Cum
911 1241 1103 1322 lohannes
1122 1243 1245 1322 dictus
1264 1243 1392 1323 Perier
1408 1246 1512 1322 curie
1532 1264 1659 1325 nostre
1674 1265 1900 1356 conquestus
1917 1249 2050 1330 fuisset
2085 1263 2216 1316 Pomm
2229 1263 2272 1328 tv,

611 1372 717 1478 quod
734 1372 849 1451 abbas
869 1374 1216 1452 Sancti-Pharaonis
1236 1375 1457 1467 Meldensis,
1480 1394 1518 1455 et
1533 1375 1763 1455 Guillelmus
1782 1379 1831 1456 de
1848 1379 1882 1456 la
1902 1382 2044 1487 Rajate,
2148 1357 2210 1398 ’Μ’

611 1503 736 1594 miles,
761 1503 1004 1612 inquisitores
1022 1535 1041 1582 a
1065 1506 1177 1584 nobis
1198 1535 1308 1614 supra
1331 1507 1510 1585 officiales
1529 1525 1678 1586 nostros
1697 1509 1737 1587 in
1756 1508 1906 1586 ballivia
1924 1512 2047 1588 Turo-

611 1635 718 1713 nensi
733 1635 917 1742 deputati,
935 1635 1076 1743 ipsum,
1095 1667 1163 1745 pro
1179 1637 1407 1746 quibusdam
1419 1658 1549 1718 contra
1559 1669 1647 1717 eum
1659 1640 1879 1747 propositis,
1892 1639 1931 1719 in
1947 1660 2046 1720 certa

607 1767 769 1872 pecunie
785 1795 948 1858 summa,
966 1767 1076 1845 nobis
1093 1770 1290 1863 solvenda,
1307 1771 1477 1850 indebite
1495 1788 1534 1849 et
1550 1770 1703 1879 injuste,
1719 1790 1762 1849 ut
1777 1771 1940 1861 dicebat,
1958 1801 2047 1850 con·

611 1897 891 1990 demnaverant,
914 1915 953 1974 et
972 1915 1127 2006 propter
1144 1900 1217 1978 hoc
1232 1899 1332 1979 bona
1353 1901 1470 2009 ipsius
1489 1900 1654 1980 fecerant
1670 1902 1858 1994 arrestari,
1881 1906 2046 2010 require

608 2047 666 2106 ret
678 2028 782 2135 quod
793 2055 863 2106 nos
874 2028 1013 2106 dictam
1029 2029 1415 2137 condempnacionem
1439 2049 1477 2110 et
1494 2061 1538 2109 ea
1552 2060 1628 2139 que
1651 2033 1786 2111 exinde
1808 2052 1940 2141 sequta
1957 2053 2045 2113 sunt

606 2187 899 2239 revocaremus:
922 2161 1009 2240 Visa
1033 2161 1303 2239 informacione
1328 2191 1441 2269 super
1466 2163 1540 2238 boc
1564 2162 1677 2252 facta,
1701 2192 1770 2271 per
1795 2164 1940 2242 curiam
1963 2195 2044 2245 nos·

603 2310 700 2369 tram
720 2320 944 2398 responsum
965 2292 1036 2370 fuit
1060 2293 1184 2372 eidem
1204 2294 1311 2399 quod
1329 2294 1446 2372 nichil
1465 2294 1640 2373 restituet
1654 2295 1833 2374 dominus
1849 2298 1925 2373 Rex
1940 2297 2041 2374 dicto

604 2423 768 2502 Iohanni
784 2425 832 2502 de
847 2422 1044 2530 bonisque
1060 2443 1241 2531 ceperunt
1256 2425 1416 2532 predicti
1436 2425 1678 2533 inquisitores
1691 2427 1739 2504 de
1754 2455 1841 2516 suo,
1857 2427 1925 2507 sed
1942 2446 2039 2536 agat,

605 2556 634 2632 si
655 2555 762 2646 velit,
784 2571 912 2634 contra
934 2556 1034 2662 ipsos
1053 2555 1307 2662 inquisitores.

661 2686 791 2766 Martis
809 2704 895 2764 ante
914 2689 1051 2764 Ramos
1068 2687 1295 2766 Palmamm.

660 2950 767 3032 CXII.
800 2951 915 3041 Cum,
933 2948 980 3029 ad
997 2950 1215 3030 instanciam
1237 2948 1436 3031 doctorum
1456 2967 1494 3032 et
1508 2951 1708 3033 scolarium
1728 2951 1942 3036 Aurelianis
1961 2975 2039 3037 stu·

605 3075 797 3175 dencium,
816 3113 930 3192 super
946 3085 1173 3191 quibusdam
1188 3085 1337 3194 injuriis
1352 3103 1390 3162 et
1400 3086 1596 3164 violenciis
1609 3086 1771 3178 eisdem,
1788 3105 1831 3165 ut
1843 3086 2034 3182 dicebant,

601 3245 669 3322 per
687 3216 872 3324 quosdam
893 3216 990 3294 cives
1011 3235 1048 3295 et
1070 3217 1300 3295 habitatores
1318 3217 1406 3294 ville
1430 3215 1711 3294 Aurelianensis
1730 3218 1859 3307 illatis,
1884 3221 2036 3326 inques

600 3364 676 3424 tam
692 3345 912 3454 quamdam,
932 3346 980 3424 de
1001 3348 1177 3424 mandato
1198 3363 1329 3426 nostro
1349 3346 1501 3436 laetam,
1522 3348 1593 3453 ipsi
1608 3348 1845 3453 requirerent
1863 3348 1980 3427 videri
1998 3369 2036 3427 et

593 3479 779 3588 judicari,
797 3496 903 3585 parte
920 3479 1070 3556 adversa
1086 3479 1214 3586 plures
1230 3478 1400 3558 raciones
1415 3479 1453 3555 in
1476 3478 1705 3556 contrarium
1724 3497 1961 3585 proponente
1986 3481 2034 3558 ad

599 3611 716 3689 finem
732 3610 924 3688 anullandi
940 3609 1152 3716 inquestam
1166 3610 1394 3716 predictam,
1414 3627 1452 3686 et
1466 3610 1569 3688 curia
1585 3627 1712 3688 nostra
1727 3611 1866 3686 dictam
1883 3607 2033 3718 inques-

598 3761 675 3820 tam
698 3743 858 3850 apperiri
884 3759 922 3819 et
943 3741 1057 3820 videri
1082 3741 1243 3830 lecisset,
1268 3742 1315 3818 ad
1341 3742 1537 3818 sciendum
1562 3742 1591 3819 si
1618 3757 1716 3816 esset
1741 3740 1780 3815 in
1804 3757 1900 3816 statu
1925 3746 2032 3846 quod

597 3892 727 3980 posset
743 3871 904 3981 judicari
927 3904 935 3947 :
955 3873 1144 3960 Tandem,
1170 3872 1310 3950 auditis
1330 3870 1420 3948 binc
1442 3873 1532 3948 inde
1556 3869 1758 3978 propositis
1775 3887 1814 3946 et
1834 3870 1912 3947 viso
1932 3889 2031 3947 statu

599 4005 698 4082 dicte
712 4005 899 4110 inqueste,
915 4033 983 4111 per
1002 4021 1186 4082 arrestum
1201 4018 1330 4079 nostre
1347 4003 1467 4088 curie,
1487 4003 1630 4080 dictum
1647 4001 1720 4078 luit
1734 4000 1840 4106 qnod
1856 4000 1952 4077 dicta
1972 4002 2030 4077 in-

598 4151 729 4242 questa
748 4161 825 4212 non
842 4134 1085 4244 judicabitur,
1108 4133 1175 4212 sed
1197 4134 1286 4210 certi
1315 4133 1506 4213 auditores
1525 4161 1593 4240 per
1611 4132 1752 4208 curiam
1774 4147 1940 4207 nostram
1963 4132 2030 4209 de-

596 4265 843 4372 putabuntur,
866 4265 1005 4372 quibus
1022 4264 1222 4342 tradentur
1239 4263 1440 4369 inscriptis
1459 4264 1614 4341 nomina
1633 4290 1878 4369 personarum
1899 4264 2028 4368 quein

596 4397 695 4476 dicta
715 4397 888 4503 inquesta
907 4414 1054 4503 reperte
1072 4413 1160 4474 sunt
1180 4397 1228 4473 de
1242 4395 1422 4504 predictis
1441 4412 1629 4502 suspecte,
1645 4425 1686 4471 ac
1700 4394 1855 4471 nomina
1873 4395 2026 4471 testium

596 4531 635 4606 in
662 4528 794 4607 eadem
814 4543 1078 4607 contentorum
1109 4529 1173 4634 qui
1202 4529 1296 4606 scire
1317 4526 1493 4605 videntur
1512 4527 1634 4634 aliqua
1661 4527 1709 4603 de
1728 4526 1917 4632 predictis.
1940 4528 2028 4620 Qui-

595 4661 668 4739 bus
683 4661 919 4740 auditoribus
934 4661 1190 4738 committetur
1206 4661 1310 4767 quod
1328 4660 1415 4766 ipsi,
1434 4677 1512 4736 tam
1528 4676 1657 4736 contra
1671 4658 1860 4766 predictos
1878 4687 2027 4765 suspec-

594 4812 653 4872 tos
677 4821 790 4902 quam
816 4810 946 4870 contra
972 4791 1080 4880 alios,
1104 4793 1158 4869 eis
1177 4792 1445 4882 nominandos,
1467 4810 1543 4869 tam
1568 4819 1637 4898 per
1656 4790 1776 4867 dictos
1794 4807 1924 4882 testes,
1945 4790 2023 4896 jam

593 4925 814 5032 productos,
832 4953 946 5033 quam
963 4953 1030 5031 per
1048 4923 1141 5001 alios
1158 4951 1282 5000 coram
1299 4925 1352 5002 eis
1366 4922 1649 5032 producendos,
1665 4921 1803 4999 vocatis
1815 4921 2025 5028 specialiter

594 5057 762 5164 partibus
786 5075 824 5134 et
844 5055 924 5134 aliis
947 5054 1159 5143 evocandis,
1183 5054 1396 5160 auditisque
1414 5052 1593 5132 omnibus
1615 5081 1689 5160 que
1706 5052 1794 5130 hinc
1813 5053 1923 5140 inde,
1947 5071 2024 5130 tam

593 5216 705 5296 super
729 5186 923 5295 principali
945 5186 1041 5266 lacto
1067 5185 1235 5293 predicto
1260 5213 1373 5292 quam
1395 5202 1523 5264 contra
1545 5213 1723 5293 personas
1742 5184 1929 5261 dictorum
1951 5199 2024 5260 tes·

593 5319 688 5396 tium
700 5336 972 5426 proponentur,
991 5319 1184 5426 inquirant
1199 5346 1286 5394 cum
1303 5317 1503 5424 diligencia
1518 5316 1728 5408 veritatem,
1743 5333 1781 5394 et
1792 5316 2020 5420 inquestam,

594 5479 707 5556 quam
731 5480 844 5557 super
864 5453 936 5530 hoc
955 5451 1113 5530 fecerint
1134 5451 1179 5526 ad
1199 5465 1364 5548 nostram
1387 5447 1548 5540 curiam,
1569 5448 1800 5554 qnamcicius
1821 5443 2020 5522 commode
