5817 7292
927 1037 1000 1111 562
1507 1032 1599 1107 tus
1623 1029 1761 1107 OLIM.

699 1190 831 1245 aarum
844 1187 887 1251 Νι
924 1176 1124 1285 complices
1133 1176 1258 1257 illatos
1270 1174 1342 1256 sibi
1352 1173 1467 1253 fuisse
1481 1173 1670 1263 dicebant,
1682 1169 1766 1249 ficri
1776 1166 2040 1260 mandavisset,
2054 1169 2344 1280 inquestamque

761 1280 825 1323 Μ’
923 1336 1037 1418 super
1059 1306 1409 1415 premissislactam
1432 1305 1482 1383 ad
1500 1322 1665 1383 nostram
1690 1301 1832 1380 curiam
1848 1299 2093 1408 judicandam
2118 1301 2343 1382 remisisset:

921 1440 1007 1520 Visa
1021 1440 1221 1548 diligenter
1236 1440 1409 1544 inquesta
1421 1435 1604 1542 predicta,
1621 1431 1710 1541 quia
1724 1459 1803 1509 non
1815 1428 1889 1507 fuit
1901 1430 1942 1507 in
1956 1459 1999 1508 ea
2013 1446 2206 1538 repertum
2221 1450 2346 1538 partes

921 1571 969 1649 ad
988 1571 1062 1649 hoo
1080 1570 1193 1649 luisse
1221 1568 1406 1677 legittime
1435 1584 1596 1655 voratas,
1629 1564 1749 1641 immo
1779 1577 1974 1669 repertum
2003 1579 2077 1651 est,
2107 1590 2222 1669 super
2251 1564 2341 1653 hoc,

918 1700 1122 1805 productos
1136 1716 1250 1777 testes
1264 1728 1341 1776 non
1361 1698 1476 1776 luisse
1496 1694 1734 1805 singulariter
1752 1709 1790 1769 et
1809 1691 2001 1800 sigillatim
2020 1692 2266 1784 examinatos,
2277 1694 2342 1802 ju·

918 1830 1044 1937 risque
1069 1829 1243 1908 ordinem
1272 1828 1312 1905 in
1336 1826 1467 1905 multis
1491 1824 1573 1903 aliis
1599 1822 1882 1931 pretermissum
1907 1821 2039 1913 luisse,
2062 1852 2131 1931 per
2154 1842 2338 1905 arrestum

917 1976 1043 2038 nostre
1060 1962 1175 2052 curie,
1197 1959 1340 2037 dictum
1355 1956 1429 2036 luit
1442 1958 1581 2034 dictam
1595 1956 1807 2063 inquestam
1824 1970 1864 2031 et
1880 1982 2098 2059 processum
2118 1954 2338 2063 hujusmodi

917 2089 1258 2167 commissariorum
1273 2089 1531 2195 predictorum
1546 2085 1672 2163 nullos
1687 2112 1767 2163 esse
1781 2099 1819 2161 et
1833 2084 1972 2161 iterum
1989 2082 2094 2161 refici
2111 2084 2248 2163 debere
2268 2114 2336 2191 per

917 2236 1037 2297 certos
1056 2218 1330 2297 commissarios
1349 2246 1463 2325 super
1478 2219 1553 2295 hoc
1570 2246 1592 2295 a
1612 2232 1737 2295 nostra
1752 2215 1854 2293 curia
1873 2214 2120 2321 deputandos.

972 2351 1148 2429 Mercurii
1168 2366 1253 2428 ante
1272 2349 1422 2427 Pascha.

971 2480 1016 2559 G.
1038 2479 1086 2557 de
1106 2481 1202 2558 Usco
1221 2478 1433 2585 reportavit.

970 2611 1137 2687 Remissa
1151 2610 1224 2707 fuit
1243 2610 1291 2687 ad
1307 2607 1561 2687 reficiendam.

970 2874 1091 2966 LVlll.
1122 2874 1219 2953 Cum
1230 2873 1359 2980 plures
1370 2874 1468 2951 cives
1483 2872 1750 2950 laudunenses
1764 2870 1877 2960 lacta,
1892 2888 1936 2947 ut
1947 2871 2173 2977 accepimus,
2187 2875 2334 2981 conspi-

911 3005 1059 3083 racione
1073 3023 1111 3083 et
1126 3022 1346 3114 congregata
1359 3004 1604 3082 multitudine
1619 3003 1834 3091 hominum,
1849 3030 1937 3079 cum
1952 3002 2080 3092 armis,
2095 3002 2135 3078 in
2144 3003 2333 3110 quandam

911 3153 1053 3213 curtem
1065 3165 1139 3242 qua
1156 3153 1228 3227 est,
1243 3152 1287 3212 ut
1299 3135 1446 3228 dicitur,
1461 3133 1616 3213 Roberti
1625 3131 1660 3210 le
1674 3133 1907 3224 Madelinier,
1923 3134 2134 3239 impetuose
2143 3135 2332 3212 venissent

911 3281 949 3342 et
965 3265 1111 3343 edificia
1128 3266 1292 3372 quedam
1308 3265 1452 3343 ibidem
1470 3265 1679 3352 aristonem,
1694 3265 1743 3341 ad
1758 3293 1911 3341 manum
1929 3281 2094 3341 nostram
2106 3264 2238 3367 posita,
2251 3263 2328 3341 fre·

908 3394 1051 3499 gissent
1069 3422 1135 3471 seu
1159 3394 1376 3483 diruissent,
1395 3394 1610 3499 multosque
1625 3394 1722 3473 alios
1738 3422 1906 3471 excessus
1924 3392 2016 3468 inibi
2033 3408 2323 3499 perpetrassent,

908 3525 948 3600 in
969 3540 1141 3601 nostrum
1157 3541 1194 3601 et
1210 3540 1337 3602 nostre
1348 3524 1628 3631 jurisdiccionis
1643 3541 1899 3632 contemptum
1909 3552 1952 3601 ac
1964 3523 2051 3600 dicti
2072 3520 2226 3600 Roberti
2239 3551 2328 3629 pre·

901 3652 1090 3759 judicium
1106 3671 1143 3731 et
1154 3682 1366 3761 gravamen,
1379 3653 1515 3732 ballivo
1526 3654 1815 3733 viromandensi
1828 3653 2083 3731 mandarimus
2093 3654 2199 3758 quod
2213 3680 2327 3760 super

903 3784 1110 3888 premissis,
1126 3812 1194 3891 per
1206 3812 1245 3862 se
1255 3784 1314 3862 vel
1329 3812 1397 3890 per
1407 3784 1539 3874 alium,
1553 3787 1694 3864 vocatis
1702 3785 1887 3892 partibus,
1898 3784 2106 3892 inquireret
2113 3784 2326 3861 veritatem:

902 3916 1014 3994 Facta
1030 3916 1145 4022 igitur
1166 3944 1280 4023 super
1301 3916 1498 4023 predictis,
1519 3917 1688 4023 partibus
1707 3918 1858 4008 vocatis,
1880 3918 2051 4024 inquesta
2069 3934 2108 3993 et
2127 3915 2329 4023 diligenter
2391 3936 2397 3943 ’

902 4046 993 4133 visa,
1016 4074 1102 4121 cum
1120 4074 1189 4151 per
1214 4074 1294 4124 eam
1319 4045 1468 4153 liquido
1489 4047 1538 4125 sit
1556 4065 1793 4155 compertum
1818 4048 1995 4157 Egidium
2019 4048 2067 4125 de
2086 4046 2324 4154 Ruppelorti,

903 4173 1022 4251 Adam
1044 4175 1091 4253 de
1111 4177 1311 4269 Noviomo,
1339 4178 1550 4255 Hubertum
1576 4179 1623 4256 de
1648 4180 1856 4288 Arenceyo,
1878 4183 2102 4257 lorrannum
2121 4178 2323 4265 Davanins,

903 4304 1151 4385 Guillelmum
1175 4307 1222 4385 de
1245 4308 1584 4398 Sancto-lohanne,
1606 4308 1800 4390 Ansellum
1817 4313 1864 4389 de
1882 4310 2165 4401 Monte-Acuto,
2183 4308 2325 4386 lohan-

902 4463 988 4513 nem
1009 4436 1152 4515 dictum
1172 4437 1367 4517 Corbeaux
1388 4456 1427 4516 et
1440 4441 1734 4546 laquemardum
1755 4442 1803 4520 de
1822 4441 2089 4521 Monte-Acuto
2109 4438 2157 4516 ad
2178 4456 2324 4517 curtem

900 4567 1118 4671 predictam,
1132 4569 1171 4643 in
1186 4597 1300 4646 manu
1315 4586 1453 4661 nostra,
1469 4587 1622 4676 propter
1638 4572 1817 4651 debatum
1829 4573 2009 4679 parcium,
2027 4570 2255 4658 existentem,
2268 4598 2323 4645 ac·

900 4697 1067 4785 cessisse,
1085 4727 1169 4775 cum
1186 4728 1319 4807 magna
1334 4700 1579 4778 multitudine
1592 4702 1792 4782 hominum
1809 4704 1908 4783 dicte
1920 4703 2024 4795 ville,
2042 4719 2081 4780 et
2093 4704 2193 4809 ipsos
2204 4701 2322 4807 quod·

899 4826 985 4903 dam
997 4826 1164 4906 foramen
1180 4858 1247 4906 seu
1261 4831 1425 4909 hostiurn
1439 4832 1538 4910 dicte
1555 4835 1669 4912 curtis
1682 4836 1914 4925 obturatum,
1933 4836 1981 4912 de
1996 4834 2173 4911 mandato
2187 4858 2323 4937 prepo-

897 4954 957 5033 siti
980 4958 1098 5035 nostri
1120 4960 1397 5051 Laudunensis,
1425 4965 1645 5043 auctoritate
1664 4966 1816 5073 propria
1833 4964 2098 5053 deobturassc,
2121 4979 2161 5039 et
2183 4961 2322 5039 dictam

897 5104 1061 5180 curtem,
1080 5090 1119 5164 in
1137 5117 1251 5167 manu
1267 5110 1406 5185 nostra,
1428 5111 1473 5170 ut
1492 5096 1740 5202 premittitur,
1758 5097 1995 5185 existentem,
2011 5093 2220 5183 intravisse,
2240 5119 2321 5169 non

894 5236 1022 5295 tamen
1043 5248 1129 5297 cum
1143 5219 1273 5310 armis,
1296 5222 1474 5329 stellaque
1494 5225 1533 5302 in
1554 5226 1652 5304 dicta
1670 5244 1776 5305 curte
1797 5226 1995 5305 existencia
2019 5224 2259 5311 destruxisse,
2278 5240 2321 5299 et

896 5347 997 5455 (prod
1022 5349 1076 5428 eis
1102 5349 1243 5457 placuit
1265 5350 1353 5429 inde
1374 5371 1600 5461 asportasse,
1627 5376 1748 5463 spreta
1774 5358 2010 5464 apposicione
2033 5384 2167 5435 manus
2188 5369 2319 5433 nostre
