5817 7292
856 1100 926 1179 1221
1436 1102 1528 1177 tus
1557 1101 1697 1177 OLIM.

622 1256 753 1311 nanim
765 1254 809 1318 tv,
849 1247 914 1327 bio
934 1244 1078 1325 ibidem
1096 1244 1280 1335 tenendo,
1302 1248 1515 1353 prepositus
1533 1246 1766 1336 Parisiensis,
1786 1246 1853 1325 eos
1870 1245 2116 1353 impediendo
2138 1249 2277 1357 injuste

683 1348 748 1390 Μ’
851 1378 890 1455 in
910 1376 1148 1486 hujusmodi,
1166 1378 1215 1454 ad
1229 1377 1519 1484 requisicionem
1535 1407 1774 1485 campsorum
1790 1377 1898 1456 stalla
1910 1407 1976 1456 sua
1996 1407 2108 1484 supra
2131 1380 2275 1457 dictum

850 1527 1006 1618 pontem
1034 1537 1077 1587 er
1104 1526 1208 1615 parte
1237 1507 1370 1588 Gravie
1394 1510 1627 1598 tenemium,
1650 1510 1770 1588 dictos
1791 1539 1925 1588 eorum
1948 1527 2095 1615 tapetos
2119 1513 2275 1601 amovit,

851 1640 1060 1719 inhibendo
1084 1639 1175 1747 ipsis
1200 1666 1249 1717 ne
1273 1638 1419 1717 ibidem
1444 1639 1635 1720 cambium
1660 1657 1851 1731 tenerent,
1872 1641 2111 1748 requirentes
2131 1643 2275 1721 dictum

851 1772 1164 1879 impedimentum
1191 1768 1372 1860 amoveri,
1398 1769 1450 1846 ita
1473 1768 1579 1875 qnod
1602 1769 1675 1876 ipsi
1697 1789 1855 1889 possent
1871 1772 1928 1848 uti
1946 1772 2082 1849 saisina
2101 1802 2169 1850 sua
2191 1804 2277 1881 pre·

852 1902 950 1979 dicta
968 1902 1157 1980 cambium
1175 1900 1332 1977 tenendi
1359 1900 1553 1979 incorum
1576 1902 1796 2007 operatoriis
1820 1902 2064 2009 supradictis,
2086 1921 2124 1982 et
2146 1933 2167 1982 e
2188 1934 2276 1983 con·

851 2050 908 2110 tra
931 2061 1015 2141 pars
1040 2032 1229 2147 dictorum
1255 2059 1493 2136 campsorum
1521 2031 1695 2138 pluribus
1714 2033 1928 2111 nacionibus
1946 2052 2176 2139 proponeret
2197 2037 2277 2113 dic·

851 2182 933 2242 tum
943 2163 1277 2270 impedimentum,
1288 2178 1468 2267 tanquam
1477 2163 1579 2269 juste
1595 2164 1827 2269 appositum,
1843 2192 1920 2243 non
1935 2162 2076 2241 debere
2089 2167 2272 2245 amoveri:

852 2297 1039 2384 Tandem,
1068 2294 1206 2371 auditis
1224 2292 1312 2371 hinc
1336 2294 1427 2371 inde
1447 2295 1666 2400 propositis,
1690 2294 1854 2403 visisque
1880 2294 2015 2373 litteris
2041 2295 2271 2402 quibusdam

821 2446 830 2457 '
852 2458 895 2505 ac
912 2427 1086 2533 inquesta
1105 2454 1217 2531 super
1235 2424 1307 2503 boc
1325 2423 1438 2515 facta,
1460 2452 1528 2530 per
1547 2442 1731 2502 arrestum
1745 2442 1872 2503 nostre
1892 2426 2012 2515 curie,
2038 2427 2181 2505 dictum
2201 2427 2275 2509 fuit

853 2557 959 2665 quod
973 2556 1112 2635 sactum
1123 2555 1336 2662 predictum
1360 2555 1448 2632 dicti
1468 2555 1685 2634 Parisiensis
1703 2556 1883 2663 prepositi
1903 2584 1978 2636 uon
1999 2558 2271 2637 retractabitur.

908 2692 950 2767 ln
970 2688 1102 2797 vigiliis
1121 2688 1559 2778 Omnium-Sanctorum,
1580 2716 1679 2767 anno
1698 2688 1964 2767 trecentesimo
1981 2690 2113 2767 tercio.

908 2957 999 3037 XIV.
1029 2957 1127 3037 Cum
1154 2974 1374 3064 procurator
1398 2956 1590 3037 karissime
1616 2955 1797 3037 consortis
1822 2974 1965 3047 nostre,
1989 2956 2177 3047 Johanne,
2205 2956 2277 3035 Dei

852 3088 993 3197 gracia,
1014 3090 1043 3165 F
1044 3087 1167 3165 rancie
1193 3106 1231 3164 et
1256 3090 1414 3165 Navarre
1439 3090 1586 3196 regine,
1612 3088 1829 3167 excentricis
1850 3087 1979 3165 inclite
2001 3088 2278 3172 recordacionis

854 3218 1045 3306 defuncte,
1067 3218 1196 3295 matris
1216 3246 1300 3306 sue,
1325 3218 1518 3321 quondam
1543 3220 1700 3293 Navarre
1723 3218 1868 3324 regine,
1895 3246 2009 3323 super
2032 3218 2107 3293 hoc
2128 3217 2278 3296 anobis

853 3350 1069 3437 autorizate,
1092 3347 1305 3424 executorio
1324 3347 1478 3423 nominc
1497 3345 1665 3451 predicto
1692 3346 1834 3423 diceret
1858 3362 1898 3423 et
1916 3363 2162 3451 proponeret,
2188 3374 2278 3423 con-

851 3496 907 3554 tra
934 3493 1160 3553 mercatores
1187 3476 1373 3553 societatis
1398 3477 1595 3555 Mororum
1620 3474 1814 3553 eteorum
1842 3492 2143 3581 procuratorem,
2170 3478 2276 3583 quod

853 3636 956 3698 cum,
978 3634 1046 3711 pro
1072 3606 1235 3712 quadam
1259 3606 1483 3683 execucione
1508 3604 1703 3714 cujusdam
1726 3604 1972 3712 obligacionis
1996 3604 2165 3683 facienda
2188 3634 2277 3687 con-

852 3756 908 3815 tra
929 3738 1121 3817 Donatum
1145 3736 1193 3813 de
1212 3735 1358 3828 Velluz,
1382 3753 1419 3813 et
1438 3753 1537 3814 certa
1562 3764 1687 3825 causa,
1708 3735 1890 3842 adquam
1916 3736 2020 3814 idem
2043 3738 2213 3817 Donatus
2236 3755 2275 3815 et

854 3869 935 3977 ejus
956 3868 1110 3945 societas
1131 3883 1235 3944 erant
1254 3865 1408 3975 obligati
1429 3896 1517 3975 erga
1536 3883 1669 3977 gentes
1697 3866 1797 3945 dicte
1824 3867 1951 3975 regine
1976 3868 2152 3958 Navarre,
2183 3869 2277 3946 certi

853 3998 942 4105 equi
963 3997 1234 4103 supradictum
1254 3997 1446 4075 Donatum
1468 4026 1537 4103 per
1559 4016 1690 4105 gentes
1708 3997 1895 4103 predictas
1913 3997 2011 4102 capti
2036 3995 2209 4087 fuissent,
2238 4016 2277 4075 et

853 4129 1055 4235 appreciati
1069 4129 1250 4237 usquead
1267 4156 1453 4207 summam
1467 4130 1586 4205 trium
1600 4128 1764 4206 millium
1777 4128 1961 4206 librarum
1974 4128 2272 4220 Turonensium‚

852 4278 890 4339 et
909 4290 979 4367 pro
1001 4261 1189 4340 dictorum
1210 4286 1398 4367 equorum
1417 4260 1489 4338 sub
1508 4260 1636 4366 precio
1655 4260 1825 4367 predicto
1845 4259 2099 4350 recredeneia,
2115 4288 2189 4367 que
2209 4288 2277 4365 per

853 4391 1004 4469 easdem
1024 4409 1154 4499 gentes
1169 4392 1270 4468 dicto
1289 4394 1438 4469 Donato
1453 4390 1549 4470 facta
1565 4390 1651 4483 fuit,
1673 4391 1942 4498 Lappa-Picto,
1961 4390 2087 4469 socius
2107 4420 2176 4469 seu
2194 4390 2277 4468 sau·

851 4539 913 4599 tor
936 4540 1190 4599 mercatorum
1211 4522 1258 4599 de
1279 4524 1455 4600 societate
1480 4524 1692 4613 Mororum,
1717 4550 1788 4600 suo
1814 4539 1852 4600 et
1877 4522 1975 4600 dicte
2000 4520 2186 4601 societatis
2205 4550 2275 4600 no·

853 4654 972 4742 mine,
990 4682 1076 4761 erga
1091 4669 1222 4763 gentes
1236 4652 1334 4731 dicte
1350 4654 1478 4760 regine
1490 4654 1646 4732 Navarra
1657 4684 1727 4761 pro
1742 4655 1842 4733 dicto
1853 4653 1994 4731 donato
2008 4651 2271 4759 fidejussisset,

854 4801 892 4861 et
914 4812 953 4861 se
976 4802 1013 4861 et
1034 4784 1241 4891 predictam
1261 4784 1476 4862 societatem
1499 4802 1537 4861 ct
1557 4813 1689 4863 eorum
1706 4784 1807 4862 bona
1829 4784 2031 4893 obligasset
2048 4781 2097 4858 ad
2113 4780 2276 4859 redden·

854 4913 947 4991 dum
964 4931 1002 4993 et
1015 4915 1279 5023 reponendum
1298 4913 1337 4991 in
1357 4942 1474 4991 manu
1495 4914 1593 4994 dicte
1612 4915 1739 5025 regine
1755 4918 1910 4994 Navarre
1930 4915 1990 4993 vel
2010 4914 2092 5023 ejus
2106 4913 2274 4990 mandati

853 5045 974 5123 dictos
1001 5074 1118 5153 equos
1136 5046 1177 5123 in
1204 5045 1341 5123 eodem
1365 5064 1464 5125 statu
1489 5046 1628 5155 inquo
1654 5048 1750 5155 capti
1774 5045 1922 5126 fuerant
1945 5074 2056 5151 snpra
2079 5044 2272 5122 Donatum

850 5175 1150 5281 predictum,vel
1163 5205 1349 5254 summam
1358 5176 1477 5253 trium
1486 5176 1841 5256 milliumlibrarum
1852 5174 2134 5252 Turonensium
2145 5198 2273 5275 supra-

852 5306 1242 5415 dictam,etq¹u0d‚de
1253 5307 1527 5387 consuetudine
1537 5308 1754 5416 Campania,
1767 5306 1966 5383 sociusseu
1979 5303 2104 5380 fautor
2112 5298 2272 5405 alicujus

850 5438 1036 5520 societatis
1047 5439 1221 5529 eamdem
1235 5439 1450 5519 societatem
1466 5455 1505 5517 et
1518 5438 1635 5544 ipsius
1649 5433 1835 5518 societatis
1845 5448 2072 5511 mercatores
2086 5446 2125 5507 et
2136 5455 2270 5507 eorum
