<?xml version="1.0" encoding="UTF-8"?>
<!DOCTYPE html PUBLIC "-//W3C//DTD XHTML 1.0 Transitional//EN"
    "http://www.w3.org/TR/xhtml1/DTD/xhtml1-transitional.dtd">
<html xmlns="http://www.w3.org/1999/xhtml" xml:lang="en" lang="en">
 <head>
  <title>
</title>
<meta http-equiv="Content-Type" content="text/html;charset=utf-8" />
  <meta name='ocr-system' content='tesseract 3.04.00' />
  <meta name='ocr-capabilities' content='ocr_page ocr_carea ocr_par ocr_line ocrx_word'/>
</head>
<body>
  <div class='ocr_page' id='page_1' title='image "./lesolimouregist00pargoog_0779.png"; bbox 0 0 5817 7292; ppageno 0'>
   <div class='ocr_carea' id='block_1_1' title="bbox 1002 1070 2001 1181">
    <p class='ocr_par' dir='ltr' id='par_1_1' title="bbox 1002 1070 2001 1181">
     <span class='ocr_line' id='line_1_1' title="bbox 1002 1070 2001 1181; baseline 0.001 -18"><span class='ocrx_word' id='word_1_1' title='bbox 1002 1070 1269 1181; x_wconf 75' lang='lat' dir='ltr'>nvoutrns</span> <span class='ocrx_word' id='word_1_2' title='bbox 1295 1094 1359 1166; x_wconf 78' lang='lat' dir='ltr'>nr</span> <span class='ocrx_word' id='word_1_3' title='bbox 1386 1076 1589 1168; x_wconf 71' lang='lat' dir='ltr'>esoces.</span> <span class='ocrx_word' id='word_1_4' title='bbox 1929 1094 2001 1165; x_wconf 83' lang='lat'>077</span> 
     </span>
    </p>
   </div>
   <div class='ocr_carea' id='block_1_2' title="bbox 585 1228 2228 5359">
    <p class='ocr_par' dir='ltr' id='par_1_2' title="bbox 589 1228 2228 3138">
     <span class='ocr_line' id='line_1_2' title="bbox 591 1228 2228 1342; baseline -0.002 -31"><span class='ocrx_word' id='word_1_5' title='bbox 591 1232 663 1311; x_wconf 89' lang='lat' dir='ltr'>mis</span> <span class='ocrx_word' id='word_1_6' title='bbox 676 1228 855 1309; x_wconf 80' lang='lat' dir='ltr'>uxoribus</span> <span class='ocrx_word' id='word_1_7' title='bbox 876 1230 1078 1307; x_wconf 89' lang='lat' dir='ltr'>successive</span> <span class='ocrx_word' id='word_1_8' title='bbox 1091 1230 1208 1337; x_wconf 89' lang='lat' dir='ltr'>ipsius</span> <span class='ocrx_word' id='word_1_9' title='bbox 1222 1233 1319 1310; x_wconf 88' lang='lat' dir='ltr'>Petri</span> <span class='ocrx_word' id='word_1_10' title='bbox 1339 1234 1552 1342; x_wconf 89' lang='lat' dir='ltr'>quondam,</span> <span class='ocrx_word' id='word_1_11' title='bbox 1568 1230 1741 1310; x_wconf 90' lang='lat' dir='ltr'>videlicet</span> <span class='ocrx_word' id='word_1_12' title='bbox 1762 1232 1883 1310; x_wconf 89' lang='lat' dir='ltr'>dictus</span> <span class='ocrx_word' id='word_1_13' title='bbox 1897 1233 2004 1313; x_wconf 92' lang='lat' dir='ltr'>Gnil-</span> <span class='ocrx_word' id='word_1_14' title='bbox 2042 1242 2172 1297; x_wconf 70' lang='lat' dir='ltr'>summ</span> <span class='ocrx_word' id='word_1_15' title='bbox 2184 1245 2228 1307; x_wconf 83' lang='lat' dir='ltr'>tt,</span> 
     </span>
     <span class='ocr_line' id='line_1_3' title="bbox 591 1334 2168 1469; baseline 0.001 -29"><span class='ocrx_word' id='word_1_16' title='bbox 591 1362 729 1440; x_wconf 90' lang='lat' dir='ltr'>lelmus</span> <span class='ocrx_word' id='word_1_17' title='bbox 743 1358 886 1466; x_wconf 85' lang='lat' dir='ltr'>junior,</span> <span class='ocrx_word' id='word_1_18' title='bbox 913 1388 957 1437; x_wconf 82' lang='lat' dir='ltr'>ex</span> <span class='ocrx_word' id='word_1_19' title='bbox 978 1359 1077 1437; x_wconf 86' lang='lat' dir='ltr'>dicta</span> <span class='ocrx_word' id='word_1_20' title='bbox 1103 1360 1296 1455; x_wconf 87' lang='lat' dir='ltr'>Oudarda‚</span> <span class='ocrx_word' id='word_1_21' title='bbox 1317 1364 1437 1469; x_wconf 87' lang='lat' dir='ltr'>prima</span> <span class='ocrx_word' id='word_1_22' title='bbox 1459 1391 1574 1440; x_wconf 82' lang='lat' dir='ltr'>uxore</span> <span class='ocrx_word' id='word_1_23' title='bbox 1594 1362 1711 1468; x_wconf 89' lang='lat' dir='ltr'>ipsius</span> <span class='ocrx_word' id='word_1_24' title='bbox 1731 1360 1943 1454; x_wconf 87' lang='lat' dir='ltr'>Guillelmi,</span> <span class='ocrx_word' id='word_1_25' title='bbox 1968 1382 2007 1441; x_wconf 87' lang='lat' dir='ltr'>et</span> <span class='ocrx_word' id='word_1_26' title='bbox 2104 1334 2168 1378; x_wconf 58' lang='lat' dir='ltr'>lm</span> 
     </span>
     <span class='ocr_line' id='line_1_4' title="bbox 592 1488 2006 1598; baseline 0 -30"><span class='ocrx_word' id='word_1_27' title='bbox 592 1490 688 1569; x_wconf 87' lang='lat' dir='ltr'>dicta</span> <span class='ocrx_word' id='word_1_28' title='bbox 704 1488 906 1581; x_wconf 85' lang='lat' dir='ltr'>Genovela,</span> <span class='ocrx_word' id='word_1_29' title='bbox 925 1518 968 1567; x_wconf 80' lang='lat' dir='ltr'>en</span> <span class='ocrx_word' id='word_1_30' title='bbox 989 1489 1086 1567; x_wconf 87' lang='lat' dir='ltr'>dicta</span> <span class='ocrx_word' id='word_1_31' title='bbox 1101 1489 1259 1598; x_wconf 83' lang='lat' dir='ltr'>Aelipsi,</span> <span class='ocrx_word' id='word_1_32' title='bbox 1276 1522 1390 1570; x_wconf 82' lang='lat' dir='ltr'>uxore</span> <span class='ocrx_word' id='word_1_33' title='bbox 1404 1492 1567 1571; x_wconf 89' lang='lat' dir='ltr'>secunda</span> <span class='ocrx_word' id='word_1_34' title='bbox 1581 1492 1762 1598; x_wconf 87' lang='lat' dir='ltr'>ejusdem.</span> <span class='ocrx_word' id='word_1_35' title='bbox 1777 1492 1888 1577; x_wconf 84' lang='lat' dir='ltr'>Item,</span> <span class='ocrx_word' id='word_1_36' title='bbox 1901 1494 2006 1598; x_wconf 87' lang='lat' dir='ltr'>quod</span> 
     </span>
     <span class='ocr_line' id='line_1_5' title="bbox 593 1618 2002 1729; baseline 0 -32"><span class='ocrx_word' id='word_1_37' title='bbox 593 1619 712 1699; x_wconf 79' lang='lat' dir='ltr'>dicttts</span> <span class='ocrx_word' id='word_1_38' title='bbox 727 1618 955 1701; x_wconf 90' lang='lat' dir='ltr'>Guillelmus</span> <span class='ocrx_word' id='word_1_39' title='bbox 966 1618 1098 1726; x_wconf 89' lang='lat' dir='ltr'>junior</span> <span class='ocrx_word' id='word_1_40' title='bbox 1109 1637 1146 1699; x_wconf 91' lang='lat' dir='ltr'>et</span> <span class='ocrx_word' id='word_1_41' title='bbox 1160 1620 1259 1697; x_wconf 85' lang='lat' dir='ltr'>dicta</span> <span class='ocrx_word' id='word_1_42' title='bbox 1273 1620 1479 1713; x_wconf 87' lang='lat' dir='ltr'>Genovefa,</span> <span class='ocrx_word' id='word_1_43' title='bbox 1495 1639 1687 1727; x_wconf 82' lang='lat' dir='ltr'><strong>tamquam</strong></span> <span class='ocrx_word' id='word_1_44' title='bbox 1708 1620 1881 1729; x_wconf 87' lang='lat' dir='ltr'>legittimi</span> <span class='ocrx_word' id='word_1_45' title='bbox 1898 1620 2002 1697; x_wconf 91' lang='lat' dir='ltr'>here·</span> 
     </span>
     <span class='ocr_line' id='line_1_6' title="bbox 592 1747 2007 1858; baseline 0.001 -31"><span class='ocrx_word' id='word_1_46' title='bbox 592 1751 660 1828; x_wconf 91' lang='lat' dir='ltr'>des</span> <span class='ocrx_word' id='word_1_47' title='bbox 675 1750 792 1857; x_wconf 88' lang='lat' dir='ltr'>ipsius</span> <span class='ocrx_word' id='word_1_48' title='bbox 811 1747 1008 1829; x_wconf 89' lang='lat' dir='ltr'>Guillelmi</span> <span class='ocrx_word' id='word_1_49' title='bbox 1026 1748 1201 1839; x_wconf 87' lang='lat' dir='ltr'>senioris,</span> <span class='ocrx_word' id='word_1_50' title='bbox 1216 1752 1256 1827; x_wconf 93' lang='lat' dir='ltr'>in</span> <span class='ocrx_word' id='word_1_51' title='bbox 1274 1751 1386 1829; x_wconf 89' lang='lat' dir='ltr'>bonis</span> <span class='ocrx_word' id='word_1_52' title='bbox 1401 1751 1517 1858; x_wconf 88' lang='lat' dir='ltr'>ipsius</span> <span class='ocrx_word' id='word_1_53' title='bbox 1534 1750 1729 1830; x_wconf 89' lang='lat' dir='ltr'>Guillelmi</span> <span class='ocrx_word' id='word_1_54' title='bbox 1749 1750 1954 1829; x_wconf 84' lang='lat' dir='ltr'>mobilibus</span> <span class='ocrx_word' id='word_1_55' title='bbox 1969 1769 2007 1829; x_wconf 91' lang='lat' dir='ltr'>et</span> 
     </span>
     <span class='ocr_line' id='line_1_7' title="bbox 591 1878 2007 1987; baseline 0 -32"><span class='ocrx_word' id='word_1_56' title='bbox 591 1879 850 1958; x_wconf 86' lang='lat' dir='ltr'>immobilibus</span> <span class='ocrx_word' id='word_1_57' title='bbox 865 1879 989 1956; x_wconf 91' lang='lat' dir='ltr'>eidem</span> <span class='ocrx_word' id='word_1_58' title='bbox 1005 1898 1275 1970; x_wconf 87' lang='lat' dir='ltr'>successerunt,</span> <span class='ocrx_word' id='word_1_59' title='bbox 1293 1909 1464 1959; x_wconf 85' lang='lat' dir='ltr'>unacum</span> <span class='ocrx_word' id='word_1_60' title='bbox 1473 1882 1584 1958; x_wconf 89' lang='lat' dir='ltr'>Petro</span> <span class='ocrx_word' id='word_1_61' title='bbox 1598 1879 1635 1957; x_wconf 90' lang='lat' dir='ltr'>le</span> <span class='ocrx_word' id='word_1_62' title='bbox 1646 1880 1843 1971; x_wconf 88' lang='lat' dir='ltr'>Normant,</span> <span class='ocrx_word' id='word_1_63' title='bbox 1860 1878 1940 1958; x_wconf 86' lang='lat' dir='ltr'>filio</span> <span class='ocrx_word' id='word_1_64' title='bbox 1955 1881 2007 1987; x_wconf 84' lang='lat' dir='ltr'>ip</span> 
     </span>
     <span class='ocr_line' id='line_1_8' title="bbox 590 2007 2003 2117; baseline 0.001 -30"><span class='ocrx_word' id='word_1_65' title='bbox 590 2009 668 2087; x_wconf 88' lang='lat' dir='ltr'>sius</span> <span class='ocrx_word' id='word_1_66' title='bbox 682 2008 876 2087; x_wconf 91' lang='lat' dir='ltr'>Guillelmi</span> <span class='ocrx_word' id='word_1_67' title='bbox 893 2007 1052 2086; x_wconf 88' lang='lat' dir='ltr'>senioris</span> <span class='ocrx_word' id='word_1_68' title='bbox 1067 2024 1105 2085; x_wconf 91' lang='lat' dir='ltr'>et</span> <span class='ocrx_word' id='word_1_69' title='bbox 1119 2008 1216 2086; x_wconf 90' lang='lat' dir='ltr'>dicte</span> <span class='ocrx_word' id='word_1_70' title='bbox 1236 2008 1396 2097; x_wconf 86' lang='lat' dir='ltr'>Aelidis,</span> <span class='ocrx_word' id='word_1_71' title='bbox 1412 2008 1577 2086; x_wconf 83' lang='lat' dir='ltr'><strong>secunde</strong></span> <span class='ocrx_word' id='word_1_72' title='bbox 1591 2037 1659 2087; x_wconf 92' lang='lat' dir='ltr'>sue</span> <span class='ocrx_word' id='word_1_73' title='bbox 1679 2009 1821 2100; x_wconf 83' lang='lat' dir='ltr'>uxoris,</span> <span class='ocrx_word' id='word_1_74' title='bbox 1843 2027 1881 2088; x_wconf 89' lang='lat' dir='ltr'>et</span> <span class='ocrx_word' id='word_1_75' title='bbox 1898 2013 2003 2117; x_wconf 90' lang='lat' dir='ltr'>qnod</span> 
     </span>
     <span class='ocr_line' id='line_1_9' title="bbox 590 2135 2002 2244; baseline 0.002 -32"><span class='ocrx_word' id='word_1_76' title='bbox 590 2136 873 2242; x_wconf 85' lang='lat' dir='ltr'>supervixerunt</span> <span class='ocrx_word' id='word_1_77' title='bbox 892 2136 1049 2241; x_wconf 85' lang='lat' dir='ltr'>predicti</span> <span class='ocrx_word' id='word_1_78' title='bbox 1066 2135 1135 2211; x_wconf 91' lang='lat' dir='ltr'>lilii</span> <span class='ocrx_word' id='word_1_79' title='bbox 1153 2154 1191 2213; x_wconf 90' lang='lat' dir='ltr'>et</span> <span class='ocrx_word' id='word_1_80' title='bbox 1208 2135 1286 2211; x_wconf 87' lang='lat' dir='ltr'>lilia</span> <span class='ocrx_word' id='word_1_81' title='bbox 1300 2136 1401 2213; x_wconf 91' lang='lat' dir='ltr'>dicto</span> <span class='ocrx_word' id='word_1_82' title='bbox 1420 2136 1649 2227; x_wconf 85' lang='lat' dir='ltr'>Guillelmo,</span> <span class='ocrx_word' id='word_1_83' title='bbox 1671 2138 1765 2244; x_wconf 90' lang='lat' dir='ltr'>patri</span> <span class='ocrx_word' id='word_1_84' title='bbox 1788 2167 1869 2217; x_wconf 89' lang='lat' dir='ltr'>sno.</span> <span class='ocrx_word' id='word_1_85' title='bbox 1890 2140 2002 2225; x_wconf 87' lang='lat' dir='ltr'>ltem,</span> 
     </span>
     <span class='ocr_line' id='line_1_10' title="bbox 589 2262 2004 2376; baseline 0.004 -34"><span class='ocrx_word' id='word_1_86' title='bbox 589 2265 693 2374; x_wconf 91' lang='lat' dir='ltr'>quod</span> <span class='ocrx_word' id='word_1_87' title='bbox 711 2266 831 2342; x_wconf 91' lang='lat' dir='ltr'>dictus</span> <span class='ocrx_word' id='word_1_88' title='bbox 851 2262 1095 2356; x_wconf 87' lang='lat' dir='ltr'>Guillelmus,</span> <span class='ocrx_word' id='word_1_89' title='bbox 1116 2281 1287 2370; x_wconf 89' lang='lat' dir='ltr'>tempore</span> <span class='ocrx_word' id='word_1_90' title='bbox 1306 2295 1383 2374; x_wconf 92' lang='lat' dir='ltr'>quo</span> <span class='ocrx_word' id='word_1_91' title='bbox 1398 2266 1478 2374; x_wconf 92' lang='lat' dir='ltr'>ipse</span> <span class='ocrx_word' id='word_1_92' title='bbox 1496 2266 1656 2357; x_wconf 80' lang='lat' dir='ltr'>vivebat,</span> <span class='ocrx_word' id='word_1_93' title='bbox 1682 2285 1721 2343; x_wconf 93' lang='lat' dir='ltr'>et</span> <span class='ocrx_word' id='word_1_94' title='bbox 1738 2285 1909 2376; x_wconf 89' lang='lat' dir='ltr'>tempore</span> <span class='ocrx_word' id='word_1_95' title='bbox 1927 2297 2004 2376; x_wconf 92' lang='lat' dir='ltr'>quo</span> 
     </span>
     <span class='ocr_line' id='line_1_11' title="bbox 589 2375 2089 2503; baseline 0.005 -32"><span class='ocrx_word' id='word_1_96' title='bbox 589 2396 668 2502; x_wconf 88' lang='lat' dir='ltr'>ipse</span> <span class='ocrx_word' id='word_1_97' title='bbox 689 2394 863 2483; x_wconf 79' lang='lat' dir='ltr'>decessit,</span> <span class='ocrx_word' id='word_1_98' title='bbox 882 2378 1035 2471; x_wconf 85' lang='lat' dir='ltr'>tenebat</span> <span class='ocrx_word' id='word_1_99' title='bbox 1051 2410 1089 2471; x_wconf 87' lang='lat' dir='ltr'>et</span> <span class='ocrx_word' id='word_1_100' title='bbox 1107 2394 1336 2499; x_wconf 78' lang='lat' dir='ltr'>possidebat,</span> <span class='ocrx_word' id='word_1_101' title='bbox 1359 2394 1406 2472; x_wconf 91' lang='lat' dir='ltr'>de</span> <span class='ocrx_word' id='word_1_102' title='bbox 1425 2396 1579 2503; x_wconf 89' lang='lat' dir='ltr'>proprio</span> <span class='ocrx_word' id='word_1_103' title='bbox 1599 2415 1807 2502; x_wconf 90' lang='lat' dir='ltr'>conquestu</span> <span class='ocrx_word' id='word_1_104' title='bbox 1826 2428 1912 2492; x_wconf 88' lang='lat' dir='ltr'>suo,</span> <span class='ocrx_word' id='word_1_105' title='bbox 1931 2429 2005 2478; x_wconf 91' lang='lat' dir='ltr'>nna</span> <span class='ocrx_word' id='word_1_106' title='bbox 2081 2375 2089 2389; x_wconf 91' lang='lat'><strong>.</strong></span> 
     </span>
     <span class='ocr_line' id='line_1_12' title="bbox 589 2522 2004 2631; baseline 0.004 -30"><span class='ocrx_word' id='word_1_107' title='bbox 589 2554 675 2602; x_wconf 90' lang='lat' dir='ltr'>cnm</span> <span class='ocrx_word' id='word_1_108' title='bbox 704 2524 802 2601; x_wconf 89' lang='lat' dir='ltr'>dicta</span> <span class='ocrx_word' id='word_1_109' title='bbox 826 2522 967 2611; x_wconf 83' lang='lat' dir='ltr'>Aelidi,</span> <span class='ocrx_word' id='word_1_110' title='bbox 992 2524 1156 2601; x_wconf 89' lang='lat' dir='ltr'>secunda</span> <span class='ocrx_word' id='word_1_111' title='bbox 1175 2552 1290 2601; x_wconf 81' lang='lat' dir='ltr'>uxore</span> <span class='ocrx_word' id='word_1_112' title='bbox 1312 2553 1394 2615; x_wconf 88' lang='lat' dir='ltr'>sua,</span> <span class='ocrx_word' id='word_1_113' title='bbox 1416 2524 1523 2631; x_wconf 90' lang='lat' dir='ltr'>plnra</span> <span class='ocrx_word' id='word_1_114' title='bbox 1540 2525 1640 2602; x_wconf 91' lang='lat' dir='ltr'>bona</span> <span class='ocrx_word' id='word_1_115' title='bbox 1660 2526 1814 2604; x_wconf 91' lang='lat' dir='ltr'>mobilia</span> <span class='ocrx_word' id='word_1_116' title='bbox 1828 2544 1866 2604; x_wconf 90' lang='lat' dir='ltr'>et</span> <span class='ocrx_word' id='word_1_117' title='bbox 1882 2529 2004 2606; x_wconf 92' lang='lat' dir='ltr'>inmo-</span> 
     </span>
     <span class='ocr_line' id='line_1_13' title="bbox 589 2652 2004 2760; baseline 0.002 -27"><span class='ocrx_word' id='word_1_118' title='bbox 589 2654 697 2744; x_wconf 85' lang='lat' dir='ltr'>bilia,</span> <span class='ocrx_word' id='word_1_119' title='bbox 722 2672 759 2732; x_wconf 89' lang='lat' dir='ltr'>et</span> <span class='ocrx_word' id='word_1_120' title='bbox 784 2653 992 2760; x_wconf 79' lang='lat' dir='ltr'>specialiter</span> <span class='ocrx_word' id='word_1_121' title='bbox 1010 2669 1161 2731; x_wconf 86' lang='lat' dir='ltr'>centurn</span> <span class='ocrx_word' id='word_1_122' title='bbox 1182 2652 1322 2731; x_wconf 89' lang='lat' dir='ltr'>solidos</span> <span class='ocrx_word' id='word_1_123' title='bbox 1349 2655 1465 2730; x_wconf 88' lang='lat' dir='ltr'>annui</span> <span class='ocrx_word' id='word_1_124' title='bbox 1490 2682 1624 2731; x_wconf 86' lang='lat' dir='ltr'>census</span> <span class='ocrx_word' id='word_1_125' title='bbox 1650 2656 1689 2732; x_wconf 91' lang='lat' dir='ltr'>in</span> <span class='ocrx_word' id='word_1_126' title='bbox 1714 2654 1892 2745; x_wconf 84' lang='lat' dir='ltr'>feudum,</span> <span class='ocrx_word' id='word_1_127' title='bbox 1913 2659 2004 2736; x_wconf 91' lang='lat' dir='ltr'>sitos</span> 
     </span>
     <span class='ocr_line' id='line_1_14' title="bbox 589 2782 2003 2891; baseline 0.003 -30"><span class='ocrx_word' id='word_1_128' title='bbox 589 2784 766 2872; x_wconf 87' lang='lat' dir='ltr'>Parisius,</span> <span class='ocrx_word' id='word_1_129' title='bbox 791 2810 905 2891; x_wconf 88' lang='lat' dir='ltr'>super</span> <span class='ocrx_word' id='word_1_130' title='bbox 931 2782 1087 2860; x_wconf 90' lang='lat' dir='ltr'>domum</span> <span class='ocrx_word' id='word_1_131' title='bbox 1113 2782 1202 2860; x_wconf 90' lang='lat' dir='ltr'>dicti</span> <span class='ocrx_word' id='word_1_132' title='bbox 1225 2783 1405 2861; x_wconf 83' lang='lat' dir='ltr'>lobannis</span> <span class='ocrx_word' id='word_1_133' title='bbox 1428 2782 1617 2878; x_wconf 90' lang='lat' dir='ltr'>Qui-Pie,</span> <span class='ocrx_word' id='word_1_134' title='bbox 1644 2784 1754 2863; x_wconf 87' lang='lat' dir='ltr'>sitam</span> <span class='ocrx_word' id='word_1_135' title='bbox 1779 2787 1819 2863; x_wconf 89' lang='lat' dir='ltr'>in</span> <span class='ocrx_word' id='word_1_136' title='bbox 1836 2788 1925 2866; x_wconf 54' lang='lat' dir='ltr'>nvico</span> <span class='ocrx_word' id='word_1_137' title='bbox 1955 2790 2003 2865; x_wconf 90' lang='lat' dir='ltr'>de</span> 
     </span>
     <span class='ocr_line' id='line_1_15' title="bbox 590 2912 2003 3018; baseline 0.004 -28"><span class='ocrx_word' id='word_1_138' title='bbox 590 2913 834 3003; x_wconf 86' lang='lat' dir='ltr'>Tonnelaria,</span> <span class='ocrx_word' id='word_1_139' title='bbox 862 2929 900 2989; x_wconf 93' lang='lat' dir='ltr'>et</span> <span class='ocrx_word' id='word_1_140' title='bbox 923 2912 1043 3018; x_wconf 87' lang='lat' dir='ltr'>quod,</span> <span class='ocrx_word' id='word_1_141' title='bbox 1065 2930 1215 2990; x_wconf 82' lang='lat' dir='ltr'>mortuo</span> <span class='ocrx_word' id='word_1_142' title='bbox 1241 2912 1341 2991; x_wconf 88' lang='lat' dir='ltr'>dicto</span> <span class='ocrx_word' id='word_1_143' title='bbox 1366 2912 1568 2992; x_wconf 90' lang='lat' dir='ltr'>Guillelmo</span> <span class='ocrx_word' id='word_1_144' title='bbox 1592 2916 1760 3007; x_wconf 88' lang='lat' dir='ltr'>seniore,</span> <span class='ocrx_word' id='word_1_145' title='bbox 1787 2916 1884 2995; x_wconf 89' lang='lat' dir='ltr'>dicta</span> <span class='ocrx_word' id='word_1_146' title='bbox 1903 2917 2003 2995; x_wconf 81' lang='lat' dir='ltr'>Aeli·</span> 
     </span>
     <span class='ocr_line' id='line_1_16' title="bbox 590 3042 2004 3138; baseline 0.002 -16"><span class='ocrx_word' id='word_1_147' title='bbox 590 3043 664 3133; x_wconf 89' lang='lat' dir='ltr'>dis,</span> <span class='ocrx_word' id='word_1_148' title='bbox 687 3072 781 3121; x_wconf 86' lang='lat' dir='ltr'>uxor</span> <span class='ocrx_word' id='word_1_149' title='bbox 799 3070 881 3136; x_wconf 88' lang='lat' dir='ltr'>sua,</span> <span class='ocrx_word' id='word_1_150' title='bbox 903 3068 946 3119; x_wconf 83' lang='lat' dir='ltr'>ex</span> <span class='ocrx_word' id='word_1_151' title='bbox 961 3042 1212 3120; x_wconf 83' lang='lat' dir='ltr'>convencione</span> <span class='ocrx_word' id='word_1_152' title='bbox 1228 3043 1354 3120; x_wconf 87' lang='lat' dir='ltr'>habita</span> <span class='ocrx_word' id='word_1_153' title='bbox 1374 3042 1472 3121; x_wconf 90' lang='lat' dir='ltr'>inter</span> <span class='ocrx_word' id='word_1_154' title='bbox 1491 3071 1575 3135; x_wconf 89' lang='lat' dir='ltr'>eos,</span> <span class='ocrx_word' id='word_1_155' title='bbox 1592 3043 1684 3121; x_wconf 89' lang='lat' dir='ltr'>dnm</span> <span class='ocrx_word' id='word_1_156' title='bbox 1706 3046 1860 3138; x_wconf 89' lang='lat' dir='ltr'>viveret,</span> <span class='ocrx_word' id='word_1_157' title='bbox 1881 3048 2004 3126; x_wconf 90' lang='lat' dir='ltr'>tenuit</span> 
     </span>
    </p>

    <p class='ocr_par' dir='ltr' id='par_1_3' title="bbox 588 3172 2079 3797">
     <span class='ocr_line' id='line_1_17' title="bbox 590 3172 2004 3282; baseline 0.004 -31"><span class='ocrx_word' id='word_1_158' title='bbox 590 3190 628 3251; x_wconf 88' lang='lat' dir='ltr'>et</span> <span class='ocrx_word' id='word_1_159' title='bbox 650 3172 817 3280; x_wconf 86' lang='lat' dir='ltr'>possedit</span> <span class='ocrx_word' id='word_1_160' title='bbox 840 3173 966 3251; x_wconf 83' lang='lat' dir='ltr'>omnia</span> <span class='ocrx_word' id='word_1_161' title='bbox 990 3172 1144 3250; x_wconf 89' lang='lat' dir='ltr'>mobilia</span> <span class='ocrx_word' id='word_1_162' title='bbox 1168 3189 1207 3249; x_wconf 88' lang='lat' dir='ltr'>et</span> <span class='ocrx_word' id='word_1_163' title='bbox 1229 3188 1458 3279; x_wconf 86' lang='lat' dir='ltr'>conquestus</span> <span class='ocrx_word' id='word_1_164' title='bbox 1481 3174 1683 3279; x_wconf 91' lang='lat' dir='ltr'>predictos,</span> <span class='ocrx_word' id='word_1_165' title='bbox 1706 3175 1753 3252; x_wconf 94' lang='lat' dir='ltr'>de</span> <span class='ocrx_word' id='word_1_166' title='bbox 1773 3176 1911 3282; x_wconf 90' lang='lat' dir='ltr'>quibus</span> <span class='ocrx_word' id='word_1_167' title='bbox 1931 3178 2004 3255; x_wconf 86' lang='lat' dir='ltr'>fao-</span> 
     </span>
     <span class='ocr_line' id='line_1_18' title="bbox 588 3301 2079 3407; baseline -0.001 -29"><span class='ocrx_word' id='word_1_168' title='bbox 588 3319 671 3379; x_wconf 91' lang='lat' dir='ltr'>tnm</span> <span class='ocrx_word' id='word_1_169' title='bbox 685 3301 758 3380; x_wconf 89' lang='lat' dir='ltr'>luit</span> <span class='ocrx_word' id='word_1_170' title='bbox 771 3301 1037 3392; x_wconf 87' lang='lat' dir='ltr'>inventarium,</span> <span class='ocrx_word' id='word_1_171' title='bbox 1053 3318 1092 3379; x_wconf 90' lang='lat' dir='ltr'>et</span> <span class='ocrx_word' id='word_1_172' title='bbox 1104 3302 1311 3407; x_wconf 85' lang='lat' dir='ltr'>specialiter</span> <span class='ocrx_word' id='word_1_173' title='bbox 1323 3302 1443 3379; x_wconf 89' lang='lat' dir='ltr'>dictos</span> <span class='ocrx_word' id='word_1_174' title='bbox 1459 3319 1610 3379; x_wconf 90' lang='lat' dir='ltr'>centnm</span> <span class='ocrx_word' id='word_1_175' title='bbox 1629 3303 1769 3382; x_wconf 89' lang='lat' dir='ltr'>solidos</span> <span class='ocrx_word' id='word_1_176' title='bbox 1785 3307 1900 3383; x_wconf 89' lang='lat' dir='ltr'>annui</span> <span class='ocrx_word' id='word_1_177' title='bbox 1916 3336 2002 3385; x_wconf 89' lang='lat' dir='ltr'>cen·</span> <span class='ocrx_word' id='word_1_178' title='bbox 2074 3371 2079 3377; x_wconf 89' lang='lat'><strong>.</strong></span> 
     </span>
     <span class='ocr_line' id='line_1_19' title="bbox 588 3430 2004 3540; baseline 0.003 -29"><span class='ocrx_word' id='word_1_179' title='bbox 588 3463 666 3525; x_wconf 86' lang='lat' dir='ltr'>sus,</span> <span class='ocrx_word' id='word_1_180' title='bbox 685 3433 866 3539; x_wconf 89' lang='lat' dir='ltr'>quamdiu</span> <span class='ocrx_word' id='word_1_181' title='bbox 881 3433 961 3540; x_wconf 88' lang='lat' dir='ltr'>ipsa</span> <span class='ocrx_word' id='word_1_182' title='bbox 973 3432 1077 3521; x_wconf 83' lang='lat' dir='ltr'>vixit,</span> <span class='ocrx_word' id='word_1_183' title='bbox 1099 3430 1651 3539; x_wconf 84' lang='lat' dir='ltr'>quantumadusum·l1uctum</span> <span class='ocrx_word' id='word_1_184' title='bbox 1667 3437 1950 3530; x_wconf 86' lang='lat' dir='ltr'>tantummodo,</span> <span class='ocrx_word' id='word_1_185' title='bbox 1966 3455 2004 3515; x_wconf 93' lang='lat' dir='ltr'>et</span> 
     </span>
     <span class='ocr_line' id='line_1_20' title="bbox 588 3561 2004 3671; baseline 0.004 -32"><span class='ocrx_word' id='word_1_186' title='bbox 588 3564 705 3669; x_wconf 92' lang='lat' dir='ltr'>qnod,</span> <span class='ocrx_word' id='word_1_187' title='bbox 719 3564 767 3640; x_wconf 96' lang='lat' dir='ltr'>de</span> <span class='ocrx_word' id='word_1_188' title='bbox 777 3561 1019 3641; x_wconf 88' lang='lat' dir='ltr'>restituendis</span> <span class='ocrx_word' id='word_1_189' title='bbox 1035 3562 1145 3639; x_wconf 88' lang='lat' dir='ltr'>dictis</span> <span class='ocrx_word' id='word_1_190' title='bbox 1155 3562 1278 3651; x_wconf 91' lang='lat' dir='ltr'>bonis,</span> <span class='ocrx_word' id='word_1_191' title='bbox 1294 3562 1372 3666; x_wconf 89' lang='lat' dir='ltr'>ipsa</span> <span class='ocrx_word' id='word_1_192' title='bbox 1386 3561 1494 3639; x_wconf 90' lang='lat' dir='ltr'>dedit</span> <span class='ocrx_word' id='word_1_193' title='bbox 1503 3562 1730 3654; x_wconf 74' lang='lat' dir='ltr'>sturionem,</span> <span class='ocrx_word' id='word_1_194' title='bbox 1747 3581 1784 3641; x_wconf 93' lang='lat' dir='ltr'>et</span> <span class='ocrx_word' id='word_1_195' title='bbox 1794 3567 2004 3671; x_wconf 87' lang='lat' dir='ltr'>specialiter</span> 
     </span>
     <span class='ocr_line' id='line_1_21' title="bbox 589 3688 2001 3797; baseline 0.004 -30"><span class='ocrx_word' id='word_1_196' title='bbox 589 3690 764 3797; x_wconf 89' lang='lat' dir='ltr'>obligavit</span> <span class='ocrx_word' id='word_1_197' title='bbox 784 3708 937 3796; x_wconf 91' lang='lat' dir='ltr'>propter</span> <span class='ocrx_word' id='word_1_198' title='bbox 955 3693 1028 3768; x_wconf 94' lang='lat' dir='ltr'>hoc</span> <span class='ocrx_word' id='word_1_199' title='bbox 1047 3690 1223 3795; x_wconf 89' lang='lat' dir='ltr'>predictis</span> <span class='ocrx_word' id='word_1_200' title='bbox 1244 3688 1448 3767; x_wconf 90' lang='lat' dir='ltr'>heredibus</span> <span class='ocrx_word' id='word_1_201' title='bbox 1473 3691 1600 3766; x_wconf 91' lang='lat' dir='ltr'>omnia</span> <span class='ocrx_word' id='word_1_202' title='bbox 1617 3692 1717 3768; x_wconf 90' lang='lat' dir='ltr'>bona</span> <span class='ocrx_word' id='word_1_203' title='bbox 1742 3719 1825 3780; x_wconf 90' lang='lat' dir='ltr'>sua,</span> <span class='ocrx_word' id='word_1_204' title='bbox 1848 3693 2001 3773; x_wconf 84' lang='lat' dir='ltr'>mobilia</span> 
     </span>
    </p>

    <p class='ocr_par' dir='ltr' id='par_1_4' title="bbox 585 3817 2003 5359">
     <span class='ocr_line' id='line_1_22' title="bbox 590 3817 1998 3929; baseline 0.002 -31"><span class='ocrx_word' id='word_1_205' title='bbox 590 3837 628 3898; x_wconf 91' lang='lat' dir='ltr'>et</span> <span class='ocrx_word' id='word_1_206' title='bbox 645 3820 850 3896; x_wconf 90' lang='lat' dir='ltr'>inmobilia.</span> <span class='ocrx_word' id='word_1_207' title='bbox 872 3820 982 3906; x_wconf 90' lang='lat' dir='ltr'>Item,</span> <span class='ocrx_word' id='word_1_208' title='bbox 1003 3817 1150 3895; x_wconf 90' lang='lat' dir='ltr'>dicebat</span> <span class='ocrx_word' id='word_1_209' title='bbox 1169 3818 1291 3895; x_wconf 86' lang='lat' dir='ltr'>dictus</span> <span class='ocrx_word' id='word_1_210' title='bbox 1310 3820 1457 3906; x_wconf 87' lang='lat' dir='ltr'>Petrus,</span> <span class='ocrx_word' id='word_1_211' title='bbox 1476 3818 1694 3896; x_wconf 91' lang='lat' dir='ltr'>nominibus</span> <span class='ocrx_word' id='word_1_212' title='bbox 1712 3821 1852 3926; x_wconf 90' lang='lat' dir='ltr'>quibus</span> <span class='ocrx_word' id='word_1_213' title='bbox 1872 3851 1998 3929; x_wconf 91' lang='lat' dir='ltr'>supra,</span> 
     </span>
     <span class='ocr_line' id='line_1_23' title="bbox 588 3946 2001 4057; baseline 0.004 -32"><span class='ocrx_word' id='word_1_214' title='bbox 588 3950 694 4057; x_wconf 93' lang='lat' dir='ltr'>quod</span> <span class='ocrx_word' id='word_1_215' title='bbox 715 3949 813 4026; x_wconf 90' lang='lat' dir='ltr'>dicta</span> <span class='ocrx_word' id='word_1_216' title='bbox 832 3948 1050 4036; x_wconf 88' lang='lat' dir='ltr'>Laurencia‚</span> <span class='ocrx_word' id='word_1_217' title='bbox 1073 3974 1166 4024; x_wconf 81' lang='lat' dir='ltr'>uror</span> <span class='ocrx_word' id='word_1_218' title='bbox 1190 3975 1274 4036; x_wconf 84' lang='lat' dir='ltr'>sua,</span> <span class='ocrx_word' id='word_1_219' title='bbox 1294 3962 1350 4025; x_wconf 88' lang='lat' dir='ltr'>est</span> <span class='ocrx_word' id='word_1_220' title='bbox 1370 3962 1407 4024; x_wconf 96' lang='lat' dir='ltr'>et</span> <span class='ocrx_word' id='word_1_221' title='bbox 1431 3946 1503 4026; x_wconf 86' lang='lat' dir='ltr'>luit</span> <span class='ocrx_word' id='word_1_222' title='bbox 1526 3947 1708 4056; x_wconf 89' lang='lat' dir='ltr'>legittima</span> <span class='ocrx_word' id='word_1_223' title='bbox 1735 3948 1812 4029; x_wconf 85' lang='lat' dir='ltr'>fitia</span> <span class='ocrx_word' id='word_1_224' title='bbox 1835 3969 1874 4029; x_wconf 92' lang='lat' dir='ltr'>et</span> <span class='ocrx_word' id='word_1_225' title='bbox 1891 3953 2001 4031; x_wconf 89' lang='lat' dir='ltr'>heres</span> 
     </span>
     <span class='ocr_line' id='line_1_24' title="bbox 590 4058 2002 4191; baseline 0.004 -35"><span class='ocrx_word' id='word_1_226' title='bbox 590 4058 683 4156; x_wconf 88' lang='lat' dir='ltr'>dicti</span> <span class='ocrx_word' id='word_1_227' title='bbox 699 4078 891 4156; x_wconf 90' lang='lat' dir='ltr'>Guillelmi</span> <span class='ocrx_word' id='word_1_228' title='bbox 911 4076 1114 4179; x_wconf 88' lang='lat' dir='ltr'>Normanni</span> <span class='ocrx_word' id='word_1_229' title='bbox 1129 4076 1307 4183; x_wconf 91' lang='lat' dir='ltr'>junioris,</span> <span class='ocrx_word' id='word_1_230' title='bbox 1330 4093 1368 4153; x_wconf 91' lang='lat' dir='ltr'>et</span> <span class='ocrx_word' id='word_1_231' title='bbox 1381 4076 1487 4182; x_wconf 92' lang='lat' dir='ltr'>qnod</span> <span class='ocrx_word' id='word_1_232' title='bbox 1505 4076 1596 4153; x_wconf 89' lang='lat' dir='ltr'>dicti</span> <span class='ocrx_word' id='word_1_233' title='bbox 1618 4077 1781 4157; x_wconf 88' lang='lat' dir='ltr'>minores</span> <span class='ocrx_word' id='word_1_234' title='bbox 1800 4099 1887 4159; x_wconf 91' lang='lat' dir='ltr'>sunt</span> <span class='ocrx_word' id='word_1_235' title='bbox 1899 4082 2002 4191; x_wconf 89' lang='lat' dir='ltr'>legit-</span> 
     </span>
     <span class='ocr_line' id='line_1_25' title="bbox 588 4205 1999 4318; baseline 0.004 -32"><span class='ocrx_word' id='word_1_236' title='bbox 588 4210 671 4287; x_wconf 92' lang='lat' dir='ltr'>timi</span> <span class='ocrx_word' id='word_1_237' title='bbox 687 4208 755 4286; x_wconf 86' lang='lat' dir='ltr'>filii</span> <span class='ocrx_word' id='word_1_238' title='bbox 772 4226 810 4285; x_wconf 90' lang='lat' dir='ltr'>et</span> <span class='ocrx_word' id='word_1_239' title='bbox 824 4208 983 4285; x_wconf 90' lang='lat' dir='ltr'>heredes</span> <span class='ocrx_word' id='word_1_240' title='bbox 996 4208 1093 4285; x_wconf 91' lang='lat' dir='ltr'>dicte</span> <span class='ocrx_word' id='word_1_241' title='bbox 1109 4205 1315 4298; x_wconf 86' lang='lat' dir='ltr'>Genovele‚</span> <span class='ocrx_word' id='word_1_242' title='bbox 1328 4207 1455 4283; x_wconf 87' lang='lat' dir='ltr'>matris</span> <span class='ocrx_word' id='word_1_243' title='bbox 1469 4236 1554 4297; x_wconf 91' lang='lat' dir='ltr'>sue,</span> <span class='ocrx_word' id='word_1_244' title='bbox 1567 4208 1693 4285; x_wconf 83' lang='lat' dir='ltr'>uxoris</span> <span class='ocrx_word' id='word_1_245' title='bbox 1706 4212 1897 4318; x_wconf 87' lang='lat' dir='ltr'>quondam</span> <span class='ocrx_word' id='word_1_246' title='bbox 1912 4214 1999 4291; x_wconf 90' lang='lat' dir='ltr'>dicti</span> 
     </span>
     <span class='ocr_line' id='line_1_26' title="bbox 590 4336 2003 4447; baseline 0.006 -30"><span class='ocrx_word' id='word_1_247' title='bbox 590 4340 754 4445; x_wconf 84' lang='lat' dir='ltr'>magistri</span> <span class='ocrx_word' id='word_1_248' title='bbox 775 4337 965 4418; x_wconf 89' lang='lat' dir='ltr'>Guillelmi</span> <span class='ocrx_word' id='word_1_249' title='bbox 984 4336 1135 4426; x_wconf 90' lang='lat' dir='ltr'>Juliani,</span> <span class='ocrx_word' id='word_1_250' title='bbox 1158 4354 1196 4413; x_wconf 92' lang='lat' dir='ltr'>et</span> <span class='ocrx_word' id='word_1_251' title='bbox 1214 4336 1318 4444; x_wconf 91' lang='lat' dir='ltr'>quod</span> <span class='ocrx_word' id='word_1_252' title='bbox 1338 4337 1436 4414; x_wconf 90' lang='lat' dir='ltr'>dicta</span> <span class='ocrx_word' id='word_1_253' title='bbox 1450 4337 1589 4429; x_wconf 80' lang='lat' dir='ltr'>delidi,</span> <span class='ocrx_word' id='word_1_254' title='bbox 1611 4349 1728 4417; x_wconf 83' lang='lat' dir='ltr'>matre</span> <span class='ocrx_word' id='word_1_255' title='bbox 1748 4342 1863 4447; x_wconf 91' lang='lat' dir='ltr'>ipsius</span> <span class='ocrx_word' id='word_1_256' title='bbox 1876 4341 2003 4425; x_wconf 92' lang='lat' dir='ltr'>Geno-</span> 
     </span>
     <span class='ocr_line' id='line_1_27' title="bbox 588 4465 2001 4575; baseline 0.005 -30"><span class='ocrx_word' id='word_1_257' title='bbox 588 4469 685 4558; x_wconf 88' lang='lat' dir='ltr'>vele,</span> <span class='ocrx_word' id='word_1_258' title='bbox 707 4486 746 4547; x_wconf 91' lang='lat' dir='ltr'>et</span> <span class='ocrx_word' id='word_1_259' title='bbox 764 4496 920 4546; x_wconf 88' lang='lat' dir='ltr'>noverca</span> <span class='ocrx_word' id='word_1_260' title='bbox 936 4467 1051 4575; x_wconf 87' lang='lat' dir='ltr'>ipsius</span> <span class='ocrx_word' id='word_1_261' title='bbox 1070 4465 1262 4546; x_wconf 90' lang='lat' dir='ltr'>Guillelmi</span> <span class='ocrx_word' id='word_1_262' title='bbox 1280 4467 1315 4543; x_wconf 91' lang='lat' dir='ltr'>le</span> <span class='ocrx_word' id='word_1_263' title='bbox 1330 4469 1511 4545; x_wconf 89' lang='lat' dir='ltr'>Normant</span> <span class='ocrx_word' id='word_1_264' title='bbox 1518 4468 1698 4575; x_wconf 89' lang='lat' dir='ltr'>junioris,</span> <span class='ocrx_word' id='word_1_265' title='bbox 1719 4488 1881 4563; x_wconf 86' lang='lat' dir='ltr'>mortua,</span> <span class='ocrx_word' id='word_1_266' title='bbox 1902 4474 2001 4553; x_wconf 88' lang='lat' dir='ltr'>dicta</span> 
     </span>
     <span class='ocr_line' id='line_1_28' title="bbox 588 4597 1999 4706; baseline 0.003 -28"><span class='ocrx_word' id='word_1_267' title='bbox 588 4601 688 4679; x_wconf 88' lang='lat' dir='ltr'>bona</span> <span class='ocrx_word' id='word_1_268' title='bbox 705 4616 744 4677; x_wconf 93' lang='lat' dir='ltr'>et</span> <span class='ocrx_word' id='word_1_269' title='bbox 757 4616 1000 4706; x_wconf 88' lang='lat' dir='ltr'>conquestus,</span> <span class='ocrx_word' id='word_1_270' title='bbox 1018 4616 1056 4676; x_wconf 91' lang='lat' dir='ltr'>et</span> <span class='ocrx_word' id='word_1_271' title='bbox 1065 4597 1272 4705; x_wconf 89' lang='lat' dir='ltr'>specialiter</span> <span class='ocrx_word' id='word_1_272' title='bbox 1285 4597 1373 4675; x_wconf 92' lang='lat' dir='ltr'>dicti</span> <span class='ocrx_word' id='word_1_273' title='bbox 1389 4615 1541 4675; x_wconf 90' lang='lat' dir='ltr'>centum</span> <span class='ocrx_word' id='word_1_274' title='bbox 1555 4599 1666 4676; x_wconf 91' lang='lat' dir='ltr'>solidi</span> <span class='ocrx_word' id='word_1_275' title='bbox 1678 4601 1792 4677; x_wconf 91' lang='lat' dir='ltr'>annui</span> <span class='ocrx_word' id='word_1_276' title='bbox 1809 4632 1941 4682; x_wconf 88' lang='lat' dir='ltr'>census</span> <span class='ocrx_word' id='word_1_277' title='bbox 1952 4606 1999 4682; x_wconf 89' lang='lat' dir='ltr'>ad</span> 
     </span>
     <span class='ocr_line' id='line_1_29' title="bbox 591 4726 1998 4835; baseline 0.002 -28"><span class='ocrx_word' id='word_1_278' title='bbox 591 4732 725 4809; x_wconf 88' lang='lat' dir='ltr'>dictam</span> <span class='ocrx_word' id='word_1_279' title='bbox 744 4729 988 4807; x_wconf 88' lang='lat' dir='ltr'>Laurenciam</span> <span class='ocrx_word' id='word_1_280' title='bbox 1010 4746 1047 4807; x_wconf 90' lang='lat' dir='ltr'>et</span> <span class='ocrx_word' id='word_1_281' title='bbox 1067 4727 1185 4807; x_wconf 89' lang='lat' dir='ltr'>dictos</span> <span class='ocrx_word' id='word_1_282' title='bbox 1201 4727 1339 4805; x_wconf 89' lang='lat' dir='ltr'>liberos</span> <span class='ocrx_word' id='word_1_283' title='bbox 1358 4726 1447 4805; x_wconf 88' lang='lat' dir='ltr'>dicti</span> <span class='ocrx_word' id='word_1_284' title='bbox 1461 4728 1626 4835; x_wconf 85' lang='lat' dir='ltr'>magistri</span> <span class='ocrx_word' id='word_1_285' title='bbox 1639 4728 1828 4809; x_wconf 90' lang='lat' dir='ltr'>Guillelmi</span> <span class='ocrx_word' id='word_1_286' title='bbox 1843 4733 1863 4808; x_wconf 89' lang='lat' dir='ltr'>J</span> <span class='ocrx_word' id='word_1_287' title='bbox 1867 4733 1998 4825; x_wconf 88' lang='lat' dir='ltr'>uliani,</span> 
     </span>
     <span class='ocr_line' id='line_1_30' title="bbox 589 4858 2000 4968; baseline 0.002 -30"><span class='ocrx_word' id='word_1_288' title='bbox 589 4877 771 4967; x_wconf 89' lang='lat' dir='ltr'>quantum</span> <span class='ocrx_word' id='word_1_289' title='bbox 792 4859 840 4937; x_wconf 88' lang='lat' dir='ltr'>ad</span> <span class='ocrx_word' id='word_1_290' title='bbox 859 4858 1124 4965; x_wconf 88' lang='lat' dir='ltr'>proprietatem</span> <span class='ocrx_word' id='word_1_291' title='bbox 1140 4874 1177 4935; x_wconf 91' lang='lat' dir='ltr'>et</span> <span class='ocrx_word' id='word_1_292' title='bbox 1190 4858 1481 4965; x_wconf 88' lang='lat' dir='ltr'>possessionem,</span> <span class='ocrx_word' id='word_1_293' title='bbox 1496 4884 1541 4935; x_wconf 84' lang='lat' dir='ltr'>ex</span> <span class='ocrx_word' id='word_1_294' title='bbox 1554 4860 1788 4963; x_wconf 83' lang='lat' dir='ltr'>successione</span> <span class='ocrx_word' id='word_1_295' title='bbox 1804 4880 2000 4968; x_wconf 87' lang='lat' dir='ltr'>parentum</span> 
     </span>
     <span class='ocr_line' id='line_1_31' title="bbox 589 4988 1999 5099; baseline 0.003 -31"><span class='ocrx_word' id='word_1_296' title='bbox 589 5016 763 5080; x_wconf 88' lang='lat' dir='ltr'>suorum,</span> <span class='ocrx_word' id='word_1_297' title='bbox 781 4990 1033 5082; x_wconf 89' lang='lat' dir='ltr'>obvenerunt,</span> <span class='ocrx_word' id='word_1_298' title='bbox 1054 4988 1243 5079; x_wconf 88' lang='lat' dir='ltr'>videlicet,</span> <span class='ocrx_word' id='word_1_299' title='bbox 1265 5005 1448 5095; x_wconf 89' lang='lat' dir='ltr'>quantum</span> <span class='ocrx_word' id='word_1_300' title='bbox 1468 4989 1516 5065; x_wconf 89' lang='lat' dir='ltr'>ad</span> <span class='ocrx_word' id='word_1_301' title='bbox 1534 5006 1678 5097; x_wconf 88' lang='lat' dir='ltr'>partem</span> <span class='ocrx_word' id='word_1_302' title='bbox 1690 4992 1869 5081; x_wconf 89' lang='lat' dir='ltr'>mediam,</span> <span class='ocrx_word' id='word_1_303' title='bbox 1887 4994 1999 5099; x_wconf 92' lang='lat' dir='ltr'>pleno</span> 
     </span>
     <span class='ocr_line' id='line_1_32' title="bbox 585 5118 2000 5230; baseline 0.004 -35"><span class='ocrx_word' id='word_1_304' title='bbox 585 5119 689 5225; x_wconf 87' lang='lat' dir='ltr'>jure,</span> <span class='ocrx_word' id='word_1_305' title='bbox 707 5136 758 5209; x_wconf 84' lang='lat' dir='ltr'>et,</span> <span class='ocrx_word' id='word_1_306' title='bbox 776 5137 959 5227; x_wconf 88' lang='lat' dir='ltr'>quantum</span> <span class='ocrx_word' id='word_1_307' title='bbox 973 5120 1020 5196; x_wconf 83' lang='lat' dir='ltr'>ad</span> <span class='ocrx_word' id='word_1_308' title='bbox 1031 5119 1140 5197; x_wconf 90' lang='lat' dir='ltr'>aliam</span> <span class='ocrx_word' id='word_1_309' title='bbox 1153 5118 1648 5208; x_wconf 85' lang='lat' dir='ltr'>medietatem,remiserunt</span> <span class='ocrx_word' id='word_1_310' title='bbox 1660 5120 1821 5213; x_wconf 89' lang='lat' dir='ltr'>eisdem,</span> <span class='ocrx_word' id='word_1_311' title='bbox 1832 5152 1900 5229; x_wconf 92' lang='lat' dir='ltr'>pro</span> <span class='ocrx_word' id='word_1_312' title='bbox 1913 5152 2000 5230; x_wconf 91' lang='lat' dir='ltr'>por·</span> 
     </span>
     <span class='ocr_line' id='line_1_33' title="bbox 591 5248 2000 5359; baseline 0.003 -34"><span class='ocrx_word' id='word_1_313' title='bbox 591 5248 698 5325; x_wconf 92' lang='lat' dir='ltr'>cione</span> <span class='ocrx_word' id='word_1_314' title='bbox 708 5250 904 5328; x_wconf 92' lang='lat' dir='ltr'>mobilium</span> <span class='ocrx_word' id='word_1_315' title='bbox 920 5251 1018 5357; x_wconf 89' lang='lat' dir='ltr'>ipsos</span> <span class='ocrx_word' id='word_1_316' title='bbox 1033 5250 1288 5358; x_wconf 83' lang='lat' dir='ltr'>contingente,</span> <span class='ocrx_word' id='word_1_317' title='bbox 1303 5277 1345 5326; x_wconf 86' lang='lat' dir='ltr'>ex</span> <span class='ocrx_word' id='word_1_318' title='bbox 1360 5248 1457 5329; x_wconf 85' lang='lat' dir='ltr'>facto</span> <span class='ocrx_word' id='word_1_319' title='bbox 1472 5251 1589 5357; x_wconf 90' lang='lat' dir='ltr'>ipsius</span> <span class='ocrx_word' id='word_1_320' title='bbox 1599 5249 1738 5330; x_wconf 87' lang='lat' dir='ltr'>Aelidis</span> <span class='ocrx_word' id='word_1_321' title='bbox 1748 5252 1895 5359; x_wconf 87' lang='lat' dir='ltr'>pignori</span> <span class='ocrx_word' id='word_1_322' title='bbox 1908 5252 2000 5329; x_wconf 92' lang='lat' dir='ltr'>obli·</span> 
     </span>
    </p>
   </div>
   <div class='ocr_carea' id='block_1_3' title="bbox 590 5366 1996 5488">
    <p class='ocr_par' dir='ltr' id='par_1_5' title="bbox 590 5366 1996 5488">
     <span class='ocr_line' id='line_1_34' title="bbox 590 5366 1996 5488; baseline 0.006 -35"><span class='ocrx_word' id='word_1_323' title='bbox 590 5390 684 5485; x_wconf 85' lang='lat' dir='ltr'>gat&#39;a.</span> <span class='ocrx_word' id='word_1_324' title='bbox 711 5379 820 5471; x_wconf 85' lang='lat' dir='ltr'>Item,</span> <span class='ocrx_word' id='word_1_325' title='bbox 847 5380 949 5486; x_wconf 86' lang='lat' dir='ltr'>quod</span> <span class='ocrx_word' id='word_1_326' title='bbox 979 5381 1103 5459; x_wconf 89' lang='lat' dir='ltr'>dictus</span> <span class='ocrx_word' id='word_1_327' title='bbox 1123 5381 1310 5459; x_wconf 83' lang='lat' dir='ltr'>lohannes</span> <span class='ocrx_word' id='word_1_328' title='bbox 1333 5381 1505 5476; x_wconf 86' lang='lat' dir='ltr'>Qui-Pie</span> <span class='ocrx_word' id='word_1_329' title='bbox 1528 5381 1683 5461; x_wconf 89' lang='lat' dir='ltr'>tenebat</span> <span class='ocrx_word' id='word_1_330' title='bbox 1709 5399 1747 5459; x_wconf 92' lang='lat' dir='ltr'>et</span> <span class='ocrx_word' id='word_1_331' title='bbox 1770 5366 1996 5488; x_wconf 88' lang='lat' dir='ltr'>possidebat,</span> 
     </span>
    </p>
   </div>
   <div class='ocr_carea' id='block_1_4' title="bbox 0 0 2914 7288">
    <p class='ocr_par' dir='ltr' id='par_1_6' title="bbox 0 0 2914 7288">
     <span class='ocr_line' id='line_1_35' title="bbox 0 0 2914 7288; baseline 0 0"><span class='ocrx_word' id='word_1_332' title='bbox 0 0 2914 7288; x_wconf 95' lang='lat' dir='ltr'> </span> 
     </span>
    </p>
   </div>
  </div>
 </body>
</html>
