5817 7292
860 1135 930 1207 150
1438 1129 1532 1203 Lus
1557 1127 1697 1203 OLIM.

627 1287 814 1347 eminuit,
854 1290 989 1354 ventus
1009 1273 1057 1351 de
1079 1272 1307 1373 Marchenis,
1329 1288 1459 1350 contra
1482 1272 1661 1350 comitem
1685 1269 1854 1349 Hanonie
1879 1288 1917 1349 et
1934 1271 2017 1379 ejus
2037 1288 2185 1379 gentes,
2206 1271 2281 1350 Iao-

688 1382 751 1424 ¹⁸⁰⁴'
854 1424 932 1485 tam
957 1432 1027 1510 per
1050 1404 1287 1513 prepositum
1315 1404 1675 1498 Sancti-Quintini,
1706 1407 1819 1508 super
1845 1402 2075 1510 quibusdam
2097 1402 2222 1509 prisiis
2244 1421 2283 1481 et

854 1535 1104 1626 novitatibus,
1128 1536 1175 1613 de
1196 1534 1337 1643 quibus
1358 1536 1446 1615 dicti
1467 1535 1632 1643 religiosi
1653 1533 1992 1641 conquerebantur,
2013 1533 2193 1641 petebant
2211 1532 2281 1642 ipsi

852 1667 1020 1777 religiosi
1035 1666 1153 1745 videri
1171 1684 1209 1745 et
1219 1666 1400 1775 judicari,
1416 1696 1437 1744 e
1452 1684 1581 1746 contm
1593 1683 1816 1775 procurator
1830 1665 1922 1745 dicti
1934 1665 2097 1756 comitis,
2110 1664 2283 1772 pluribus

853 1798 1085 1886 nacionibus,
1097 1796 1252 1906 petebat
1262 1824 1345 1875 eam
1358 1798 1563 1877 annullari:
1578 1796 1728 1877 Auditis
1738 1797 1854 1906 igitur
1861 1797 1952 1875 hinc
1963 1797 2054 1875 inde
2065 1796 2280 1905 propositis,

850 1961 920 2039 per
932 1946 1116 2009 arrestum
1134 1946 1263 2008 nostre
1284 1929 1400 2018 curie,
1418 1929 1563 2009 dictum
1580 1929 1653 2009 suit
1664 1930 1771 2038 quod
1785 1929 2005 2009 informacio
2017 1928 2188 2036 predicta
2204 1957 2281 2007 non

846 2062 1095 2172 judicabitur,
1118 2078 1156 2139 et
1175 2058 1286 2139 ambe
1305 2076 1430 2167 partes
1449 2090 1563 2168 super
1581 2060 1656 2139 hiis
1674 2090 1750 2169 que
1771 2090 1848 2139 una
1865 2078 1995 2139 contra
2015 2060 2127 2138 aliam
2142 2087 2283 2165 propo-

851 2222 942 2273 nere
961 2192 1152 2272 voluerint
1175 2190 1391 2286 audientur,
1424 2208 1463 2271 et
1485 2193 1553 2273 fiet
1570 2193 1652 2300 jus3
1675 2209 1714 2269 et
1737 2220 1851 2299 super
1873 2192 2012 2298 injuria
2035 2209 2075 2269 et
2098 2190 2280 2269 violencia

849 2325 944 2403 lacta
963 2324 1139 2405 servienti
1161 2323 1307 2402 domini
1321 2323 1433 2433 Regis
1447 2354 1518 2431 per
1531 2323 1778 2403 castellanum
1800 2321 1848 2401 de
1866 2324 2049 2414 Bochain,
2066 2340 2110 2401 ut
2128 2321 2278 2413 dicitur,

851 2457 991 2535 scietur
1010 2456 1163 2546 veritas,
1187 2472 1225 2535 et
1242 2454 1424 2563 punietur
1441 2470 1556 2565 prout
1573 2454 1689 2533 luerit
1706 2454 1879 2535 racionis.

909 2590 1017 2666 Lune
1035 2605 1123 2695 post
1137 2587 1368 2683 Brandqnes.

907 2852 1064 2932 XXVIII.
1096 2851 1195 2929 Cum
1212 2852 1313 2929 inter
1326 2849 1526 2959 religiosos
1538 2851 1639 2928 viros
1651 2850 1826 2929 abbatem
1838 2867 1877 2929 et
1892 2869 2121 2930 conventum
2134 2879 2284 2935 monas-

804 3072 808 3077 ,
850 2983 938 3062 terii
959 2982 1498 3076 Sancti-Quintini-in-Insula,
1524 3010 1569 3060 ex
1586 3012 1664 3061 una
1685 3001 1806 3091 parte,
1829 3002 1874 3062 et¹
1886 2986 2069 3093 majorem
2086 2999 2124 3062 et
2135 2983 2285 3091 juratos

850 3115 937 3193 ville
954 3112 1287 3208 Sancti-Quintini,
1305 3144 1349 3192 ex
1368 3114 1497 3204 altera,
1517 3144 1631 3221 super
1643 3133 1808 3223 quatuor
1826 3116 1993 3195 articulis
2011 3114 2108 3193 infra
2127 3142 2287 3223 sequen-

782 3290 790 3299 ·
850 3247 963 3325 tibus.
986 3244 1236 3323 controversia
1263 3261 1368 3322 mota
1392 3244 1540 3335 suisset,
1573 3245 1683 3323 dictis
1705 3246 1892 3356 religiosis
1919 3247 2131 3325 dicentibus
2155 3245 2281 3353 quod,

853 3407 940 3456 cum
967 3376 1037 3483 ipsi
1063 3392 1189 3455 essent
1213 3394 1251 3454 et
1273 3376 1496 3479 fuissentin
1519 3375 1655 3453 saisina
1680 3376 1849 3484 piscandi
1876 3378 1916 3453 in
1943 3378 2051 3485 aquis
2077 3376 2156 3454 suis
2180 3375 2283 3481 apud

854 3508 1302 3603 Sanctum-Quintinum,
1331 3524 1446 3616 prout
1469 3536 1510 3586 se
1538 3525 1792 3614 comportant,
1818 3509 1949 3617 major,
1973 3509 2090 3619 jurati
2116 3524 2155 3587 et
2179 3536 2283 3585 com-

854 3642 985 3721 munia
1002 3640 1091 3718 ville
1120 3640 1289 3748 predicte
1311 3639 1431 3718 dictos
1457 3637 1654 3751 religiosos
1677 3641 1718 3718 in
1742 3640 1842 3718 dicta
1864 3640 2000 3718 saisina
2017 3639 2185 3747 piscandi
2214 3638 2284 3714 im-

853 3773 1061 3880 pediebant
1079 3771 1217 3882 injuste
1241 3789 1280 3850 et
1303 3773 1351 3850 de
1367 3800 1483 3861 novo,
1503 3772 1644 3849 vadum
1664 3773 1713 3850 de
1728 3801 1826 3851 novo
1844 3770 2020 3851 faciendo
2038 3789 2078 3851 et
2092 3770 2196 3849 licias
2213 3769 2284 3848 ibi-

855 3906 945 3983 dem
968 3905 1171 4011 ponend03
1200 3920 1450 4012 peterentque
1485 3903 1574 3981 dicti
1604 3903 1769 4012 religiosi
1797 3903 1942 3983 dictum
1967 3902 2284 4011 impedimentum

823 4078 824 4083 =
855 4035 1034 4126 amoveri,
1053 4053 1091 4113 et
1110 4064 1175 4115 eos
1194 4036 1234 4112 in
1251 4035 1350 4113 dicta
1364 4036 1500 4114 saisina
1518 4034 1673 4142 pacifice
1689 4035 1829 4126 teneri3
1845 4034 2026 4144 predictis
2044 4035 2206 4144 majore,
2222 4033 2285 4142 ju·

854 4168 944 4247 ratis
959 4185 997 4246 et
1012 4168 1232 4247 communia
1247 4168 1478 4247 contrarium
1498 4165 1766 4255 asserentibus,
1784 4184 1823 4246 et
1835 4166 2055 4273 petentibus
2069 4197 2091 4243 a
2103 4165 2285 4274 predictis

855 4328 894 4377 se
915 4299 1077 4379 absolvi:
1095 4300 1182 4381 Visa
1209 4300 1382 4408 inquesta
1411 4327 1526 4407 super
1548 4298 1623 4377 hoc
1649 4299 1696 4376 de
1725 4299 1903 4377 mandato
1927 4316 2057 4378 nostro
2083 4297 2196 4389 lacta,
2217 4325 2286 4402 per

856 4428 959 4506 curie
978 4446 1106 4508 nostre
1122 4430 1314 4539 judicium
1333 4431 1479 4509 dictum
1498 4429 1571 4508 Iuit
1589 4446 1628 4508 et
1645 4430 1938 4536 pronunciatum
1958 4430 2073 4508 dictas
2094 4430 2199 4508 licias
2220 4428 2286 4505 de-

855 4558 947 4639 bere
968 4557 1059 4636 inde
1078 4560 1259 4649 amoveri,
1281 4577 1319 4638 et
1339 4563 1461 4641 dictos
1479 4560 1676 4668 religiosos
1701 4561 1741 4637 in
1765 4561 2001 4667 possessione
2024 4560 2191 4667 predicta
2208 4559 2285 4664 pis-
2421 4600 2425 4608 ·

857 4687 967 4765 candi
992 4689 1146 4795 pacifice
1175 4689 1314 4767 debere
1340 4690 1475 4767 teneri.
1502 4691 1602 4768 Dicti
1626 4709 1756 4771 tamen
1776 4693 1908 4801 major,
1924 4692 2040 4801 jurati
2059 4705 2099 4767 et
2116 4718 2285 4767 commu·

857 4821 934 4909 uia,
951 4848 1021 4927 pro
1037 4814 1199 4897 utilitate
1220 4822 1431 4911 communi,
1454 4821 1706 4901 remanebunt
1725 4823 1765 4900 in
1784 4824 1918 4903 saisina
1932 4822 2020 4901 dicti
2036 4820 2137 4911 vadi,
2154 4848 2283 4897 verum

745 4948 747 4955 ’
857 4950 888 5027 si
908 4950 1064 5059 aliquod
1077 4951 1291 5059 periculum
1311 4968 1466 5060 propter
1480 4952 1619 5032 Iossam
1633 4956 1693 5033 vel
1707 4953 1818 5033 aliam
1828 4956 1971 5064 justam
1986 4980 2134 5031 causam
2152 4950 2193 5029 in
2212 4978 2284 5028 usu

858 5080 948 5158 dicti
967 5082 1051 5161 vadi
1076 5082 1293 5174 immineat,
1315 5084 1373 5161 vel
1392 5084 1670 5163 racionabiliter
1693 5085 1883 5176 timeatur,
1905 5085 2049 5163 dictum
2071 5080 2283 5191 periculum

858 5211 1092 5292 amovebitur
1117 5243 1186 5323 per
1205 5243 1295 5293 eum
1323 5217 1388 5323 qui
1410 5216 1602 5325 justiciam
1628 5217 1743 5295 habet
1769 5217 1934 5295 indicto
1953 5218 2070 5301 vado,
2096 5213 2127 5292 si
2157 5229 2283 5291 autem

859 5342 1053 5453 negligens
1070 5344 1129 5423 vel
1155 5346 1196 5422 in
1216 5344 1367 5423 delectu
1391 5345 1507 5427 luerit
1526 5346 1758 5457 justiciarius
1775 5347 1987 5454 predictus,
2016 5377 2084 5455 per
2101 5346 2283 5424 ballivum

858 5494 1032 5556 nostrum
1050 5476 1388 5558 viromandensem
1407 5478 1681 5584 providebitur,
1707 5478 1758 5555 ita
1781 5478 1886 5583 quod
1917 5506 2006 5555 usus
2027 5478 2116 5556 dicti
2135 5476 2217 5555 vadi
2238 5477 2285 5552 sit
