5817 7292
857 1030 931 1104 346
1122 950 1129 983 ⁴
1431 1031 1523 1102 LES
1558 1029 1700 1104 OLIM.

632 1185 761 1238 Panum
772 1181 816 1246 tv,
856 1171 998 1250 rentiui
1013 1185 1137 1248 essent
1151 1169 1191 1248 in
1207 1167 1356 1248 defectu
1371 1170 1561 1278 justiciam
1579 1169 1758 1258 sumendi,
1777 1170 1879 1248 etde
1899 1170 2071 1276 predicto
2091 1170 2218 1248 debito
2239 1187 2278 1248 et

692 1275 757 1320 m
856 1301 1037 1380 flactione
1055 1300 1186 1378 arresti
1203 1299 1328 1378 eidem
1344 1317 1547 1392 constaret,
1566 1300 1670 1407 quod
1684 1328 1751 1407 per
1766 1299 2048 1379 concessionem
2069 1301 2219 1380 marche
2239 1317 2278 1377 et

857 1433 939 1512 aliis
946 1432 1044 1539 juris
1060 1430 1239 1510 remediis
1253 1448 1382 1511 contra
1400 1432 1501 1540 ipsos
1518 1433 1758 1538 procederet,
1772 1433 1985 1510 secundum
2003 1417 2176 1511 tenorem
2196 1459 2277 1510 nos

855 1584 999 1643 trarum
1016 1563 1223 1642 litterarum
1240 1561 1506 1652 secundarum,
1526 1561 1679 1640 consule
1698 1580 1949 1642 mercatorem
1968 1557 2275 1642 Florentinorum

855 1695 956 1803 apud
968 1698 1196 1772 Nemausum
1208 1693 1545 1784 commoraucium,
1556 1693 1712 1770 nomine
1723 1694 1910 1800 ipsorum,
1923 1723 1944 1772 c
1955 1693 2276 1800 contrario‚plura

853 1843 1104 1934 proponente,
1120 1841 1365 1932 propterque
1385 1822 1534 1902 dicebat
1549 1824 1716 1931 predicta
1733 1824 1817 1903 fieri
1833 1853 1909 1903 non
1925 1825 2086 1917 debere,
2102 1825 2273 1914 tandem,

854 1957 963 2034 dictis
972 1956 1141 2062 partibus
1156 1955 1310 2048 auditis,
1326 1956 1451 2034 dictus
1460 1954 1705 2044 senescallus,
1724 1956 1763 2034 in
1778 1957 1904 2036 assisia
1914 1958 2156 2036 Nemausensi
2168 1956 2276 2034 dictis

852 2087 1013 2166 lohanni
1032 2106 1070 2166 at
1087 2087 1302 2196 Aymerico,
1318 2102 1448 2164 contra
1468 2103 1694 2166 mercatores
1714 2086 1975 2177 Florentinos,
1996 2087 2096 2194 apud
2115 2087 2274 2164 Nemau-

853 2247 939 2296 sum
949 2237 1240 2310 commorantes,
1253 2219 1443 2296 marcham
1452 2217 1653 2307 concessit,
1666 2219 1877 2298 secundum
1891 2217 2050 2296 formam
2064 2235 2102 2294 et
2116 2243 2274 2296 eonven-

855 2350 985 2429 ciones
1007 2351 1107 2428 inter
1126 2378 1197 2429 nos
1219 2367 1258 2428 et
1280 2366 1507 2428 mercatores
1526 2349 1694 2426 Ytalicos
1708 2349 1802 2429 olim
1825 2350 1958 2442 factam
1978 2379 1999 2426 a
2023 2377 2098 2455 qua
2121 2375 2272 2426 conces-

854 2481 959 2558 sione
981 2482 1103 2560 dictus
1122 2481 1271 2569 consul,
1293 2481 1447 2558 nomine
1474 2479 1646 2586 ipsorum
1665 2499 1918 2559 mercatorum
1942 2479 2270 2565 Florentinumm,

853 2611 902 2688 ad
915 2629 1080 2688 nostram
1095 2611 1237 2688 curiam
1252 2609 1467 2716 appellavit,
1487 2627 1525 2688 et
1541 2611 1802 2719 cognicionem
1818 2639 1928 2691 cause
1947 2611 2045 2690 dicte
2058 2608 2275 2718 appellaeio-
2322 2711 2330 2726 ·

853 2742 911 2818 nis
930 2742 1080 2818 cuidam
1099 2759 1228 2820 nostro
1249 2741 1507 2820 commissario
1531 2742 1697 2822 obtinuit
1719 2744 1923 2835 committi3
1946 2745 2029 2851 qui,
2057 2741 2105 2820 de
2133 2740 2276 2818 meritis

855 2873 952 2952 dicte
967 2874 1233 2982 appellacionis
1245 2899 1489 2981 cognoscens,
1504 2873 1641 2952 dictam
1651 2875 1934 2954 concessionem
1949 2874 2101 2952 marche
2113 2899 2278 2980 pronam

855 3006 962 3084 ciavit
979 3006 1127 3084 nullam
1147 3033 1247 3095 ease,
1267 3033 1289 3080 a
1307 3033 1383 3112 qua
1401 3006 1720 3111 pronunciacioue
1741 3023 1963 3112 procurator
1981 3004 2069 3082 dicti
2089 3004 2276 3111 Aymerici

855 3137 902 3214 de
923 3137 1054 3216 Castro
1068 3155 1107 3214 et
1124 3137 1222 3214 Petri
1242 3136 1447 3225 Peissonis,
1463 3135 1532 3213 filii
1554 3155 1593 3214 et
1606 3137 1758 3216 heredis
1778 3138 1868 3214 dicti
1887 3136 2083 3225 lobannis,
2105 3134 2275 3240 ipsorum

853 3268 1104 3374 procuratoris
1116 3267 1289 3355 nominc,
1304 3266 1354 3345 ad
1372 3284 1541 3345 nostram
1559 3267 1701 3351 curiam
1717 3265 1935 3371 appellavit:
1949 3265 2045 3344 Visis
2064 3263 2179 3368 igitur
2198 3289 2277 3338 om·

854 3398 966 3476 nibus
979 3398 1215 3505 processibus
1226 3397 1420 3506 predictis,
1431 3427 1501 3505 per
1514 3399 1618 3476 curie
1631 3411 1756 3476 nosue
1765 3394 1970 3504 judicium,
1983 3391 2273 3500 pronunciatum

854 3527 927 3606 luit
940 3530 1084 3607 dictum
1098 3529 1394 3608 commissarium
1406 3527 1508 3606 male
1522 3527 1808 3635 pronunciasse,
1825 3543 1864 3604 et
1879 3525 2093 3632 predictum
2105 3549 2274 3629 procura·

855 3677 979 3738 torem
994 3661 1094 3740 bene
1105 3660 1330 3769 appellass03
1345 3678 1402 3750 et,
1421 3688 1489 3767 per
1505 3660 1609 3736 idem
1619 3657 1824 3766 judicium,
1840 3656 2011 3764 predicte
2024 3651 2173 3732 marche
2186 3679 2273 3730 con-

784 3824 792 3838 ·
855 3792 989 3882 cessio,
1008 3819 1078 3898 per
1095 3792 1239 3872 dictum
1258 3791 1507 3872 senescallum
1522 3789 1634 3880 lacta,
1657 3787 1729 3866 suit
1747 3786 1979 3867 coulirumta.

908 3924 950 4000 ln
971 3923 1113 4002 octabis
1130 3924 1282 4002 Pasche.

910 4053 1069 4132 Cuillier
1084 4056 1296 4161 reportavit.

909 4314 1002 4391 XCI.
1032 4316 1131 4394 Cum
1150 4316 1345 4423 episcopus
1361 4315 1598 4396 Nivorneusis
1618 4334 1656 4392 et
1675 4315 1903 4396 Guillelmus
1924 4317 1971 4394 de
1987 4316 2189 4405 plaisiaco,
2208 4318 2277 4396 mi-

855 4445 908 4522 les
927 4463 1067 4535 noster,
1083 4445 1398 4554 proquibusdam
1418 4447 1546 4526 arduis
1566 4446 1703 4525 nostris
1719 4447 1902 4554 negociis,
1925 4447 1973 4525 ad
1992 4465 2117 4554 partes
2136 4449 2276 4528 liuthe-

855 4575 981 4652 nensis
1002 4576 1221 4655 seuescallia
1236 4578 1431 4667 destinati,
1447 4576 1686 4657 consulatum
1706 4593 1743 4656 et
1751 4577 1837 4685 jura
1858 4577 1964 4656 castri
1982 4577 2029 4655 de
2049 4577 2269 4682 Competro,

854 4706 1070 4784 senescallie
1090 4707 1278 4816 ejusdem,
1298 4725 1492 4815 nmquam
1512 4737 1672 4797 novum,
1695 4709 1777 4786 sinc
1798 4708 2047 4815 permissione
2063 4724 2187 4788 nostra
2205 4733 2272 4784 sau

854 4835 927 4913 alio
937 4837 1042 4942 justo
1055 4836 1169 4915 titulo
1182 4835 1340 4928 factum,
1355 4838 1404 4916 ad
1414 4866 1570 4917 manum
1585 4855 1750 4919 nostram
1768 4838 1983 4946 posuissent
1993 4867 2059 4916 seu
2076 4837 2165 4945 poni
2176 4861 2276 4914 men·

854 4967 1059 5060 davissent,
1080 4968 1320 5076 injungentes
1344 4998 1413 5049 seu
1433 4970 1578 5080 injungi
1604 4970 1782 5050 facientes
1805 4959 2024 5050 consulibus
2049 4969 2139 5048 dicti
2165 4970 2275 5048 castri

853 5097 1169 5204 quodipsi,insra
1178 5099 1260 5178 dies
1269 5101 1485 5180 seucscallie
1496 5103 1749 5182 llutbcneusis
1758 5101 1875 5180 lutari
1887 5101 2107 5180 immediate
2116 5100 2273 5206 proximi

853 5228 1091 5335 parlamenti,
1107 5257 1177 5338 per
1196 5231 1483 5337 inquisicionem
1504 5234 1655 5312 interim
1668 5233 1895 5325 faciendam,
1910 5234 2102 5341 ydoneum
2116 5227 2271 5308 titulum

855 5359 943 5438 dicti
955 5361 1172 5440 consulatus
1191 5361 1410 5469 probarent,
1423 5364 1589 5471 alioquin
1611 5393 1652 5442 ex
1672 5383 1764 5444 tuuc
1779 5365 1827 5442 de
1843 5364 1944 5443 dicto
1961 5362 2154 5444 consulatu
2171 5359 2274 5438 ordi·
