5817 7292
881 1107 953 1178 352

654 1267 785 1324 Parmeno
796 1269 841 1332 tv,
934 1248 1034 1327 Jovls
1048 1248 1227 1355 predicta.

717 1365 779 1407 1808.

937 1510 978 1589 C.
1010 1509 1109 1588 Cum
1130 1509 1276 1587 ducissa
1292 1507 1537 1614 L‘otboringic
1557 1507 1660 1584 curie
1681 1523 1805 1586 nostre
1821 1523 2026 1612 conquesta
2040 1506 2173 1586 luisset
2186 1510 2300 1614 quod,

881 1657 1026 1746 postet
1049 1637 1494 1744 contraappellacionem
1519 1634 1566 1713 ab
1591 1637 1670 1740 ipsa
1690 1636 1739 1713 ad
1764 1636 1963 1714 dominum
1982 1639 2123 1746 Regem
2143 1639 2304 1743 interpo·

880 1773 989 1848 sitam
1018 1799 1039 1846 a
1063 1769 1166 1847 curia
1190 1765 1469 1853 d’Audenarde‚
1495 1765 1642 1844 comitis
1665 1765 1858 1856 Flandrie,
1885 1794 1906 1841 a
1933 1766 2097 1874 quodam
2113 1767 2300 1874 judicato,

879 1930 948 2008 per
968 1901 1144 1979 homines
1168 1899 1267 1976 dicte
1293 1898 1395 1976 curie
1416 1925 1531 2003 super
1550 1897 1623 1974 boc
1650 1924 1671 1972 a
1690 1897 1791 1976 dicto
1812 1899 1949 1976 comite
1970 1899 2199 2008 conjuratos,
2222 1926 2303 1977 con·

880 2050 937 2107 tra
955 2032 1074 2136 ipsam
1093 2029 1190 2106 lacto
1210 2057 1278 2135 pro
1301 2027 1414 2105 fratre
1434 2028 1604 2106 Jobanne
1625 2025 1672 2104 de
1692 2011 1824 2116 Bevre,
1847 2029 1996 2108 racione
2017 2029 2123 2108 castri
2147 2045 2185 2106 et
2203 2045 2302 2106 terre

883 2161 930 2236 de
950 2162 1082 2274 Bevre,
1105 2159 1228 2236 dictus
1252 2185 1379 2236 comes
1403 2174 1441 2234 ct
1462 2158 1542 2264 ejus
1562 2157 1664 2234 curia
1683 2157 1851 2264 predicta
1871 2157 1977 2267 plura
1999 2173 2302 2262 attemptaverant

884 2306 1012 2368 contra
1035 2290 1174 2395 ipsam,
1201 2289 1240 2364 in
1265 2293 1348 2395 ejus
1368 2286 1624 2394 prejudicium
1650 2303 1689 2362 et
1713 2287 1813 2366 dicte
1836 2285 2100 2394 appellationis
2121 2314 2187 2364 sue
2212 2314 2300 2364 con·

882 2437 1089 2526 temptum,
1106 2436 1144 2495 et
1158 2435 1287 2496 contra
1304 2416 1607 2524 prohibicionem
1628 2403 1823 2496 servientis
1842 2417 1985 2496 domini
2002 2416 2111 2524 Regis
2127 2415 2302 2495 habentis

883 2578 996 2654 super
1006 2549 1079 2626 hoc
1088 2565 1328 2654 potestatem,
1341 2549 1424 2655 qui,
1442 2547 1567 2628 statim
1580 2565 1666 2654 post
1677 2548 1972 2654 appellacionem
1987 2547 2210 2655 predictam,
2228 2547 2302 2624 dic·

882 2698 958 2756 tam
979 2680 1165 2756 ducissam
1188 2696 1225 2755 et
1250 2679 1331 2785 ejus
1354 2678 1454 2755 bona
1478 2678 1622 2784 recepit
1640 2677 1680 2755 in
1703 2680 1819 2787 garda
1843 2697 1880 2756 et
1899 2665 2302 2788 protectiope⁸domini

882 2809 1007 2914 Regis,
1025 2807 1235 2886 inhibendo
1251 2809 1322 2901 eis,
1340 2825 1502 2914 exparte
1517 2808 1662 2887 domini
1678 2811 1806 2918 Regis,
1822 2837 1870 2886 ne
1884 2807 2031 2916 aliquid
2041 2823 2170 2886 contra
2184 2808 2302 2913 ipsam

883 2955 1163 3044 attemptarent,
1181 2939 1377 3044 requirens
1394 2938 1492 3016 dicta
1511 2956 1727 3045 attemptata
1749 2941 1905 3017 omnino
1925 2938 2106 3030 revocari,
2124 2937 2225 3016 etad
2240 2938 2304 3016 de-

882 3069 1007 3146 bitum
1033 3084 1169 3147 statum
1190 3069 1321 3147 reduci
1343 3102 1352 3146 :
1373 3070 1483 3146 Facta
1503 3096 1616 3174 super
1640 3069 1713 3146 hiis
1735 3071 1846 3147 certis
1871 3067 2110 3146 auditoribus
2133 3069 2305 3146 commis-

884 3201 1011 3290 sione,
1034 3215 1078 3296 et¹
1091 3199 1261 3305 inquesta
1279 3227 1394 3305 super
1410 3199 1605 3306 predictis,
1627 3201 1766 3278 vocatis
1784 3199 1968 3309 partibus,
1987 3198 2080 3277 facta
2095 3217 2133 3276 et
2151 3198 2200 3274 ad
2219 3225 2305 3296 nos-

882 3348 981 3406 tram
1005 3329 1148 3406 curiam
1170 3346 1379 3436 reportata,
1400 3331 1475 3408 visa
1500 3348 1538 3407 et
1561 3329 1761 3437 diligenter
1785 3330 2006 3416 examinata,
2031 3329 2221 3406 inventum
2248 3344 2304 3406 est

884 3456 1114 3535 sufficienter
1130 3459 1333 3565 probatum
1347 3461 1453 3566 quod
1470 3460 1593 3540 dictus
1612 3489 1737 3539 comes
1754 3477 1793 3538 et
1806 3460 1979 3537 homines
1999 3459 2096 3536 dicte
2116 3458 2236 3547 curie,
2255 3459 2302 3536 ab
2353 3565 2355 3572 y

885 3617 931 3666 eo
952 3589 1154 3697 conjurati,
1167 3608 1303 3698 postet
1318 3604 1444 3669 centra
1460 3590 1756 3700 appellacionem
1770 3590 1993 3697 predictam,
2008 3590 2116 3696 plura
2131 3587 2303 3668 fecerunt

884 3721 924 3796 in
943 3719 1113 3826 predicto
1134 3719 1291 3829 negocio
1306 3720 1474 3826 judicata
1498 3750 1567 3829 pro
1588 3723 1689 3800 dicto
1709 3721 1820 3798 fratre
1840 3721 2009 3797 lohanne
2024 3737 2157 3802 ,contra
2179 3719 2303 3798 ducis-

883 3878 961 3928 sam
981 3849 1206 3956 predictam,
1227 3849 1402 3930 videlicet
1414 3852 1629 3959 judicando
1646 3853 1790 3932 dictum
1812 3850 1963 3930 fratrem
1979 3851 2195 3928 'Jobannem
2215 3879 2305 3928 con-

880 3997 937 4056 tra
958 3977 1096 4056 dictam
1116 3981 1303 4059 ducissam
1320 3981 1509 4059 lucratum
1533 3981 1649 4061 luisse
1669 4010 1817 4060 causam
1837 4009 1965 4070 snam3
1986 3979 2100 4070 item,
2123 3980 2228 4087 quod
2247 4010 2306 4058 re-

884 4108 1071 4214 ciperetur
1085 4110 1133 4187 ad
1155 4111 1328 4189 saisinam
1348 4130 1449 4190 terre
1469 4111 1516 4190 de
1531 4113 1671 4204 Bevre3
1690 4113 1802 4204 item,
1819 4112 1925 4220 quod
1945 4111 2077 4188 saisina
2090 4111 2187 4189 dicte
2207 4129 2304 4188 terre

885 4236 1158 4318 deliberaretur
1173 4242 1318 4334 eidem,
1337 4243 1447 4334 item,
1465 4242 1593 4348 quod,
1606 4271 1673 4348 per
1692 4269 1807 4318 unam
1824 4240 2004 4318 festucam
2021 4269 2088 4321 seu
2107 4241 2303 4348 virgulam,

884 4367 955 4444 luit
967 4369 1014 4446 de
1033 4398 1076 4447 ea
1094 4372 1305 4462 investitus,
1321 4374 1500 4481 quodque
1520 4371 1643 4450 dictus
1661 4400 1788 4452 comes
1803 4373 1860 4450 vel
1873 4373 1954 4481 ejus
1968 4389 2114 4480 gentes,
2129 4371 2178 4450 de
2191 4371 2306 4478 ipsius

883 4499 1083 4590 mandato,
1106 4501 1249 4580 dictum
1271 4502 1423 4582 fratrem
1442 4503 1656 4582 iohannem
1677 4520 1886 4610 posuerunt
1906 4503 1946 4579 in
1963 4504 2098 4580 saisina
2117 4503 2304 4580 dictorum

884 4629 992 4704 castri
1013 4647 1051 4706 et
1071 4649 1188 4724 terre,
1204 4634 1292 4712 licet
1312 4635 1445 4712 eadem
1466 4634 1613 4713 ducissa
1632 4635 1778 4715 ibidem
1794 4633 1951 4712 baberet
1965 4649 2004 4712 ct
2017 4649 2163 4712 teneret
2178 4649 2306 4740 gentes

884 4785 986 4849 suas,
1004 4760 1101 4838 sicut
1119 4764 1313 4842 inventum
1329 4782 1386 4842 est
1399 4793 1468 4871 per
1483 4764 1694 4873 inquestam
1709 4765 1932 4871 predictam,
1948 4766 2130 4873 quodque
2149 4763 2305 4870 quidam

885 4887 932 4964 de
952 4887 1172 4971 bominibus
1192 4894 1291 4973 dicte
1313 4895 1417 4973 curie
1437 4913 1721 5003 procuratorem
1743 4894 1841 4972 dicte
1867 4895 2032 4988 ducisse,
2055 4895 2135 5002 ejus
2152 4893 2308 5002 negocia

884 5039 1198 5125 prosequentem,
1225 5025 1512 5104 verberaverunt
1539 5044 1577 5106 et
1601 5027 1739 5104 multas
1765 5024 1891 5107 eidem
1916 5025 2073 5134 injurias
2096 5024 2308 5102 intulerunt

883 5153 963 5254 ipsa
975 5149 1035 5226 die
1045 5154 1126 5258 'qna
1142 5153 1263 5231 extitit
1276 5156 1526 5262 appellatum
1543 5157 1749 5246 etidcirco,
1762 5184 1831 5263 per
1844 5156 1947 5234 curie
1959 5153 2303 5261 nostrejndicirun,

883 5297 958 5355 tam
979 5279 1078 5358 dicta
1094 5281 1261 5390 judicata
1287 5313 1402 5391 quam
1421 5286 1640 5366 investitura
1660 5304 1699 5365 et
1719 5287 1849 5364 missio
1874 5286 1964 5364 dicti
1985 5283 2107 5362 fratris
2124 5282 2307 5360 lobannis

884 5410 922 5484 in
942 5408 1076 5488 saisina
1098 5411 1287 5491 dictorum
1309 5415 1418 5492 castri
1443 5433 1483 5494 et
1500 5433 1599 5494 terre
1626 5415 1673 5494 de
1694 5416 1826 5503 bevre,
1849 5433 1888 5492 et
1906 5415 2088 5522 quicquid
2106 5442 2150 5492 ex
2175 5413 2230 5490 eis
2249 5441 2306 5490 se-
