5817 7292
1048 1126 1635 1236 nroutrsssrrnocts.
2001 1150 2053 1222 sa

631 1288 726 1369 toria
742 1304 788 1367 et
799 1287 847 1365 de
866 1284 1092 1377 Silvanector
1114 1286 1329 1393 quaomnia
1350 1285 1526 1365 dicebant
1539 1286 1631 1363 dicti
1647 1286 1815 1393 religiosi
1834 1289 1879 1365 ad
1898 1290 2055 1396 ipsos·et
2091 1300 2276 1365 Pmnnir,

632 1446 710 1499 non
728 1417 779 1495 ad
801 1416 921 1494 dictos
939 1416 1106 1523 hospites
1122 1416 1327 1523 pertinere3
1342 1422 1461 1523 hume
1478 1415 1657 1523 petebant
1675 1417 1766 1495 dicti
1785 1416 1951 1524 religiosi
1964 1448 2055 1525 pro-
2153 1393 2216 1437 Μ’

632 1548 805 1629 nunciati
819 1564 856 1625 et
867 1545 1063 1635 declarari,
1080 1574 1148 1653 per
1165 1547 1267 1626 curie
1282 1562 1410 1625 nostre
1420 1546 1627 1656 judicium,
1639 1547 1703 1654 jus
1718 1548 1891 1624 omnium
1903 1549 2054 1654 predic·
2074 1650 2078 1657 ¹

633 1678 829 1760 torumsd
849 1706 914 1757 eos
927 1680 1135 1787 pertinere,
1156 1678 1351 1787 dictosque
1371 1679 1540 1786 hospites
1558 1708 1581 1755 a
1596 1677 1779 1786 predictis
1802 1678 1953 1788 injustis
1967 1706 2054 1785 pos-

634 1808 865 1889 sessionibus
888 1836 958 1885 seu
974 1808 1121 1887 saisinis
1141 1816 1227 1887 esse
1244 1809 1412 1889 totaliter
1433 1809 1691 1915 expellendos,
1714 1809 1824 1888 dictis
1842 1810 2055 1919 hospitibus

634 1940 865 2019 cmtrerium
888 1938 1140 2016 asserentibus
1166 1939 1295 2017 multis
1321 1939 1536 2019 rosionibus
1561 1957 1599 2016 et
1624 1939 1839 2046 petentibus
1862 1969 1902 2017 se
1919 1940 1968 2019 ab
1987 1941 2058 2017 im·

634 2070 820 2178 peticione
841 2068 1030 2145 dictorum
1050 2068 1313 2176 religiosorum
1332 2090 1446 2175 super
1464 2068 1656 2175 premissis
1673 2070 1814 2148 absolvi
1836 2102 1845 2147 ε
1864 2069 2055 2162 Tandem,

635 2201 939 2308 inquestasiaper
950 2198 1147 2305 predictis,
1166 2199 1214 2276 de
1231 2199 1411 2277 mandato
1429 2217 1561 2278 nostro
1575 2199 1684 2292 lacta,
1702 2202 1779 2279 visa
1798 2218 1837 2279 et
1854 2200 2058 2308 diligenter

635 2331 857 2421 nundinale,
883 2330 973 2408 dicti
998 2330 1165 2437 hospites
1187 2331 1234 2411 ab
1253 2330 1495 2437 impetis-ione
1509 2332 1677 2437 predicta
1696 2332 1884 2411 dictorum
1902 2332 2056 2442 religio·

635 2488 763 2539 sonum
781 2460 937 2538 bierunt
954 2490 1024 2569 per
1041 2462 1145 2541 curie
1164 2479 1292 2542 nostre
1307 2462 1497 2571 judicium
1511 2462 1690 2541 absoluti.

690 2590 847 2671 Veneris
863 2592 1310 2699 postalnnunciaoionem
1329 2594 1498 2672 Domini.

685 2722 741 2801 Μ.
760 2721 882 2831 Aymo
898 2725 1110 2830 reportarit.

693 2984 849 3063 XLVIII.
881 2984 980 3061 Cum
1000 2984 1104 3060 curie
1123 2999 1250 3062 nostre
1264 2983 1519 3093 'signiIicalum
1535 2982 1668 3060 fuisset
1683 2983 1789 3090 quod
1805 2983 1994 3062 Guiardus
2008 2986 2058 3063 de

637 3114 818 3203 Marchia,
845 3114 1084 3206 domicellus,
1109 3114 1149 3189 in
1172 3112 1384 3191 castellania
1412 3113 1461 3190 de
1481 3113 1662 3191 slrchisco
1679 3113 1901 3221 proclamari
1918 3114 2061 3194 lecerat

638 3272 686 3321 ne
708 3246 793 3353 quis
818 3262 917 3321 erma
946 3244 1085 3321 dietam
1106 3243 1358 3321 castellaniam
1380 3244 1533 3332 vinum,
1558 3243 1795 3323 bladum-vel
1815 3244 1920 3322 aliud
1938 3247 2062 3353 quod-

638 3404 800 3483 cumque
834 3373 963 3452 venale
994 3372 1158 3451 deferret
1186 3373 1244 3451 vel
1272 3373 1410 3451 deferri
1440 3374 1596 3466 faceret3
1626 3375 1806 3483 quodque
1836 3375 2062 3453 senescallus

637 3506 906 3596 Xantonensis,
926 3523 1091 3613 exparte
1108 3520 1253 3599 nostra,
1270 3505 1476 3613 quemdam
1494 3505 1598 3582 misit
1616 3506 1840 3583 servientem
1852 3508 1901 3585 ad
1918 3507 2061 3585 dictum

637 3635 826 3728 bannum,
847 3655 1030 3744 tanquam
1048 3636 1191 3715 Iactum
1212 3634 1547 3726 inracionabiliter,
1572 3637 1869 3730 annullandum,
1893 3638 1938 3717 eo
1957 3638 2063 3746 quod

638 3768 907 3872 proclamando
925 3767 1050 3874 qlsod,
1074 3767 1122 3844 de
1143 3796 1381 3875 quacumque
1403 3766 1617 3845 castellania
1633 3768 1674 3844 in
1688 3768 1802 3845 aliam
1821 3768 1921 3845 dicte
1937 3796 2064 3845 senes—

639 3896 745 3975 callie
774 3898 1046 3987 castellaniam,
1073 3895 1204 3974 liceret
1235 3896 1394 3975 cuilibet
1419 3896 1594 3977 victualia
1617 3898 1836 4003 deportare3
1863 3898 2060 4005 quodque,

644 4026 734 4105 dum
755 4028 863 4107 idem
882 4028 1045 4105 serviens
1067 4027 1108 4104 in
1132 4026 1216 4106 loro
1241 4028 1289 4105 de
1309 4027 1491 4107 Archiaco
1512 4026 1724 4133 predictum
1746 4030 1966 4106 mandalum
1990 4028 2061 4108 sibi

641 4157 854 4265 injunctum
870 4158 1096 4264 adimpleret
1109 4175 1146 4236 et
1160 4157 1427 4265 proclamaret,
1443 4159 1583 4237 Petrus
1589 4156 1762 4236 Andrant
1774 4173 1815 4233 et
1827 4156 2060 4264 Aymericus,

640 4287 765 4366 vallati
794 4288 885 4366 dicti
912 4288 1087 4378 Guiardi,
1112 4290 1296 4367 ¹eumdem
1321 4288 1545 4365 servientem
1572 4290 1626 4365 sic
1651 4287 1864 4394 injunctum
1885 4286 1957 4365 sibi
1983 4288 2067 4367 offi-

642 4418 744 4496 cium
762 4436 1014 4508 exercentem,
1036 4426 1219 4528 oeperunt
1237 4448 1305 4529 per
1324 4434 1466 4527 guttur,
1489 4444 1577 4495 eum
1600 4434 1876 4497 arrestavemnt
1898 4446 1944 4495 er
1958 4436 2065 4525 parts

643 4550 734 4629 disti
754 4550 991 4642 Guiardi,·et
1007 4549 1108 4629 male
1124 4567 1393 4639 lmcuvsruau
1408 4551 1525 4644 trem,
1543 4550 1676 4629 Petne
1696 4548 1881 4642 Armant,
1896 4549 2063 4628 ballivus

644 4682 734 4762 disti
752 4682 926 4776 Guiardi,
952 4698 990 4759 et
1014 4682 1133 4760 eciam
1155 4682 1331 4792 'ejusdem
1358 4681 1517 4762 (lisiardi
1539 4682 1769 4791 prepositis,
1787 4682 1853 4789 qui
1871 4697 2069 4759 tuncerat

644 4816 746 4925 apud
769 4814 1016 4905 Ambiacum,
1043 4815 1108 4921 qui
1128 4821 1322 4922 presentes
1341 4813 1496 4893 fuerunt
1508 4813 1701 4892 maleficio
1722 4813 1956 4920 supradicto,
1980 4812 2069 4891 nul-

645 4944 745 5036 lum,
758 4944 913 5026 infacto
927 4944 1170 5053 hujusmodi,
1190 4945 1354 5023 arce'ndb
1368 4941 1630 5023 malefactores
1641 4942 1848 5051 predictos,
1865 4940 2067 5022 eonsilium

646 5094 892 5183 aposuerunta
910 5074 1396 5184 pmpterqoodsenescallo
1407 5080 1537 5154 nostro
1546 5074 1778 5153 xantonensi
1788 5073 2065 5160 mandavimus,

644 5236 713 5316 per
734 5212 881 5287 nostem
894 5207 1062 5297 litteras,
1084 5208 1209 5315 quod,
1237 5206 1376 5285 vocalis
1394 5206 1461 5314 qui
1484 5223 1608 5285 essent
1621 5204 1826 5294 ‚evomat
1843 5234 1962 5312 super
1983 5234 2071 5311 pre·

647 5338 757 5419 dictis
774 5357 814 5418 et
831 5368 965 5419 eorum
986 5340 1263 5418 circonstanciis
1273 5338 1465 5417 ‘universis
1487 5337 1688 5448 diligenter
1701 5338 1960 5445 inquireretur
1970 5336 2072 5413 reri-

648 5484 782 5563 ulem,
800 5488 838 5549 et
851 5472 1065 5580 inquestam
1078 5500 1194 5580 quam
1209 5470 1452 5551 indelaccret
1464 5468 1512 5548 ad
1524 5468 1627 5549 diem
1641 5465 1937 5548 sue-senescallia
1952 5472 2071 5545 nostri

1897 5624 1943 5685 13.
