5817 7292
1014 1089 1283 1199 nnoutrns
1310 1106 1374 1179 nr
1399 1090 1606 1179 rnocts.
1943 1104 2017 1177 ooo

602 1298 658 1311 --
673 1248 914 1357 Raymundus
933 1249 1069 1339 Conte,
1086 1296 1142 1309 -
1158 1249 1281 1327 dictus
1299 1242 1480 1335 Panb‘acs,
1494 1292 1552 1305 -·
1567 1246 1689 1322 dictus
1707 1242 1890 1335 Girardis,
1915 1292 1964 1305 —
1976 1246 2017 1321 P.
2061 1257 2189 1311 Parum
2202 1258 2245 1321 1v,

603 1380 1046 1470 Malcos,-Willelmus
1061 1379 1183 1469 Malio,
1196 1381 1280 1455 -J
1285 1440 1292 1455 .
1306 1374 1728 1485 Morgues,—Poncius
1738 1374 1954 1468 servientis,
1964 1424 2020 1433 —
2120 1344 2183 1391 ml

601 1514 632 1589 J.
654 1512 788 1601 Alarii,
810 1560 866 1570 —
885 1513 916 1588 J.
938 1512 974 1590 lo
989 1511 1143 1600 Fabres,
1162 1556 1218 1567 -
1234 1509 1446 1615 Stephanus
1465 1510 1604 1614 Rayna,
1622 1554 1675 1566 ·-
1695 1504 1908 1581 Bernardus
1926 1505 2020 1581 Con·

602 1642 851 1734 debeu,—J.
864 1644 1004 1749 Rayna,
1016 1640 1118 1718 filius
1130 1640 1308 1746 Stephani
1319 1638 1573 1747 Rapum-P.
1585 1633 2020 1724 Textoris,—-I.Alhec,

600 1772 788 1850 -dictus
797 1772 969 1860 Daumis,
981 1770 1361 1849 -dictusBoniorus
1372 1816 1446 1861 ,-
1458 1763 2019 1869 Willelmusderampanbac,

573 1930 579 1945 ·
600 1948 655 1961 -
679 1903 710 1979 J.
738 1902 957 1993 Chaunhac,
979 1948 1036 1961 -
1056 1902 1182 1978 Bonus
1202 1900 1302 1991 Pios,
1323 1946 1380 1959 -
1401 1899 1522 1974 dictus
1541 1896 1692 1984 Biscais,
1713 1940 1769 1953 -
1793 1894 1954 1972 Poncius
1973 1894 2021 1972 de

600 2030 818 2121 Chaunbac,
840 2076 896 2089 -
914 2032 1075 2108 Poncius
1091 2029 1153 2107 del
1170 2032 1257 2118 Bos,
1274 2074 1330 2086 —
1344 2025 1505 2104 Michael
1518 2025 1545 2103 li
1560 2026 1672 2113 Toze,
1687 2070 1743 2083 -
1758 2022 1938 2103 Girardus
1952 2025 2022 2103 Va·

599 2158 703 2249 obos,
720 2204 777 2217 -
796 2154 969 2237 Nicolaus
988 2161 1168 2246 Romeus,
1190 2204 1247 2217 —
1265 2158 1305 2233 P.
1321 2155 1467 2243 larloir,
1483 2200 1540 2213 -
1554 2155 1587 2229 J.
1607 2152 1772 2261 Langol,
1793 2156 1832 2230 Ρ.
1854 2154 1959 2245 Sabi,
1977 2156 2017 2230 P.

588 2286 804 2376 Garrosset,
824 2288 1040 2365 -Yterius
1058 2288 1105 2364 de
1125 2288 1178 2365 las
1194 2286 1362 2375 Gressas,
1380 2332 1434 2345 —-
1449 2284 1676 2362 Dalmaticus
1691 2284 1844 2365 Danhac
1863 2301 1901 2362 et
1912 2283 2019 2363 Guil-

596 2417 733 2495 lelmus
746 2418 894 2508 Iordas,
917 2417 1152 2496 domicellus.

652 2548 810 2627 Veneris
824 2565 910 2654 post
922 2548 1160 2626 Trinitatem.

653 2679 814 2785 Mangon
837 2678 1051 2783 reportavit.

652 2940 811 3017 XXXIII.
833 2938 946 3028 Cum,
970 2956 1132 3045 exparte
1148 2940 1326 3018 Iohannis
1342 2938 1389 3016 de
1404 2938 1597 3045 Cantepie,
1615 2939 1756 3031 militis,
1774 2956 1812 3016 et
1829 2940 1909 3049 ejus
1923 2972 2016 3019 uxo-

596 3071 661 3160 ris,
679 3069 789 3147 nobis
808 3069 940 3146 luisset
955 3066 1205 3177 significatum
1225 3069 1329 3177 quod
1350 3072 1459 3175 Hugo
1480 3069 1528 3147 de
1542 3069 1735 3160 Fillaines,
1752 3087 1844 3147 tunc
1857 3071 2016 3148 ballivus

595 3198 873 3289 Ambianensis,
896 3198 997 3306 ipsos
1017 3200 1244 3305 compellere
1264 3199 1454 3278 nitebatur
1473 3199 1521 3276 ad
1541 3201 1741 3277 emendam
1762 3228 1830 3306 pro
1849 3202 2016 3308 eoquod

595 3329 784 3407 Iohannes
807 3329 856 3405 de
879 3330 994 3437 Haya,
1017 3327 1194 3405 bannitus
1215 3331 1262 3406 de
1286 3358 1403 3434 regno
1426 3346 1555 3405 nostro
1575 3358 1662 3405 cum
1683 3329 1910 3435 quibusdam
1938 3330 2015 3407 suis

594 3457 855 3565 complicibus,
872 3460 1029 3537 domum
1046 3458 1136 3536 dicti
1150 3458 1279 3535 militis
1292 3460 1492 3537 intraverat
1503 3458 1695 3549 violenter,
1709 3477 1836 3537 contra
1846 3458 2014 3565 ipsorum

593 3591 798 3695 conjugum
813 3587 1054 3677 voluntatem,
1072 3606 1125 3678 et,
1144 3589 1230 3667 licet
1242 3589 1462 3695 porcariam
1475 3606 1642 3665 nostram
1656 3606 1873 3695 preceptum
1884 3588 2015 3669 luisset

595 3718 695 3794 dicto
714 3716 852 3792 ballivo
875 3733 920 3792 ut
941 3716 1041 3793 bona
1067 3718 1254 3792 dictorum
1282 3718 1500 3823 conjugum,
1526 3745 1569 3793 ea
1589 3717 1780 3794 occasione
1801 3734 1920 3823 capta,
1942 3719 2013 3794 sub

593 3845 738 3951 ydonea
751 3844 928 3921 caucione
941 3846 1171 3931 recrederet,
1184 3873 1383 3951 quousque
1396 3862 1492 3921 esset
1507 3845 1729 3951 inquisitum
1742 3844 1789 3921 de
1802 3845 1902 3921 dicto
1915 3844 2012 3925 lacto

594 3994 632 4053 et
651 3974 922 4053 circonstanciis
942 3974 1077 4082 ipsius,
1101 3991 1154 4064 et,
1171 4003 1239 4085 per
1259 3975 1400 4051 curiam
1415 3950 1597 4065 nostram,
1615 3974 1719 4081 quod
1734 3992 1830 4053 esset
1844 3976 2012 4054 raciona-

453 4150 457 4159 ·
592 4104 670 4181 bile
684 4104 914 4211 judicatum,
939 4105 1060 4182 dictus
1080 4107 1201 4212 Hugo,
1225 4123 1350 4211 spreto
1365 4104 1468 4182 dicto
1487 4106 1664 4181 mandato
1683 4120 1823 4195 nostro,
1844 4107 2012 4211 quamvis

593 4233 715 4310 dietus
729 4232 838 4311 miles
852 4235 1039 4341 ydoneam
1050 4235 1214 4313 dedisset
1227 4235 1443 4313 caucionem
1455 4234 1503 4310 de
1517 4234 1616 4313 dicta
1629 4234 1803 4322 emenda,
1819 4234 1850 4312 si
1865 4236 1912 4312 ad
1927 4264 2010 4313 eam

593 4379 793 4452 teneretur,
815 4364 1003 4471 predictos
1023 4366 1215 4474 conjuges,
1240 4394 1306 4472 per
1331 4365 1545 4471 capcionem
1563 4364 1753 4443 bonorum
1773 4381 1811 4441 et
1830 4365 2011 4472 explecta-

592 4494 739 4570 cionem
757 4492 1023 4601 fidejussorum
1044 4524 1215 4585 suorum,
1238 4496 1457 4604 explectavit
1476 4494 1634 4573 validius
1647 4523 1759 4602 quam
1774 4512 1877 4589 ante,
1900 4514 1937 4574 et
1956 4500 2011 4575 eis

592 4624 752 4730 dampna
769 4652 836 4731 per
857 4624 930 4719 boc
946 4624 1075 4703 intulit
1096 4653 1212 4733 usque
1233 4627 1279 4704 ad
1297 4654 1483 4703 summam
1502 4643 1754 4703 trecentarum
1772 4626 1952 4703 librarum
1972 4645 2010 4706 et

590 4734 765 4857 amplius,
779 4772 822 4833 ut
832 4755 1020 4847 dicebant,
1038 4786 1151 4863 super
1164 4756 1302 4865 quibus
1316 4756 1490 4863 dampnis
1499 4757 1756 4835 mandavimus
1768 4756 1909 4865 inquiri
1922 4787 2008 4835 cum

590 4882 789 4991 diligencia
812 4886 1034 4983 ueritatem:
1060 4888 1144 4983 Qua
1172 4887 1341 4995 inquesta
1367 4886 1461 4966 sacta
1489 4904 1527 4965 et
1555 4886 1604 4964 ad
1631 4887 1880 4995 judicandum
1904 4888 2006 4966 curie

589 5031 712 5091 nostre
742 5032 946 5124 reportata,
971 5017 1045 5095 visa
1076 5038 1113 5095 et
1140 5018 1342 5127 diligenter
1366 5018 1587 5108 examinata,
1613 5019 1702 5125 quia
1729 5018 1921 5097 inventum
1950 5036 2007 5095 est

589 5142 693 5247 quod
716 5143 837 5224 dictus
855 5147 1030 5239 ballivus,
1055 5150 1139 5228 data
1159 5149 1336 5228 caucione
1356 5151 1503 5257 ydoneo
1521 5176 1591 5255 per
1616 5149 1758 5227 dictum
1778 5148 1937 5226 militem
1957 5148 2006 5224 de

587 5270 768 5351 solvendo
788 5276 987 5359 emendam
1002 5304 1095 5385 que,
1110 5304 1180 5385 per
1197 5293 1363 5354 nostram
1376 5276 1535 5367 curiam,
1550 5278 1581 5354 si
1594 5278 1825 5356 inveniretur
1837 5275 2004 5382 culpabi-

588 5396 663 5475 lem
681 5400 729 5478 de
749 5404 818 5481 sibi
841 5406 1043 5517 impositis,
1059 5408 1305 5516 judicaretur,
1333 5434 1375 5485 ea
1395 5408 1589 5486 occasione
1607 5436 1727 5513 equos
1755 5407 1845 5485 dicti
1874 5402 2005 5481 militis
