5817 7292
890 1094 961 1167 too
1458 1086 1560 1171 'Lus
1589 1096 1729 1171 OLlM.
1772 1084 1775 1089 ¹

660 1234 845 1312 retransit,
886 1240 944 1318 cio
955 1268 996 1318 ac
1007 1256 1289 1347 procuratorem
1303 1239 1621 1319 Sancti-Maturini
1636 1228 2313 1349 Parisiensis,garantiraloreuainbaa

722 1344 783 1389 '³⁰⁹'
885 1390 989 1479 parre
1010 1372 1099 1450 aliea
1122 1372 1371 1452 iohannis‘de
1395 1372 1621 1462 Brebaneio,
1644 1372 1839 1461 exaltem,
1861 1398 1975 1478 super
1995 1399 2041 1452 eo
2065 1377 2172 1483 quod
2191 1379 2314 1459 buras

886 1504 1074 1584 lohannes
1088 1505 1135 1582 de
1144 1505 1386 1611 'liothomago
1400 1503 1575 1581 saisinam
1593 1502 1788 1611 cujusdam
1804 1503 1958 1592 domm,
1975 1505 2048 1585 site
2060 1508 2241 1599 Parisius,
2256 1512 2316 1590 ul-

887 1656 941 1713 tra
958 1640 1113 1713 Parvum
1130 1638 1286 1711 Pontem
1306 1636 1344 1709 in
1366 1634 1503 1741 Magno
1521 1634 1635 1719 Vico,
1655 1632 1703 1712 de
1722 1664 1795 1741 qua
1815 1636 1984 1715 ostensio
2003 1636 2098 1715 facta
2118 1638 2191 1718 luit
2209 1658 2248 1719 et
2266 1643 2314 1721 de

885 1796 958 1875 qua
979 1766 1127 1844 dicebat
1146 1795 1185 1843 se
1206 1765 1406 1871 spoliatum
1429 1764 1568 1873 injuste
1587 1762 1703 1842 fuisse
1713 1790 1783 1872 per
1796 1766 2014 1847 defensores
2029 1770 2237 1876 predictos,
2251 1802 2316 1880 pe-

885 1898 988 1976 tebat
1008 1898 1077 1976 sibi
1094 1897 1257 1987 restitui,
1276 1895 1448 2002 inquesta
1469 1894 1564 1995 lacta
1577 1923 1691 2001 super
1709 1897 1783 1975 boc
1795 1925 1864 2004 per
1882 1898 2120 2007 prepositum
2132 1903 2314 1983 parisien.

886 2059 983 2120 sem,
1000 2031 1122 2106 dictus
1141 2028 1354 2135 prepositus
1368 2026 1559 2133 predictos
1572 2024 1790 2108 defensores
1802 2031 2082 2111 sentencialiter
2096 2033 2254 2112 absolvit
2266 2036 2312 2113 ab

885 2161 1126 2268 impetisioue
1140 2160 1306 2269 predicta
1319 2158 1409 2236 dicti
1424 2158 1605 2235 Julra‘nnis
1624 2158 1676 2236 (le
1693 2162 1947 2270 liothomago,
1963 2182 2146 2242 reservata
2160 2166 2231 2243 sibi
2250 2191 2312 2244 su-

885 2319 953 2401 per
972 2294 1046 2372 hoc
1061 2295 1258 2401 questione
1274 2290 1531 2399 proprietatis,
1552 2289 1653 2368 salvo
1669 2292 1789 2369 ceiam
1804 2294 2190 2399 ipsisdeffensoribas
2206 2298 2310 2377 omni

881 2428 968 2535 jure
982 2444 1019 2505 et
1034 2427 1214 2503 interesse
1228 2420 1332 2530 quod
1345 2448 1430 2529 erga
1446 2422 1589 2501 (lictum
1601 2438 1768 2501 actorem
1782 2424 1852 2502 sibi
1863 2442 1987 2531 potest
2000 2444 2229 2533 competere,
2239 2429 2312 2505 rin

885 2575 967 2636 tute
984 2557 1192 2634 litterarum
1213 2554 1258 2630 in·
1268 2550 1431 2661 judicio,
1449 2552 1490 2629 in
1509 2550 1667 2629 modum
1679 2548 1942 2660 'probacionis,
1962 2556 2009 2634 ab
2026 2574 2186 2665 uuarpre
2205 2577 2310 2666 parte

885 2691 1170 2798 producturum,
1188 2704 1300 2793 aquo
1311 2684 1500 2793 judicato,
1515 2700 1708 2792 umquam
1726 2684 1878 2764 falso‘et
1892 2713 2021 2795 pravo,
2035 2687 2164 2767 dictus
2181 2691 2311 2769 Johan

883 2844 951 2897 nes
970 2820 1018 2897 de
1039 2819 1274 2923 Rothomago
1294 2815 1342 2893 ad
1356 2832 1522 2893 nostram
1542 2816 1685 2893 caniani
1703 2817 1929 2925 appellavit:
1949 2818 2123 2898 Partibus
2142 2820 2257 2929 igitur
2273 2822 2310 2899 in

885 2953 982 3029 dicta
1003 2949 1266 3058 appellacionis
1287 2971 1395 3025 causa
1419 2972 1546 3026 coram
1565 2947 1676 3051 nobis
1695 2950 2014 3056 comparentibus,
2036 2968 2075 3030 et
2092 2952 2208 3030 nichil
2225 2955 2310 3031 novi

883 3082 1200 3190 proponentibus,
1218 3080 1295 3157 viso
1315 3108 1494 3187 processu
1515 3081 1631 3187 partis
1650 3081 1867 3189 utriusque,
1889 3110 1958 3190 per
1977 3084 2082 3161 curie
2105 3102 2235 3162 nostre
2247 3084 2311 3191 ju-

881 3216 1025 3292 rlicium
1046 3212 1187 3290 dictum
1205 3212 1754 3320 luitpredictamprepositum
1769 3213 1868 3292 bene
1883 3214 2089 3321 judicasse,
2112 3232 2150 3292 et
2167 3214 2309 3292 dictum

882 3346 1091 3424 ¹,iohannem
1114 3344 1160 3420 de
1180 3342 1415 3453 Rothomago
1440 3342 1538 3422 inula
1558 3343 1780 3451 appellasse,
1801 3361 1841 3421 et
1860 3344 1966 3451 quael
1987 3345 2066 3451 ipse
2086 3345 2158 3425 boc
2179 3371 2310 3423 emen·

885 3477 999 3553 dabit.

939 3609 1038 3686 lovis
1056 3610 1096 3685 in
1109 3607 1204 3686 festo
1215 3608 1317 3685 beati
1329 3608 1533 3685 Vincencii.

939 3740 1045 3819 Greci
1066 3738 1281 3846 reportavit.

938 4006 1014 4081 XX.
1046 4004 1143 4083 Cum
1165 4022 1268 4083 mota
1288 4021 1388 4082 esset
1402 4002 1552 4111 questio
1577 4004 1674 4081 inter
1694 4020 1974 4109 procuratorem
1994 4021 2166 4083 nostrum
2185 4006 2310 4082 Petra·

881 4135 1129 4241 goricensem,
1146 4166 1187 4214 cx
1202 4160 1276 4214 una
1290 4153 1413 4243 parte,
1433 4152 1471 4213 et
1488 4134 1738 4213 senescallum
1750 4152 1788 4211 et
1802 4152 1932 4242 gentes
1943 4152 2034 4214 tunc
2047 4138 2146 4243 regis
2159 4135 2306 4244 buglis,

882 4266 986 4344 ducis
997 4267 1215 4375 Aquitania,
1231 4284 1440 4345 asserentes
1455 4266 1600 4346 dictum
1613 4291 1742 4375 regem
1759 4291 1840 4345 esse
1857 4267 2056 4345 dominum
2075 4264 2308 4373 superiorem

880 4398 953 4476 loci
974 4398 1178 4490 Salvitatis,
1193 4422 1236 4476 ex
1249 4399 1382 4489 altera,
1394 4398 1633 4508 presentibus
1646 4398 1810 4476 dominis
1829 4395 1904 4476 loci
1917 4398 2101 4478 Salvitatis
2113 4416 2152 4476 ct
2163 4416 2306 4505 partem

879 4528 1121 4621 facientibus,
1143 4548 1259 4637 prout
1270 4548 1494 4639 procurator
1511 4530 1682 4638 ipsoram
1701 4555 1827 4607 coram
1843 4529 1952 4607 nobis
1972 4528 2165 4609 confessus
2178 4528 2249 4607 fuit
2268 4530 2306 4605 in

831 4709 836 4717 ·
874 4662 982 4767 jure,
1000 4685 1113 4769 super
1132 4690 1178 4741 eo
1199 4663 1304 4771 quod
1326 4662 1476 4741 dicebat
1494 4662 1599 4743 idem
1618 4676 1839 4769 procurator
1858 4678 1989 4739 noster
2000 4660 2120 4771 quod,
2137 4660 2223 4738 licet
2238 4686 2306 4737 nos

880 4820 1047 4872 essemus
1068 4810 1106 4871 et
1118 4794 1235 4871 simus
1252 4794 1291 4871 in
1306 4793 1441 4873 saisina
1455 4793 1654 4872 exercendi
1670 4820 1823 4871 omnem
1833 4792 2023 4899 justiciam
2043 4792 2155 4870 altam
2167 4806 2207 4869 et
2223 4791 2306 4869 bas·

738 4997 741 5005 ,
879 4950 956 5000 sam
976 4925 1015 5001 in
1031 4924 1116 5003 loco
1130 4925 1179 5003 de
1196 4925 1369 5005 Salvitate
1385 4943 1423 5004 et
1435 4926 1476 5003 in
1486 4942 1570 5003 toto
1585 4923 1701 5003 feodo
1717 4922 2003 5002 rle'Camineriis
2022 4940 2062 5002 et
2072 4922 2114 5000 in
2131 4920 2306 5000 omnibus

877 5056 987 5131 terris
1010 5055 1253 5134 existentibus
1273 5057 1312 5133 in
1336 5056 1438 5135 dicto
1459 5054 1589 5146 feodo,
1616 5054 1757 5134 scilicet
1781 5054 1923 5133 in¹tote
1943 5052 2139 5164 parrochia
2162 5054 2307 5133 Sancti-

877 5182 1055 5263 Germani
1076 5187 1176 5266 etde
1197 5188 1449 5279 Monasteriis,
1469 5187 1517 5267 dc
1535 5184 1862 5267 SanctoPartlullo
1882 5204 1920 5265 et
1939 5187 1987 5262 dc
2002 5184 2182 5291 Dulphal,
2199 5200 2237 5260 et
2256 5184 2304 5261 de

878 5314 1211 5408 Sancto-Romano,
1235 5318 1341 5395 etde
1364 5318 1525 5398 Guisaco
1544 5337 1583 5396 et
1600 5316 1651 5395 tle
1670 5317 1839 5407 bubuco,
1862 5315 1915 5391 illi
1932 5316 2000 5422 qni
2020 5337 2060 5391 se
2080 5314 2212 5390 dicunt
2235 5313 2303 5391 do-

877 5447 967 5523 mini
990 5448 1193 5539 salvitatis,
1217 5450 1256 5525 in
1273 5449 1440 5557 quodam
1460 5452 1544 5529 loco
1560 5474 1681 5556 prope
1699 5448 1911 5527 Salehmem
1927 5445 2154 5553 inprsdieta
2175 5470 2305 5551 parm-
