5817 7292
854 1149 900 1226 sa
1324 1162 1328 1173 ·
1377 1152 1380 1161 ¹
1429 1126 1694 1220 'ass‘umu

622 1308 750 1360 ranam
771 1305 814 1369 lv,
853 1319 927 1404 per
936 1295 1139 1386 sarcientes
1148 1283 1301 1370 neurus
1315 1289 1577 1398 prohibentes,
1596 1307 1756 1397 exparte
1773 1306 1913 1379 nostra,
1931 1291 2074 1398 pluries
2087 1318 2133 1369 nc
2145 1297 2274 1402 gerbas

689 1398 753 1440 Μ
855 1447 892 1506 et
904 1428 1003 1506 buna
1023 1423 1190 1532 predicta
1206 1441 1439 1532 asportarent
1451 1447 1521 1502 seu
1533 1422 1702 1500 iacerent
1717 1423 2110 1530 asportariquousqne
2128 1423 2175 1502 de
2189 1429 2275 1534 jure

851 1560 1150 1667 parcium'esset
1174 1563 1339 1646 ‘certuni3
1359 1556 1515 1662 quibus·
1529 1554 1680 1630 arrectis
1704 1571 1742 1630 et
1764 1552 2094 1658 prohibicionibus
2125 1558 2275 1660 spretis,

852 1709 989 1799 gentes·
1003 1689 1092 1766 dicti
1113 1688 1257 1765 abbatis
1275 1687 1406 1794 gerbas
1427 1704 1475 1762 'et'
1495 1685 1600 1762 bona
1607 1699 1799 1768 arrestata·
1814 1703 1853 1762 et
1871 1685 1919 1760 in'
1931 1712 2046 1762 manu
2056 1704 2193 1765 ‘nostra'
2212 1713 2278 1795 po-

853 1826 938 1912 sita,
956 1820 1160 1899 utdictum
1177 1836 1247 1909 est,
1258 1819 1315 1893 *ad
1330 1817 1489 1894 domum
1502 1837 1609 1892 suam
1622 1835 1689 1894 seu
1705 1816 1896 1924 grangiam
1915 1817 1962 1894 de
1977 1819 2079 1896 Sarci
2093 1819 2278 1898 violenter

853 1974 891 2032 et
909 1980 995 2031 curn
1017 1951 1127 2028 armis
1146 1937 1446 2038 rescousserunt,
1469 1937 1714 2054 asportarunt‘
1722 1970 1801 2025 seu
1811 1948 1994 2054 asportari
2011 1949 2200 2043 iecerunt,
2224 1952 2280 2027 di-

854 2086 999 2162 cendo:
1019 2124 1030 2152 ιι
1044 2086 1127 2162 Non
1144 2079 1336 2158 babemus
1346 2082 1488 2186 Regem
1500 2078 1855 2187 ‘uec‘cogn'oscimus
1877 2097 2013 2170 eum;n
2037 2097 2075 2157 et
2094 2082 2277 2163 minando

854 2210 1252 2293 servientibusnostris
1268 2210 1316 2286 de
1331 2209 1603 2318 percuciend03
1620 2224 1765 2316 postea,
1782 2230 1873 2285 'cum
1884 2227 2017 2318 magna
2031 2211 2277 2289 multitudine

852 2347 1071 2431 bominum,
1088 2343 1360 2420 monachorum
1382 2340 1597 2420 et'aiiorum
1614 2343 1787 2449 equitum
1808 2343 2048 2450 etpeditum,
2064 2364 2153 2419 cum
2165 2344 2279 2420 armis

855 2476 1135 2586 apparentibus,
1153 2475 1201 2550 ad
1218 2473 1285 2550 alia
1305 2474 1385 2552 loca
1406 2490 1641 2573 accesserunt
1656 2490 1693 2550 et
1708 2473 1840 2581 gerbas
1855 2492 1893 2551 et
1908 2475 1980 2551 alia
1993 2475 2095 2552 bona
2107 2476 2147 2551 in
2159 2493 2279 2551 mauu

853 2628 980 2688 nostra
999 2607 1119 2715 posita
1139 2623 1176 2684 et
1196 2623 1385 2696 arrestata,
1407 2633 1524 2684 cornu
1544 2623 1714 2695 cornato,
1730 2606 1918 2684 violenter
1938 2624 2078 2683 etfcum
2100 2608 2213 2684 armis
2232 2605 2281 2682 ad

856 2742 990 2819 domos
1014 2763 1098 2816 suus
1125 2767 1193 2816 seu
1218 2740 1387 2848 grangias
1414 2738 1464 2814 de
1490 2738 1741 2846 (ibevingn‘es,
1771 2738 1818 2814 de
1837 2739 2026 2845 Besomay
2043 2723 2089 2814 'et
2112 2737 2280 2815 alibius*

855 2888 1092 2961 coussernnt,
1115 2887 1351 2975 asportarunt
1376 2887 1443 2945 seu
1469 2868 1649 2974 asportari
1673 2867 1858 2959 iecerunt,
1880 2867 2127 2945 servientibus
2145 2868 2282 2944 nostris

854 3002 1151 3109 presentibus'e'c
1170 3000 1251 3078 fieri
1273 3001 1672 3108 prohibentibns3'que
1689 3000 2018 3078 omnia'vide'n’tur-
2030 3022 2109 3077 esse
2129 2999 2223 3076 facta
2243 2999 2282 3076 in

855 3136 1081 3242 vituperium
1102 3121 1275 3211 nostrum
1301 3151 1338 3208 et
1354 3132 1614 3239 prejudicium
1638 3133 1752 3239 garde
1778 3149 1816 3209 et
1840 3131 2116 3239 jurisdictionis
2135 3147 2279 3219 nome,
2363 3181 2366 3187 -

853 3266 1147 3374 propterquod,
1165 3285 1236 3370 per*
1247 3263 1347 3342 curie
1366 3280 1491 3339 nostre
1503 3263 1712 3370 judicium,
1731 3263 1876 3340 dictum
1891 3263 2064 3340 abbatem
2078 3261 2282 3367 condemp-

855 3397 1027 3474 navimus
1044 3413 1084 3472 et
1102 3395 1427 3498 condempnemus
1452 3394 1496 3468 in
1504 3395 1678 3500 apumque
1696 3392 1867 3472 millibus
1882 3393 2067 3470 librarum
2081 3392 2282 3470 Turonen-

854 3532 1195 3636 siumparvorum,
1217 3525 1629 3634 nobisfseivendispeo
1642 3527 1839 3616 ¹emenda,
1860 3525 1911 3602 'de
1929 3524 2068 3630 quibus
2089 3522 2222 3599 damus
2242 3539 2282 3599 et

859 3661 1102 3738 concedimus
1120 3657 1258 3734 ballivo
1278 3675 1407 3735 nostro
1421 3657 1594 3764 predicto
1609 3675 1794 3736 trecentas
1808 3657 1922 3735 libras
1937 3658 2192 3744 Turonenses,
2210 3681 2279 3759 pro

853 3789 986 3870 dabore
1007 3808 1045 3868 et
1064 3789 1234 3896 expensis
1253 3817 1345 3896 quas
1362 3785 1493 3866 iecisse
1520 3790 1659 3867 dicitur
1678 3791 1717 3866 in
1736 3787 2004 3895 prosecucione
2022 3784 2281 3891 negocii‘me-

855 3921 1009 4011 morati,
1036 3946 1184 3998 necnon
1211 3909 1353 3997 dictum
1378 3920 1559 3998 bailivum
1579 3920 1805 3999 absolvimus
1829 3920 1875 3995 ab
1901 3917 2078 3996 omnibus
2102 3916 2283 4024 gravami-

857 4051 986 4142 nibus,
1011 4051 1198 4159 dampnis,
1222 4052 1389 4158 expensis
1410 4070 1448 4129 et
1467 4052 1615 4160 injuriis
1634 4052 1705 4129 sibi
1725 4050 1912 4157 impositis
1929 4066 1967 4125 et
1980 4046 2113 4154 petitis
2122 4067 2193 4153 per
2202 4046 2284 4123 ‘dic-

856 4200 941 4260 tum
959 4183 1161 4276 'abbatem
1172 4182 1355 4259 'similiter
1369 4183 1502 4289 'ipsum
1523 4184 1695 4261 abbatem
1715 4183 1762 4258 ab
1781 4180 1936 4287 *iujuriis
1953 4199 2046 4287 quas
2065 4194 2196 4287 'genta
2212 4194 2280 4254 suc

856 4313 988 4392 secisse
1009 4315 1186 4392 dicuntur
1202 4314 1303 4390 dicto
1323 4312 1461 4390 ballivo
1482 4316 1657 4391 duximus
1676 4313 1963 4390 absolvendum.
1981 4313 2093 4400 Item,
2110 4310 2284 4408 voiumus
2306 4320 2309 4324 ’
2420 4393 2425 4402 ,

858 4463 897 4521 et
915 4445 1142 4552 precipimus
1160 4445 1243 4522 ioca
1263 4444 1424 4522 resaisiri
1445 4445 1493 4521 da
1513 4443 1638 4553 gerbis
1658 4443 1801 4521 etaiiis·
1814 4443 1927 4520 bouis
1947 4443 2083 4520 amotis
2102 4458 2286 4546 et'aspor-

857 4576 944 4655 tatis
963 4601 1031 4683 per
1049 4593 1179 4682 gentes
1198 4576 1290 4653 dicti
1311 4574 1455 4653 abbatis
1474 4592 1561 4682 post
1577 4592 1763 4652 arrestum
1788 4591 1827 4652 et
1850 4575 2138 4681 apposicion'em
2151 4596 2284 4646 manus

856 4723 1153 4815 nostreprout,
1172 4707 1210 4783 in
1229 4707 1417 4784 sentencia
1437 4705 1704 4812 deputatorum
1723 4727 1749 4783 a
1761 4706 1873 4783 nobis
1886 4703 2088 4808 super-hoc
2100 4701 2189 4785 lata,
2206 4697 2285 4803 pie-

852 4839 947 4916 uius
961 4838 1193 4928 continuatum
1209 4835 1373 4944 insuper,
1391 4827 1724 4942 quiasufficienter
1734 4833 1925 4912 informati
1937 4845 2283 4934 smanaquantum

861 4971 909 5046 ad
929 4971 1191 5077 nospertinet,
1210 4970 1362 5046 racione
1383 4970 1497 5076 garde
1517 4988 1661 5062 nostre,
1682 4969 1731 5044 de
1746 4967 1879 5044 saisina
1895 4963 2086 5040 dictorum
2101 4960 2284 5068 episcopi,

856 5099 992 5179 decani
1012 5119 1057 5178 'et
1087 5100 1239 5208 capitoli
1267 5101 1718 5208 percipiendidecimaun
1745 5095 1945 5206 garbarum
1971 5111 2010 5171 et
2032 5093 2286 5201 (sciorumdam

860 5231 1023 5310 aliorum
1052 5231 1242 5311 bonorum
1270 5233 1310 5308 iu
1339 5233 1449 5309 terris¹
1470 5230 1751 5337 pertinentibus
1775 5228 1823 5304 ad
1851 5223 2218 5313 diaconissam,
2241 5222 2288 5299 de

860 5364 998 5472 quibus
1020 5362 1117 5441 sacta
1139 5382 1202 5442 ‘est
1230 5365 1411 5455 ostensio,
1439 5364 1584 5440 situatis
1611 5365 1649 5440 in
1665 5360 1824 5438 'ballivis
1838 5375 1978 5436 'nostra
1998 5354 2287 5444 'Matisconeusi,

859 5496 1036 5572 voinmus
1053 5508 1091 5570 et
1105 5494 1333 5600 precipimus
1354 5494 1591 5598 episcopum,
1615 5494 1859 5570 decanumet
1877 5487 2082 5596 capitulum
2095 5486 2291 5596 'predictos
