5817 7292
1073 1105 1344 1216 anoutrns
1361 1127 1431 1200 nr
1458 1107 1664 1200 ruccas.
2009 1129 2076 1202 aar

658 1291 844 1343 moure.
857 1266 994 1344 mmm
1007 1268 1109 1373 apud
1122 1267 1344 1356 Pissiacnm,
1359 1269 1466 1346 Luae
1481 1285 1568 1345 ante
1588 1266 1815 1344 nativitatem
1829 1267 1929 1346 beati
1943 1269 2082 1346 Johan·
2119 1280 2248 1334 Partim
2261 1279 2304 1342 Ν,

657 1395 902 1502 mamm
2181 1370 2242 1416 noa

715 1529 921 1635 Negaretus
937 1531 1056 1608 michi
1075 1530 1179 1607 dixit.
1486 1639 1489 1646 A

717 1791 805 1866 t111.
837 1791 952 1879 Cum,
964 1819 1035 1896 pro
1047 1792 1308 1870 attenuacione
1321 1791 1443 1870 debiti
1459 1792 1499 1868 in
1510 1820 1587 1896 quo
1601 1790 1712 1870 nobis
1724 1808 1952 1870 mercatores
1968 1789 2016 1868 de
2029 1819 2084 1868 so-

658 1921 791 1998 cietate
810 1921 1103 2030 Magne-Tabule
1123 1921 1294 2000 defuncti
1310 1922 1472 2000 Rolandi
1489 1923 1779 2029 Bon-Seigneun
1800 1921 2018 2000 mercatoris
2037 1922 2083 2000 de

659 2052 758 2128 Sena
775 2069 968 2141 tenentur,
986 2053 1058 2158 ipsi
1074 2053 1186 2133 nobis
1203 2054 1302 2130 inter
1320 2071 1445 2131 cetera
1458 2053 1701 2131 tradidissent
1719 2051 1971 2160 obligaciones
1989 2053 2084 2130 dno-

657 2209 742 2258 rum
757 2182 920 2260 millium
931 2200 971 2261 et
985 2184 1345 2294 quadringentarum
1363 2184 1545 2263 librarum
1567 2184 1866 2272 turonensium,
1888 2184 1928 2260 in
1946 2183 2085 2289 quibus

657 2311 834 2389 dicebant
849 2312 1024 2392 abbatem
1042 2331 1080 2391 et
1095 2331 1321 2393 conventum
1343 2315 1390 2392 de
1412 2316 1597 2422 Cereseyo
1616 2315 1688 2392 sibi
1704 2315 1843 2402 teneri3
1862 2332 1935 2392 ete
1956 2332 2084 2392 contra

656 2441 744 2519 dicti
756 2443 923 2551 religiosi
939 2463 1192 2550 proponerent
1205 2474 1246 2523 se
1258 2446 1306 2523 ad
1318 2445 1476 2552 plenum
1488 2444 1708 2524 satisfecisse
1720 2445 1992 2524 mercatoribus
2005 2474 2085 2552 pre-

656 2572 766 2653 dictis
781 2576 830 2654 de
844 2577 1004 2682 pecunia
1019 2578 1252 2684 supradicta:
1269 2578 1457 2671 Tandem,
1475 2578 1614 2656 auditis
1631 2577 1820 2656 dictorum
1834 2595 2083 2655 mercatorum

657 2721 695 2780 et
709 2722 839 2784 nostro
855 2708 1176 2811 procuratoribus,
1195 2725 1233 2783 et
1249 2708 1335 2783 visis
1351 2707 1487 2785 litteris
1503 2725 1540 2783 et
1558 2708 1797 2812 processibus
1816 2707 1985 2814 parcium
2000 2734 2084 2810 pre-

653 2833 860 2923 duanam,
881 2863 949 2941 per
968 2837 1071 2916 curie
1091 2851 1218 2917 nosne
1233 2837 1439 2942 judicium,
1461 2838 1752 2942 pronunciatum
1772 2837 1847 2918 fuit
1864 2837 1985 2916 dictos
2003 2835 2084 2914 reli-

654 2962 781 3070 giosos
802 2965 980 3070 probasse
1003 2996 1045 3049 se
1065 2966 1217 3073 plenam
1240 2965 1530 3047 satisfactionem
1553 2967 1684 3046 secisse
1708 2965 1979 3048 mercatoribus
1998 2996 2083 3073 pre-

655 3094 767 3173 diuis
781 3096 830 3174 de
844 3097 1003 3202 pemmia
1019 3099 1250 3203 supradicta,
1265 3098 1463 3204 dictosque
1479 3097 1676 3206 religiosos
1696 3125 1774 3177 non
1791 3127 1871 3178 asse
1884 3125 1999 3203 super
2013 3099 2084 3174 boc

653 3225 819 3330 amplius
833 3227 1103 3306 molestandus.

712 3357 812 3436 lovis
830 3376 918 3464 post
935 3358 1166 3436 nativitatem
1185 3359 1286 3437 beati
1303 3358 1677 3464 lobannisBaptiste.

708 3620 802 3698 HV.
831 3621 875 3696 ln
894 3621 1289 3726 caum-appellocionis
1308 3622 1408 3701 inter
1426 3618 1752 3726 arehiepiscopum
1770 3618 2080 3698 Narbonnensem

655 3767 695 3824 et
705 3768 965 3855 preceptorem
982 3753 1029 3830 de
1042 3752 1211 3830 Petrosio
1228 3753 1269 3830 in
1282 3752 1473 3831 auditorio
1488 3750 1795 3840 senescelierum,
1812 3750 1911 3830 visus
1926 3766 1981 3826 est
1996 3777 2083 3853 pro-

657 3905 784 3956 cessus
796 3897 834 3957 et
847 3883 1060 3989 expeditus,
1072 3901 1190 3989 prout
1202 3884 1419 3961 continetur
1435 3882 1475 3960 in
1490 3879 1568 3962 line
1583 3879 1700 3959 rotuli
1717 3880 1832 3986 hujus
1844 3879 2078 3984 parlamenti.

946 4385 1218 4496 moussrs
1247 4385 1319 4471 nr
1347 4385 1458 4470 anu
1490 4381 1795 4472 rnoonssus

691 4624 851 4678 scolcarr
881 4627 913 4676 tlt
945 4625 1118 4689 SEQUENTI
1147 4623 1380 4676 restaurato
1411 4623 1622 4675 ocreatum!
1652 4620 2037 4680 ostrawa-sancroat'u.

1167 4839 1260 4883 “lto
1281 4840 1408 4883 nortui
1431 4837 1573 4882 ss'ssflvl·

711 5061 738 5140 1.
769 5062 945 5168 lnquesta
970 5060 1066 5140 lacta
1088 5088 1159 5165 pro
1184 5058 1424 5142 vicedomino
1441 5055 1608 5142 eaetuie
1631 5055 1842 5144 blemensis,
1863 5083 1933 5162 pro
1957 5057 2082 5163 judeis

657 5196 740 5301 ejus
759 5192 987 5300 originariis,
1006 5189 1187 5280 visasint,
1207 5208 1247 5269 et
1261 5218 1340 5270 non
1354 5189 1428 5271 luit
1437 5188 1606 5297 judicate
1624 5204 1778 5295 propter
1797 5185 1968 5268 delectus
1986 5185 2025 5262 in
2038 5213 2080 5264 ea

658 5341 835 5430 superma.

714 5454 866 5534 Sabbati
885 5473 971 5562 post
988 5455 1393 5535 Sanctum-Martiarum
1413 5451 1636 5559 hyemalem.

1903 5603 1951 5668 alr.
