5817 7292
1050 1108 1320 1216 croceus
1344 1126 1409 1198 ur
1434 1106 1642 1199 Procris.
1988 1128 2058 1201 roa

693 1270 801 1349 LXV.
832 1270 1008 1377 Inqncsta
1027 1268 1126 1347 inter
1146 1266 1367 1375 magistrum
1380 1267 1593 1346 Iohannem
1611 1267 1661 1347 de
1679 1266 1810 1345 Craaaa
1831 1286 1871 1347 et
1885 1269 2060 1347 abbatem
2098 1288 2228 1341 ennium
2241 1286 2284 1350 iv,

639 1404 686 1481 de
714 1402 866 1489 Crasse,
890 1399 1059 1508 judicata
1083 1416 1140 1477 eat
1164 1416 1201 1477 et
1219 1399 1384 1489 reddita,
1408 1417 1446 1477 et
1472 1416 1529 1477 eat
1552 1400 1743 1477 sentencia
1768 1399 1904 1504 scripta
1924 1402 1963 1477 in
1982 1399 2060 1479 fine
2159 1378 2222 1421 ”⁰¹¹

637 1531 753 1611 rotuli
773 1532 889 1640 hujus
907 1530 1142 1637 parlamenti.

694 1794 819 1874 LXVI.
849 1793 1024 1900 Inquesta
1038 1792 1624 1900 interbolengerioaPariaiensea
1637 1791 1938 1871 etGuillelmum
1950 1795 2064 1871 Petit-

638 1926 787 2005 lllaistre
809 1923 977 2033 judicata
1003 1940 1060 2001 est
1080 1941 1119 2001 et
1136 1923 1304 2014 reddita,
1330 1943 1369 2003 et
1388 1942 1445 2004 est
1463 1924 1652 2003 sentencia
1676 1925 1813 2031 scripta
1838 1926 1878 2001 in
1905 1923 1986 2003 fine‘
2002 1955 2065 2004 ro-

636 2056 708 2136 tuli
729 2056 844 2164 hujus
861 2054 1097 2162 parlamenti.

693 2318 833 2399 LXVII.
864 2317 963 2396 Cum
977 2318 1182 2427 Dyonisius
1194 2319 1358 2399 Chasnel
1373 2320 1544 2426 precium
1558 2318 1697 2398 domus
1709 2347 1796 2409 aue,
1813 2348 1927 2427 quam
1941 2320 2065 2397 vendi·

638 2448 744 2527 derat
768 2450 924 2559 Symoni
948 2450 1199 2557 d’Espernon,
1221 2450 1416 2540 semifero,
1438 2450 1615 2530 videlicet
1633 2451 1926 2559 quadringentas
1951 2451 2064 2531 libras

635 2581 879 2673 Parisienses,
900 2582 1005 2689 quod
1020 2584 1209 2689 precium,
1232 2600 1387 2691 propter
1403 2582 1585 2661 debatum
1600 2583 1784 2689 parcium,
1802 2601 1883 2661 erat
1895 2585 1935 2659 in
1950 2612 2066 2661 manu

636 2714 815 2820 prepositi
841 2713 1073 2803 Parisiensis,
1102 2731 1250 2821 poteret
1272 2715 1345 2792 sibi
1369 2714 1500 2803 reddi,
1522 2732 1601 2791 ete
1631 2731 1761 2792 contra
1781 2716 1904 2792 dictus
1923 2717 2065 2821 Symon

639 2842 782 2921 diceret
799 2844 921 2951 quod,
941 2844 1152 2923 secundum
1168 2844 1440 2923 convenciones
1457 2843 1556 2921 inter
1571 2844 1672 2949 ipsos
1686 2842 1848 2931 habitae,
1862 2845 1967 2921 idem
1977 2873 2066 2922 ven-

640 2974 740 3052 ditor
758 2975 916 3052 domum
933 2972 1161 3081 predictam,
1178 3002 1253 3082 que
1271 3002 1340 3081 pro
1358 2974 1437 3053 auis
1454 2991 1534 3050 erat
1548 2972 1687 3051 debitis
1703 2972 1885 3081 obligata,
1903 2975 2067 3053 debebat

639 3123 724 3183 ante
741 3106 868 3185 onmia
879 3104 926 3183 ab
942 3104 1242 3215 obligacionibus
1256 3105 1476 3213 hujusmodi
1492 3104 1672 3182 liberare:
1686 3105 1875 3197 Tandem,
1888 3106 1967 3183 vieo
1981 3136 2067 3213 pro

639 3266 745 3317 eessu
763 3266 877 3345 super
896 3238 970 3316 hoc
989 3236 1120 3315 habito
1140 3238 1240 3317 inter
1258 3254 1383 3344 partes
1400 3237 1590 3344 predictas
1610 3264 1735 3316 coram
1754 3239 1946 3344 preposito
1966 3239 2067 3315 Pari-

638 3368 769 3458 siensi,
804 3386 844 3447 ct
871 3368 1011 3445 auditis
1040 3366 1356 3445 convencionibus
1377 3368 1417 3444 in
1447 3366 1551 3445 dicto
1579 3384 1773 3446 contractu
1802 3368 1943 3446 habitio
1969 3371 2067 3448 inter

639 3498 751 3605 ipsas,
774 3500 877 3577 curia
896 3500 1084 3578 ordinavit
1102 3514 1141 3576 et
1158 3500 1328 3607 precepit
1348 3498 1448 3579 dicto
1469 3499 1660 3607 preposito
1681 3500 1787 3606 quod
1801 3500 1880 3606 ipse
1898 3502 2066 3607 precium

638 3630 860 3737 hujusmodi
888 3632 990 3710 dicto
1012 3630 1199 3709 venditori
1224 3630 1374 3718 reddat,
1399 3648 1491 3707 tunc
1511 3631 1666 3708 demum
1685 3659 1774 3707 cum
1793 3631 1874 3737 ipse
1894 3632 2067 3711 venditor

639 3761 678 3836 in
698 3790 814 3840 manu
835 3762 925 3840 dicti
941 3762 1122 3870 prepositi
1143 3762 1361 3839 caucionem
1387 3761 1595 3869 ydoneam,
1616 3763 1772 3871 pignora
1790 3762 1848 3839 vel
1867 3762 2068 3871 fidejusso-

640 3918 719 3967 rem
746 3894 952 4000 prestiterit
977 3894 1025 3973 de
1051 3892 1316 4005 garantizando
1344 3892 1445 3969 dicto
1470 3893 1631 4000 emptori
1657 3893 1817 3971 domum
1839 3893 2064 4000 predictam,

641 4020 774 4099 saltem
792 4052 913 4131 usque
934 4024 982 4102 ad
1003 4024 1091 4102 dicti
1110 4023 1227 4130 precii
1243 4023 1503 4130 quantitatem.

697 4153 806 4229 Lune
826 4172 912 4233 ante
934 4156 1284 4234 Sanctum-Petrum
1302 4154 1352 4231 ad
1370 4152 1540 4233 Vincula.
1617 4136 1622 4143 ⁶

696 4282 871 4363 Boccllus
885 4286 1097 4392 reportavit.

697 4548 854 4629 LXVIII.
884 4548 971 4630 Viae
989 4549 1176 4657 inquesta,
1194 4548 1295 4625 inter
1307 4563 1591 4656 procuratorem
1611 4546 1756 4624 domini
1771 4547 1882 4655 Regia
1902 4563 1941 4625 et
1959 4548 2067 4625 here-

642 4680 709 4759 des
728 4678 897 4758 defuncti
915 4677 1112 4787 Reginaldi
1133 4680 1182 4757 de
1202 4678 1433 4760 Clameciaco
1453 4676 1563 4769 facta,
1584 4706 1698 4786 super
1716 4696 1984 4758 manumortua
2002 4679 2068 4761 bo

641 4838 779 4888 norum
804 4809 894 4887 dicti
922 4807 1104 4900 defuncti,
1132 4827 1285 4918 propter
1306 4808 1476 4891 defectus
1498 4810 1539 4887 in
1564 4839 1608 4889 aa
1626 4828 1816 4917 repertos,
1841 4812 1943 4887 curia
1965 4813 2067 4890 ordi-

616 4960 621 4977 ·
641 4942 741 5019 navit
759 4941 864 5048 quod
883 4940 1058 5049 inqueata
1072 4942 1239 5050 predicta
1252 4970 1330 5023 non
1339 4942 1587 5052 judicabitur,
1603 4942 1722 5020 immo
1738 4960 1861 5049 partes
1879 4943 2013 5022 iterato
2028 4962 2067 5023 et

641 5087 819 5180 tanquam
847 5072 896 5151 de
923 5100 1019 5153 novo
1048 5102 1163 5182 super
1192 5076 1266 5153 hoc
1293 5074 1507 5162 audientur,
1537 5090 1590 5163 et,
1617 5075 1672 5152 eis
1698 5074 1853 5167 auditis,
1876 5072 1986 5153 faciet
2013 5076 2066 5153 eis

642 5206 746 5283 curia
757 5206 906 5312 justicie
922 5207 1255 5316 complementum.

698 5338 804 5416 Ltme
825 5356 911 5417 ante
932 5340 1284 5421 Sanctum-Petrum
1303 5341 1352 5419 ad
1371 5339 1542 5425 Vincula.

699 5470 870 5549 Bocellua
886 5474 1099 5579 reportavit.
