5817 7292
1040 1119 1307 1227 saoneres
1333 1139 1396 1210 nr
1421 1121 1627 1213 raocts.
1970 1137 2043 1208 aea

624 1275 787 1366 Alberti,
802 1277 945 1384 Symon
960 1277 1136 1384 spinelli,
1147 1296 1340 1384 tamquam
1355 1278 1457 1359 filius
1471 1297 1509 1359 et
1521 1280 1632 1357 heres
1648 1279 1824 1387 Spinelli,
1841 1278 2043 1385 patrissui,
2083 1289 2213 1342 Parnm
2225 1288 2269 1352 1v,

624 1424 663 1487 et
677 1409 841 1516 Hugueti
859 1411 1069 1517 Symoneti,
1081 1411 1204 1516 patrui
1222 1411 1299 1499 sui,
1316 1412 1504 1490 etBambe
1516 1411 1564 1490 de
1575 1413 1716 1520 Burgo,
1733 1428 1924 1516 tamquam
1944 1410 2045 1488 lilius
2145 1381 2208 1423 Μ’

624 1556 662 1618 et
681 1539 792 1618 heres
802 1541 973 1649 Hugonis
989 1539 1037 1618 de
1052 1543 1195 1647 Burg0‚
1212 1541 1279 1648 qui
1293 1543 1421 1620 Castra
1434 1541 1630 1631 Gaulredi,
1646 1541 1866 1618 Actavianus
1880 1541 2043 1628 Alberti,

625 1670 755 1776 Spinel
780 1689 819 1748 et
842 1673 1039 1778 Huguetus
1064 1671 1278 1779 Symoneti,
1300 1689 1338 1750 et
1361 1674 1471 1782 Hugo
1492 1671 1539 1749 de
1561 1674 1703 1778 Burgo,
1725 1671 1901 1758 luerunt,
1923 1685 1967 1746 ut
1991 1697 2047 1746 as-

626 1819 757 1882 serunt
780 1803 870 1880 dicti
899 1821 1063 1892 amores,
1084 1803 1178 1882 olim
1204 1804 1295 1881 socii
1326 1804 1514 1906 societatis
1541 1801 1588 1880 de
1613 1806 1757 1911 Burgo,
1778 1819 1906 1881 contra
1925 1802 2047 1879 Notbc

626 1933 817 2011 Terroche
836 1951 874 2010 et
896 1933 990 2011 alios
1010 1934 1131 2010 socios
1152 1933 1338 2010 societatis
1355 1934 1402 2011 de
1422 1933 1570 2024 Bardis,
1591 1932 1741 2010 racione
1761 1933 1951 2039 porcionis
1971 1932 2050 2008 dic·

623 2079 684 2140 tos
712 2081 856 2140 actores
886 2081 923 2140 et
950 2062 1164 2170 quemlibet
1183 2092 1317 2140 eorum
1339 2064 1607 2171 contingentis,
1640 2092 1709 2169 pro
1736 2063 1913 2170 porcione
1934 2091 2048 2170 quam

625 2192 755 2271 Castra
771 2193 973 2283 Gaulredi,
989 2193 1204 2272 Attavianus
1218 2191 1361 2271 Alberti
1381 2195 1495 2272 etalii
1512 2195 1764 2300 prenominati
1784 2194 1998 2272 babuerunt
2010 2193 2050 2269 in

626 2323 803 2401 societate
823 2324 1009 2428 predicta,
1027 2322 1130 2430 quod
1150 2325 1348 2430 Huguetus
1368 2324 1580 2430 Symoneti,
1593 2324 1788 2430 quondam
1804 2323 1928 2400 fautor
1943 2341 1980 2400 et
1996 2351 2050 2400 so

587 2490 591 2495 ·
625 2454 707 2532 cius
735 2454 921 2532 societatis
942 2455 991 2532 de
1011 2457 1158 2564 Burgo,
1178 2453 1331 2560 triginta
1350 2455 1520 2561 quinque
1543 2454 1650 2531 annis
1667 2453 1800 2560 elapsis
1820 2471 1858 2531 et
1876 2453 1980 2560 plus,
2006 2481 2050 2530 ex

626 2614 735 2663 causa
753 2613 821 2662 seu
842 2585 992 2663 racione
1013 2585 1193 2691 depositi,
1213 2585 1372 2663 tradidit
1390 2602 1427 2662 et
1448 2584 1623 2691 deposuit
1642 2611 1758 2691 penes
1777 2585 1981 2662 Renerium
2001 2584 2049 2662 de

626 2715 826 2804 Fornario,
845 2714 1031 2792 fautorem
1053 2731 1092 2792 et
1109 2715 1254 2792 socium
1272 2714 1459 2792 societatis
1476 2713 1705 2803 Bardorum,
1728 2713 1882 2816 nomine
1901 2714 2049 2820 predio-

627 2859 754 2922 torum
783 2843 974 2922 sociorum
994 2862 1033 2920 et
1051 2843 1238 2922 societatis
1258 2844 1305 2920 de
1326 2845 1451 2949 Burgo
1470 2843 1686 2950 recipienti,
1708 2843 1861 2920 nomine
1882 2843 2048 2948 predicte

628 2975 815 3054 societatis
833 2974 1061 3064 Bardorum,
1081 2973 1187 3070 mille
1210 2974 1390 3052 ducentas
1413 2975 1582 3051 marchas
1601 2973 1861 3081 stellingorum
1886 2977 2047 3082 argenti,

629 3122 668 3183 et
683 3106 788 3213 quod
802 3107 925 3184 dictus
938 3107 1138 3196 Renerius,
1153 3135 1223 3214 pro
1233 3106 1338 3183 dicta
1354 3134 1502 3182 summa
1517 3106 1691 3212 pecunie,
1711 3106 1838 3184 omnia
1852 3123 1890 3182 et
1905 3105 2050 3214 singula

628 3233 728 3312 bona
739 3236 838 3314 dicte
851 3236 1037 3314 societatis
1046 3237 1273 3323 bardorum,
1286 3263 1355 3340 pro
1368 3235 1479 3312 dictis
1491 3234 1601 3313 sociis
1612 3251 1650 3311 et
1664 3235 1838 3314 societate
1851 3234 1899 3312 de
1911 3237 2047 3340 Burgo,

511 3343 515 3350 ⁵
629 3365 782 3472 nomine
801 3395 869 3445 seu
889 3367 1039 3444 racione
1058 3366 1225 3475 pignoris
1246 3382 1284 3443 et
1301 3365 1486 3472 ypotheca
1506 3362 1710 3473 obligavit:
1733 3364 1835 3442 unde
1855 3365 2052 3470 pecierunt

629 3496 789 3601 predicti
807 3496 993 3577 Guicbius
1014 3497 1062 3574 de
1085 3495 1254 3585 Senella‚
1279 3494 1463 3574 Guicbius
1486 3493 1684 3582 Attaviani,
1707 3496 1849 3602 Symon
1870 3494 2049 3601 Spinelli,

630 3643 669 3704 et
685 3627 825 3706 Bambe
844 3627 893 3706 de
907 3629 1052 3733 Burgo,
1066 3627 1222 3705 nomine
1238 3641 1277 3702 et
1288 3624 1405 3703 modo
1421 3653 1499 3732 quo
1513 3653 1642 3730 supra,
1656 3625 1852 3714 declarari,
1870 3655 1939 3733 per
1945 3625 2051 3734 judi-

630 3757 731 3834 cium
755 3758 857 3835 curie
876 3775 1023 3846 nostre,
1047 3758 1175 3834 omnia
1193 3755 1293 3834 bona
1314 3773 1502 3834 etomnes
1521 3756 1785 3834 raedictorum
1806 3756 1993 3832 sociorum
2015 3774 2052 3833 et
2108 3753 2119 3776 ‘

631 3889 817 3964 societatis
831 3888 1042 3966 Bardorum
1060 3915 1141 3966 esse
1152 3886 1316 3993 obligata
1330 3886 1442 3964 dictis
1458 3885 1654 3994 agentibus
1669 3913 1737 3991 pro
1750 3884 1849 3962 dicto
1866 3884 2049 3990 deposito,

631 4016 787 4094 nomine
800 4047 877 4124 quo
896 4047 1019 4126 supra,
1035 4035 1073 4096 et
1085 4017 1259 4096 saisinam
1279 4045 1347 4094 seu
1366 4016 1641 4122 possessionem
1659 4016 1848 4093 bonorum
1864 4013 2052 4092 dictorum

631 4145 821 4224 sociorum
840 4164 878 4223 et
892 4129 1079 4226 societatis
1092 4147 1319 4237 Bardorum,
1337 4147 1426 4253 ipsis
1445 4145 1661 4254 agentibus,
1678 4173 1746 4251 pro
1766 4143 1943 4250 porcione
1963 4144 2051 4221 dicti

525 4265 532 4271 ’
632 4275 752 4353 debiti
773 4276 873 4380 ipsos
892 4277 1153 4383 contingente,
1172 4276 1376 4354 tenendam
1401 4293 1440 4352 et
1459 4275 1671 4352 habendam
1692 4273 1898 4382 adjudicari
1916 4300 2054 4379 quous-

600 4424 604 4432 “
632 4407 778 4513 quede
803 4406 905 4483 dicto
932 4405 1063 4485 debito
1086 4408 1228 4485 eisdem
1249 4407 1438 4486 actoribus
1458 4405 1572 4484 fuerit
1594 4405 1902 4493 satisfactum,et
1922 4432 1986 4483 eos
2005 4405 2054 4481 ad

632 4535 813 4642 premissa
832 4535 1031 4641 compelli3
1060 4538 1168 4616 dictis
1191 4567 1279 4616 vero
1298 4538 1420 4616 Nothe
1440 4537 1650 4616 Terroscbe
1671 4553 1709 4614 et
1727 4535 1954 4643 quibusdam
1974 4534 2053 4610 aliis

484 4735 488 4744 .
528 4661 535 4672 ¹
632 4664 681 4744 de
701 4666 878 4744 societate
896 4665 1107 4744 Bardorum
1120 4667 1304 4776 premissa
1320 4667 1562 4775 negantibus,
1578 4683 1616 4744 et
1632 4665 1858 4754 dicentibus,
1880 4664 2055 4772 pluribus

633 4796 847 4876 nacionibus
871 4814 910 4874 et
931 4797 1069 4884 causis,
1093 4825 1132 4874 se
1157 4815 1196 4874 et
1217 4799 1434 4876 societatem
1462 4827 1568 4876 suam
1594 4797 1799 4904 predictam
1823 4796 1870 4873 ad
1889 4795 2055 4902 predicta

620 4919 712 5006 ’non
726 4927 864 5018 teneri,
884 4943 922 5004 et
935 4926 1145 5032 specialiter
1159 4929 1248 5034 quia
1262 4929 1361 5009 dicta
1377 4930 1537 5008 societas
1552 4929 1779 5016 Bardorum,
1800 4943 1887 5036 post
1904 4943 2055 5032 tempus

524 5068 526 5071 ’
633 5086 712 5164 qno
738 5056 881 5133 dictum
901 5056 1116 5163 depositum
1135 5056 1275 5137 factum
1296 5059 1409 5139 luisse
1432 5059 1637 5149 dicebatur,
1661 5058 1840 5136 dissoluta
1861 5056 2000 5144 luerat,
2020 5073 2056 5132 et

511 5193 514 5195 “
635 5214 730 5264 nova
753 5187 926 5278 societas,
946 5216 1022 5296 que
1036 5217 1140 5266 nunc
1158 5207 1230 5283 est,
1252 5190 1300 5268 de
1320 5193 1426 5288 novis
1440 5192 1553 5270 bonis
1576 5208 1614 5269 et
1635 5191 1734 5268 inter
1753 5217 1865 5268 novas
1878 5214 2055 5293 personas

501 5339 508 5348 ·
636 5333 840 5394 contracta:
860 5318 1009 5396 Auditis
1023 5319 1236 5397 rationibus
1257 5321 1602 5430 utriusquepartis,
1624 5337 1700 5398 tam
1722 5320 1760 5396 in
1778 5319 1864 5426 jure
1884 5345 1997 5424 quam
2015 5316 2053 5388 in

636 5442 732 5522 facto
745 5446 1045 5536 consistentibus,
1061 5466 1099 5526 et
1112 5450 1268 5557 negocio
1280 5481 1349 5560 pro
1360 5469 1519 5559 utraque
1534 5467 1637 5558 parte
1650 5450 1816 5556 plenarie
1829 5446 2051 5534 examinate,
