5817 7292
1053 1130 1318 1239 anonrss
1346 1153 1410 1224 nr
1436 1134 1643 1227 esoces.
1998 1153 2071 1227 rto

633 1292 1053 1399 julusLemovicensis,
1075 1321 1146 1399 pro
1166 1293 1337 1371 ducentis
1358 1311 1395 1373 et
1412 1296 1544 1405 viginti
1564 1296 1734 1404 qm'nque
1754 1297 1861 1389 libris
1876 1298 2073 1378 Turonen·
2104 1308 2233 1361 summ
2251 1306 2297 1370 lv,

639 1423 761 1512 sibus,
781 1450 875 1531 quas
890 1424 925 1501 ei
940 1424 1151 1515 solverunt,
1170 1425 1249 1531 ipse
1264 1422 1488 1530 promiserat
1505 1427 1561 1505 eis
1575 1415 1777 1534 impetrare
1792 1429 1912 1507 bonas
1928 1430 2072 1507 litteras

638 1548 864 1661 quitacionis
883 1584 905 1631 a
924 1554 1036 1634 nobis
1055 1556 1103 1634 de
1122 1557 1345 1663 octingentis
1362 1557 1484 1650 libris,
1507 1559 1547 1636 in
1566 1560 1707 1667 quibus
1724 1560 1795 1667 ipsi
1815 1560 1991 1638 consules
2005 1590 2074 1639 no-

2172 1398 2236 1441 laet.

639 1684 698 1762 bis
719 1711 789 1791 pro
812 1684 982 1765 subsidio
1006 1688 1124 1765 nostri
1150 1688 1333 1765 exercitus
1357 1690 1605 1781 tenebantun
1627 1707 1666 1768 et
1690 1719 1777 1768 cum
1797 1690 1870 1797 ipsi
1890 1689 2073 1798 quasdam

639 1812 797 1903 litteras,
822 1842 916 1921 quas
942 1816 1048 1892 idem
1074 1819 1183 1896 miles
1208 1846 1322 1924 super
1344 1821 1417 1897 hoc
1441 1819 1495 1897 eis
1519 1820 2073 1928 asportaverat,‚quitacionem

639 1946 861 2055 hujusmodi
882 1947 1137 2038 continentes,
1159 1950 1364 2049 senescallo
1384 1952 1590 2029 Pictavensi
1610 1951 1889 2039 exhibuissent,
1911 1969 1951 2028 et
1969 1951 2074 2029 idem

640 2076 867 2155 senescallus
885 2104 948 2155 eas
967 2094 1096 2155 nostre
1113 2107 1260 2157 camere
1277 2080 1521 2160 denariorum
1538 2084 1578 2159 in
1595 2083 1675 2160 suis
1692 2083 1878 2189 compotis
1896 2082 2076 2159 tradidis-

639 2226 711 2297 set,
728 2206 826 2286 dicte
843 2207 967 2285 littere
985 2207 1141 2287 fuerunt
1156 2209 1247 2288 false
1260 2211 1428 2305 invente,
1446 2228 1502 2303 et,
1519 2214 1594 2291 biis
1606 2241 1686 2293 non
1700 2212 1959 2304 obstantibus,
1973 2242 2075 2291 com-

639 2340 735 2445 pulsi
751 2338 907 2419 fuerunt
920 2340 1009 2418 dicti
1025 2342 1200 2419 consules
1213 2343 1355 2421 solvere
1368 2345 1481 2425 nobis
1494 2346 1725 2453 octingentas
1738 2346 1854 2424 libras
1869 2346 2070 2454 predictas,

639 2472 804 2580 ideoque
825 2488 1000 2577 peterent
1020 2470 1163 2550 dietum
1186 2475 1347 2552 militem
1369 2477 1640 2583 condempnari
1661 2495 1699 2555 at
1718 2477 1897 2583 compelli
1918 2479 1965 2555 ad
1988 2478 2074 2555 red·

640 2603 810 2681 dendum
830 2602 974 2681 eisdem
990 2604 1177 2712 predictas
1195 2605 1376 2685 ducentas
1391 2625 1430 2685 et
1443 2608 1573 2716 viginti
1589 2610 1760 2715 quinque
1774 2607 1908 2700 libras,
1925 2638 1968 2684 ac
1988 2638 2074 2686 cen-

641 2750 726 2810 tum
742 2734 857 2813 libras
874 2736 1118 2813 Turonenses
1133 2764 1203 2841 pro
1221 2736 1396 2845 dampnis
1413 2766 1489 2844 que
1508 2738 1579 2843 ipsi
1596 2739 1854 2815 sustinuerant
1869 2740 1909 2815 in
1927 2738 2074 2844 predic-

641 2865 711 2953 tis;
738 2882 777 2941 et
798 2894 819 2941 e
841 2881 971 2943 contra
997 2866 1120 2943 dictus
1146 2865 1256 2944 miles
1278 2868 1327 2943 ad
1349 2867 1408 2944 sui
1432 2867 1694 2945 defensionem
1715 2884 1946 2974 proponeret
1970 2869 2075 2975 quod

641 2995 796 3103 quidam
815 2996 973 3073 clericus
985 2996 1173 3102 predictas
1190 2997 1333 3076 litteras
1350 3015 1613 3104 procuraverat
1624 3015 1664 3075 et
1675 2997 1748 3076 sibi
1759 3000 1970 3077 tradiderat
1979 3018 2076 3077 tam-

641 3154 754 3233 quam
774 3125 912 3217 bonas,
935 3126 1097 3233 et'quod
1113 3127 1301 3233 predictas
1321 3128 1502 3206 ducentas
1520 3128 1651 3237 viginti
1671 3131 1843 3239 quinque
1862 3130 1977 3209 libras
1996 3162 2074 3210 non

643 3257 871 3348 insolutum,
886 3256 955 3335 sed
966 3286 1012 3335 ex
1025 3262 1133 3335 causa
1146 3260 1270 3336 mutui
1284 3260 1479 3365 receperat
1489 3288 1512 3335 a
1524 3259 1744 3338 consulibus
1754 3263 1973 3339 antedictis:
1989 3264 2075 3343 Visa
2140 3303 2147 3314 ·

641 3389 759 3495 igitur
771 3388 946 3496 inquesta
958 3417 1074 3496 super
1088 3389 1162 3467 hoc
1174 3392 1283 3479 lacta,
1297 3418 1367 3495 per
1381 3390 1486 3467 curie
1498 3406 1627 3468 nostre
1637 3391 1848 3500 judicium,
1866 3392 1990 3471 dietus
2002 3396 2074 3470 mi-

641 3520 696 3597 les
711 3520 759 3597 ad
773 3519 1013 3598 reddendum
1033 3521 1178 3599 eisdem
1192 3520 1411 3600 consulibus
1430 3521 1547 3599 dictas
1563 3523 1744 3600 ducentas
1754 3524 1885 3633 viginti
1902 3525 2073 3633 quinque

640 3651 771 3742 libras,
788 3652 835 3729 ab
851 3681 897 3730 eo
915 3670 1099 3759 receptas,
1117 3670 1327 3732 accentum
1344 3652 1460 3730 libras
1473 3655 1716 3733 Turonenses
1729 3684 1800 3761 pro
1819 3656 1992 3761 dampnis
2009 3685 2074 3734 eo·

641 3812 728 3861 rum
750 3784 1027 3861 sentencialiter
1047 3784 1168 3863 extitit
1190 3784 1508 3892 condempnatus,
1532 3802 1720 3863 reservato
1741 3787 1853 3865 nobis
1874 3787 1922 3864 de
1941 3815 2074 3891 proce·

644 3913 772 3992 dendo
789 3931 918 3992 contra
937 3915 1082 3993 dictum
1101 3917 1280 4005 militem,
1304 3914 1488 3993 adfinem
1509 3916 1670 3993 emenda
1688 3918 1905 4022 pecuniarie
1922 3918 2073 3996 racione

643 4044 814 4122 salsitatis
832 4048 1013 4151 predicte.

697 4175 797 4253 lovis
815 4194 902 4281 post
919 4179 1146 4256 Brandones.

700 4442 809 4523 XXV.
840 4440 1056 4519 Judicatum
1082 4442 1121 4517 in
1142 4470 1251 4519 causa
1271 4440 1555 4549 appellacionis,
1583 4440 1723 4519 lactum
1742 4440 1843 4519 inter
1860 4440 2072 4521 Guiardum

502 4608 509 4619 ’
643 4573 679 4650 le
703 4572 889 4653 Chaueier
912 4590 950 4651 et
971 4573 1183 4665 Johannem
1203 4574 1314 4681 Doyn
1335 4592 1374 4651 et
1392 4574 1475 4682 ejus
1492 4600 1697 4681 generum,
1719 4590 1776 4651 est
1794 4574 1834 4650 in
1854 4573 1981 4652 rotulo
2002 4574 2074 4651 bu·

638 4704 703 4812 jus
722 4705 957 4811 parlamenti.

699 4968 827 5049 XXVI.
856 4968 958 5046 Inter
982 4967 1109 5045 villam
1133 4984 1172 5045 et
1194 4966 1400 5047 monachos
1423 4968 1618 5078 Moyssiaei
1643 4967 1809 5061 anullate
1837 4984 1928 5045 sunt
1955 4965 2073 5072 depo·

644 5100 804 5177 siciones
823 5116 985 5207 quatuor
1000 5100 1174 5187 testium,
1191 5098 1403 5179 secundum
1415 5117 1589 5179 tenorem
1607 5100 1738 5180 arresti
1755 5100 1862 5207 quod
1883 5117 1940 5176 est
1954 5099 1996 5176 in
2010 5126 2072 5175 ro-

644 5229 727 5309 tulo
748 5230 862 5340 hujus
879 5230 1113 5336 parlamenti.
1246 5291 1251 5301 .

702 5492 843 5571 XXVII.
873 5493 1086 5587 Quamdam
1104 5496 1431 5587 informacionem,
1454 5495 1500 5573 ad
1522 5495 1740 5573 instanciam
1760 5490 1905 5571 abbatis
1924 5506 1962 5565 et
1981 5516 2072 5565 con·
