5817 7292
1037 1124 1301 1231 nroodrns
1329 1139 1391 1212 nr
1418 1116 1631 1212 rnocnss
1975 1140 2050 1209 sss

624 1286 721 1393 ipsus
740 1284 862 1361 furcas
882 1282 929 1361 de
948 1282 1049 1361 dicto
1070 1310 1267 1390 suspense,
1289 1298 1402 1391 prout
1421 1280 1560 1358 melius
1582 1276 1665 1355 lieri
1690 1276 1847 1382 poterit,
1874 1277 2048 1355 resaisiri.
2090 1286 2221 1345 Parnm
2234 1292 2277 1355 tv,

681 1414 833 1495 sabbati
853 1414 1033 1521 predicta.
2151 1383 2215 1425 Μ

682 1548 732 1626 Μ.
753 1547 830 1625 Yvo
851 1545 898 1623 de
918 1545 1146 1625 Laudimaco
1165 1544 1378 1652 reportavit.

680 1812 772 1889 Xlll.
803 1810 914 1899 Item,
932 1836 1019 1885 cum
1032 1770 1301 1887 denunciatum
1313 1806 1444 1885 luisset
1459 1806 1563 1883 curie
1577 1802 1768 1882 senescalli
1780 1800 2053 1909 Petragoricen·

624 1944 675 2021 sis
693 1942 798 2049 quod
817 1940 1016 2021 Girbertus
1036 1939 1084 2015 dc
1103 1938 1272 2015 Taminis
1292 1922 1389 2017 duos
1406 1937 1582 2015 bannitos
1601 1952 1767 2024 nostros,
1787 1950 1936 2012 vocatos
1950 1932 2054 2012 Guil-

625 2070 785 2151 lelmum
808 2087 845 2149 et
862 2071 1129 2178 Raymundum
1145 2069 1303 2159 Adobit,
1320 2085 1574 2177 receptaverat
1592 2069 1631 2143 in
1653 2084 1772 2143 castro
1793 2065 1841 2141 de
1863 2064 2050 2156 Coslncio,

623 2201 795 2282 Geufridi
821 2203 869 2280 de
887 2202 1022 2291 Ponte,
1046 2218 1084 2278 et
1103 2200 1208 2309 quod
1229 2201 1356 2309 bajulo
1377 2218 1507 2278 nostro
1528 2200 1576 2277 de
1596 2197 1760 2285 Serlnto,
1784 2195 1937 2275 eosdem
1961 2195 2054 2273 ban-

624 2332 737 2423 nitos,
763 2332 829 2438 qui
849 2359 888 2409 se
909 2332 948 2409 in
968 2332 1131 2438 quadam
1153 2332 1268 2409 domo
1290 2330 1337 2409 de
1357 2330 1531 2411 Caslucio
1547 2328 1794 2417 intruserant,
1811 2328 2050 2433 insequente,

625 2478 663 2541 et
672 2461 788 2569 ipsos,
807 2491 894 2540 cnm
907 2460 1075 2541 carrellis
1091 2478 1129 2539 et
1143 2461 1286 2571 sagittis
1303 2490 1341 2539 se
1355 2461 1622 2549 defendentes,
1641 2488 1773 2566 capere
1786 2486 1873 2536 cum
1886 2459 1964 2537 suis
1977 2487 2054 2537 ser-

623 2594 812 2671 vientibus
823 2610 862 2671 et
880 2593 970 2670 totis
984 2591 1125 2671 viribus
1138 2585 1358 2681 innittente,
1377 2592 1500 2669 dictus
1514 2590 1729 2680 Girbertus,
1745 2591 1960 2697 predictum
1973 2592 2056 2668 bos

623 2723 765 2827 picium
781 2722 940 2810 intrans,
959 2722 1080 2799 dictos
1095 2720 1272 2799 bannitos
1287 2738 1389 2799 extra
1403 2722 1619 2827 predictum
1638 2719 1849 2827 hospicium
1870 2737 1997 2827 captos
2017 2738 2054 2797 et

625 2851 758 2963 ligatos
771 2880 898 2930 secum
914 2852 1037 2944 duxit3
1053 2868 1107 2941 et,
1122 2879 1209 2929 cum
1220 2852 1323 2930 idem
1332 2851 1484 2959 bajulus
1499 2851 1626 2957 regius
1637 2851 1791 2928 eosdem
1801 2850 1994 2938 bannitus,
2010 2878 2054 2929 ex

625 3000 730 3091 parte
755 3000 897 3073 nostra,
925 2982 997 3061 sibi
1017 2983 1127 3062 reddi
1149 3013 1218 3090 per
1238 2983 1383 3061 dictum
1401 2982 1622 3061 Girbertum
1646 2983 1873 3091 requireret,
1898 2981 2053 3059 cosdem

623 3115 801 3193 bennitos
816 3113 1102 3207 nichilominus,
1124 3143 1167 3193 ex
1186 3132 1292 3221 parte
1307 3130 1452 3203 nostra,
1470 3114 1687 3191 arrestando
1706 3131 1743 3191 et
1756 3113 1917 3219 propriis
1935 3114 2055 3190 mani-

624 3244 697 3323 bus
714 3247 914 3353 capiendo,
931 3246 1035 3323 idem
1053 3246 1251 3325 Girbertus
1266 3246 1366 3353 ipsos
1380 3246 1555 3323 bannitos
1570 3246 1696 3324 eidem
1710 3246 1840 3355 bajulo
1854 3248 2053 3326 restituere

625 3393 663 3452 et
681 3376 842 3455 reddere
862 3377 1074 3484 denegavit,
1096 3403 1166 3454 nec
1185 3377 1356 3484 permisit
1374 3377 1479 3485 quod
1494 3377 1597 3454 idem
1611 3376 1762 3487 bajulus
1776 3377 1863 3453 illos
1878 3376 2054 3455 bannitus
2148 3426 2152 3431 -

625 3534 752 3585 secum
768 3508 925 3587 duceret
941 3508 990 3585 ad
1001 3536 1187 3586 carcerem
1204 3524 1397 3599 nostrum,
1415 3508 1657 3616 prelatnsque
1672 3506 1844 3617 bajulus,
1858 3538 1947 3586 cum
1962 3526 2054 3586 tunc

625 3664 702 3716 non
721 3640 905 3745 potuisset
920 3640 1041 3718 dictos
1054 3639 1231 3717 bannitos
1246 3668 1375 3717 secum
1390 3638 1546 3731 ducere,
1564 3639 1689 3717 eidem
1703 3637 1881 3717 Girberto
1902 3667 1967 3717 eos
1981 3638 2052 3717 sub

624 3794 741 3846 manu
765 3768 879 3876 Regia
903 3770 1175 3849 custodiendos
1200 3748 1400 3849 arrestatos
1425 3769 1584 3848 tradidit
1607 3770 1647 3845 in
1672 3769 1909 3857 commanda,
1932 3769 2054 3847 donec
2169 3871 2173 3879 ³

624 3923 693 4003 per
711 3899 958 3978 senescallum
974 3901 1317 4010 Petregoricensem
1337 3900 1396 3977 vel
1414 3918 1546 4009 gentes
1566 3917 1711 3977 nostras
1730 3898 1834 3975 idem
1852 3897 2053 3976 Girbertus

626 4046 723 4106 esset
736 4030 942 4136 requisitus
958 4060 1071 4138 super
1084 4032 1330 4109 restitucione
1346 4031 1591 4120 eorumdem3
1604 4046 1643 4106 et
1655 4029 1796 4106 deinde
1809 4056 1896 4105 cum
1910 4028 2053 4105 denun—

627 4160 765 4239 ciatum
778 4159 909 4239 fuisset
928 4162 1097 4269 predicte
1115 4162 1238 4252 curie,
1261 4178 1390 4239 contra
1412 4161 1557 4237 dictum
1574 4159 1817 4249 Gaulridum,
1833 4160 1937 4265 quod
1954 4160 2050 4265 ipse,

625 4308 711 4397 post
722 4290 889 4396 predicta
909 4290 1003 4367 lecta
1022 4318 1090 4398 per
1112 4291 1257 4368 dictum
1277 4291 1515 4383 Girbertum,
1537 4289 1728 4396 predictos
1746 4288 1995 4368 Gnillelmum
2015 4308 2053 4369 et

625 4422 909 4531 Raymundum‚
934 4422 1127 4514 bannitos,
1154 4438 1404 4530 receptnverat
1422 4421 1463 4498 in
1482 4450 1553 4499 suo
1573 4436 1692 4497 castro
1713 4422 1768 4498 de·
1781 4422 2050 4511 Monte-Porti,

626 4569 664 4631 et
680 4552 784 4660 quod
805 4553 905 4659 ipsos
921 4552 1115 4642 bannitos,
1131 4570 1219 4660 post
1236 4554 1527 4661 requisicionem
1545 4552 1679 4629 saetam
1698 4552 1823 4629 eidem
1837 4580 1906 4659 per
1924 4570 2053 4662 gentes

625 4700 770 4761 nostras
782 4711 896 4789 super
907 4682 1152 4761 restitucione
1173 4684 1342 4790 ipsorum
1359 4684 1505 4763 eisdem
1520 4683 1697 4794 gentibus
1712 4685 1850 4761 nostris
1863 4683 2050 4775 facienda,

625 4814 728 4893 abire
739 4815 928 4921 permisit:
944 4816 1072 4921 Super
1079 4815 1259 4922 predictis
1275 4816 1527 4906 denuncietis,
1545 4816 1684 4892 auditis
1698 4816 1868 4924 ejusdcm
1880 4815 2053 4895 Ganlridi

627 4944 930 5037 defensionibus,
951 4944 1058 5024 factis
1077 4948 1261 5054 inquestis
1279 4964 1317 5025 et
1335 4976 1403 5053 per
1421 4965 1589 5026 nostram
1609 4946 1753 5024 curiam
1775 4947 1977 5055 diligenter
1999 4946 2054 5023 vi·
2086 4976 2091 4987 ·

626 5078 694 5171 sis,
721 5080 809 5185 quia
833 5080 1027 5157 inventum
1045 5078 1117 5157 luit
1136 5108 1205 5185 per
1225 5078 1341 5157 dietas
1359 5080 1551 5186 inquestas
1574 5079 1681 5187 qnod
1705 5079 1804 5157 dicta
1828 5056 2054 5157 denunciata

626 5206 857 5288 sufficienter
878 5211 1034 5289 luerunt
1056 5210 1232 5317 probata,
1260 5227 1299 5288 et
1322 5211 1428 5317 quod
1447 5211 1571 5288 dictus
1589 5210 1793 5290 Gaulridus
1813 5212 1939 5289 omnia
1957 5210 2052 5287 factu

627 5365 695 5442 per
714 5338 859 5416 dictum
883 5339 1124 5430 Girbertum,
1149 5357 1193 5419 ut
1211 5341 1455 5448 premittitur,
1477 5359 1669 5449 tamquam
1687 5370 1756 5450 per
1774 5340 1901 5419 locum
1920 5356 2053 5417 tenen·

628 5482 706 5542 tem
725 5496 837 5546 suum
859 5486 897 5549 et
914 5473 1069 5551 nemine
1089 5471 1212 5578 ipsius
1227 5470 1398 5551 Gaufn'dr‘
1418 5471 1528 5564 sada,
1550 5472 1734 5560 advoavit,
1751 5488 1874 5548 totum
1894 5496 1991 5546 onus
2011 5469 2050 5544 in
