5817 7292
938 1068 970 1091 ’“
1040 1080 1307 1191 sacoaras
1333 1100 1397 1175 aa
1422 1078 1627 1177 rnocss.
1966 1103 2040 1177 aaa

682 1240 838 1323 XLVIII.
860 1244 900 1319 In
910 1240 1174 1351 appellacionis
1186 1269 1293 1321 causa
1306 1242 1354 1318 ad
1367 1258 1533 1321 nostram
1543 1245 1685 1320 curiam
1695 1241 2044 1350 interpositeaqua·
2080 1252 2210 1307 annam
2223 1254 2266 1314 IV·

627 1376 713 1452 dam
731 1373 920 1451 sentencia
937 1372 1271 1480 condempnatoria
1289 1372 1378 1464 lata,
1394 1403 1464 1480 per
1480 1373 1724 1452 senescallum
1744 1374 2039 1463 Rutbenensem,
2142 1344 2204 1386 Μ’

625 1519 753 1581 contra
772 1503 956 1611 quosdam
971 1503 1146 1581 homines
1163 1502 1211 1582 de
1231 1502 1494 1593 Boumazello,
1506 1530 1575 1610 pro
1594 1502 1704 1580 nobis
1723 1518 1761 1580 et
1777 1502 1889 1580 Petro
1907 1504 2044 1580 Mansi-

623 1632 676 1739 pii
693 1632 852 1723 divisim,
867 1660 981 1739 super
995 1660 1041 1711 eo
1055 1632 1160 1739 quod
1175 1632 1444 1711 denunciatum
1458 1632 1580 1712 fuerat
1592 1631 1693 1710 dicto
1706 1632 1912 1710 senescallo
1927 1633 2044 1711 bomi-

622 1790 690 1841 nes
706 1764 805 1841 dicte
820 1763 908 1842 ville
923 1790 1076 1841 manum
1096 1781 1260 1841 nostram
1277 1762 1445 1870 fregisse,
1459 1762 1644 1870 capiendo
1659 1781 1698 1842 et
1715 1792 1843 1841 secum
1857 1764 2042 1869 portando

624 1896 671 1972 de
686 1894 905 1974 nemoribus
925 1894 1015 1971 dicti
1032 1895 1149 1987 Petri,
1167 1895 1249 2000 ipso
1262 1895 1389 1985 Petro,
1411 1895 1523 1972 dictis
1541 1894 1759 1972 nemoribus
1775 1923 1818 1971 ac
1832 1894 1914 2001 ejus
1931 1894 2042 1973 bonis

622 2025 704 2101 aliis
722 2024 853 2129 positis
872 2040 910 2101 et
931 2024 1176 2102 existentibus
1198 2024 1237 2099 in
1258 2024 1408 2130 speciali
1430 2023 1544 2131 garda
1561 2039 1705 2113 nostru
1722 2052 1743 2100 a
1762 2052 1838 2131 qua
1854 2028 2043 2103 sentencia

621 2170 779 2259 unaque
793 2182 877 2259 pars
888 2154 936 2231 ad
949 2155 1091 2231 curiam
1099 2171 1264 2231 nostram
1277 2154 1537 2261 appellaverat,
1547 2151 1722 2232 videlicet
1730 2174 1950 2260 procurator
1959 2184 2044 2235 nos·

618 2301 677 2361 ter
690 2311 760 2389 pro
782 2282 909 2372 nobis,
930 2300 968 2361 et
982 2284 1106 2361 dictus
1123 2284 1254 2361 Petrus
1275 2311 1344 2391 pro
1365 2312 1417 2377 se,
1432 2300 1623 2391 tamquam
1638 2314 1660 2362 a
1677 2284 1824 2363 modica
1836 2286 2043 2393 condemp-

620 2415 787 2503 nacione,
810 2429 848 2490 et
871 2412 960 2491 dicti
981 2413 1174 2504 homines,
1192 2430 1386 2521 umquam
1405 2413 1452 2490 ab
1474 2413 1622 2521 iniqua3
1647 2443 1759 2521 quam
1779 2415 2043 2521 appellacionis

565 2598 569 2605 -
620 2572 768 2622 causam
784 2542 1043 2621 commisimus
1054 2542 1175 2651 judici
1196 2542 1387 2622 ordinario
1401 2544 1541 2651 Figiaci
1554 2543 1799 2633 audiendam,
1821 2546 2041 2623 mandantes

620 2676 745 2752 eidem
760 2672 866 2781 quod
879 2698 1027 2753 causam
1043 2673 1275 2781 hujusmodi,
1288 2674 1458 2779 partibus
1472 2674 1622 2763 auditis,
1636 2672 1867 2751 sufficienter
1881 2674 2041 2753 instruc·

619 2821 712 2895 tam,
728 2832 813 2882 cum
828 2830 1006 2911 processu
1022 2803 1121 2881 dicte
1137 2831 1246 2882 cause
1260 2800 1491 2910 principalis,
1508 2804 1612 2882 curie
1622 2821 1750 2882 nostre
1764 2804 2042 2914 remitteretju·

620 2934 815 3012 dicandam
828 2962 837 3011 ε
852 2935 1028 3041 Inquesta
1040 2933 1155 3041 igitur
1165 2962 1278 3039 super
1291 2933 1389 3011 dicta
1399 2933 1784 3042 appellacioniscausa
1795 2962 1863 3041 per
1875 2935 2041 3013 eundem

618 3064 712 3141 lacta
729 3051 781 3154 et,
799 3092 886 3142 cum
904 3064 1006 3143 dicto
1022 3090 1197 3171 processu
1218 3092 1327 3142 cause
1346 3063 1579 3171 principalis,
1598 3065 1703 3143 curie
1722 3080 1849 3143 nostre
1866 3066 2037 3155 remissa,

618 3221 736 3302 eaque
757 3212 795 3283 et
814 3194 916 3271 dicto
934 3221 1112 3299 processu
1127 3220 1237 3271 cause
1254 3192 1468 3300 principalis
1485 3194 1574 3272 visis
1590 3193 1802 3303 diligenter,
1825 3194 2039 3302 auditisque

618 3322 728 3403 dictis
743 3325 912 3431 partibus
928 3340 966 3401 et
982 3324 1159 3429 inspectis
1172 3323 1387 3402 nacionibus
1404 3325 1644 3412 earumdem,
1660 3326 1750 3431 quia
1772 3344 1965 3432 repertum
1985 3344 2041 3405 est

616 3454 721 3561 quod
750 3454 873 3532 dictus
898 3453 1126 3532 senescallus
1151 3452 1340 3533 dictorum
1361 3454 1726 3559 condempnatorum
1750 3454 1936 3560 quosdam
1955 3483 2039 3562 pre-

617 3600 742 3661 sentes
754 3611 879 3662 coram
891 3610 947 3672 se,
960 3612 1171 3687 percorum
1186 3582 1458 3672 confessiones,
1476 3600 1516 3659 et
1526 3582 1621 3661 alios
1630 3583 1820 3672 absentes,
1836 3613 1907 3691 per
1921 3585 2041 3663 dicto·

617 3741 704 3788 rum
719 3711 956 3818 presencium
969 3711 1237 3799 consessiones,
1257 3710 1561 3817 condempnavit,
1580 3710 1771 3815 dictasque
1786 3711 2039 3791 confessiones

618 3842 743 3919 minus
756 3839 984 3919 sufficientes
1002 3838 1116 3916 fuisse
1134 3840 1182 3916 ad
1197 3839 1410 3917 laciendum
1423 3838 1808 3944 condempnacionem
1817 3839 2035 3945 predictam,

617 3999 684 4078 per
703 3970 805 4047 curie
825 3986 951 4048 nostre
967 3968 1173 4077 judicium,
1196 3970 1337 4047 dictum
1352 3968 1426 4047 fuit
1439 3968 1651 4075 predictum
1670 3968 1916 4048 senescallum
1937 3969 2035 4048 male

612 4102 811 4208 judicasse,
834 4100 1030 4207 dictosque
1050 4100 1222 4179 homines
1240 4100 1340 4178 bene
1364 4098 1590 4207 appellasse,
1613 4119 1651 4178 et
1669 4102 1723 4178 sic
1743 4100 1930 4179 dictorum
1950 4130 2037 4207 pro·

618 4231 798 4310 curatoris
815 4230 932 4309 nostri
952 4246 990 4307 et
1007 4229 1107 4333 I'etri
1123 4226 1414 4337 appellacionem
1429 4228 1633 4307 subsistere
1650 4258 1728 4306 non
1742 4230 1894 4307 debere.

671 4362 770 4441 lovis
784 4362 962 4469 predicta.

673 4494 833 4599 Mangon
854 4492 1065 4599 reportavit.

671 4758 796 4835 XLIX.
819 4756 917 4837 Cum
926 4755 1006 4865 jam
1019 4756 1165 4836 dudum
1171 4756 1384 4867 judicatum
1397 4756 1687 4865 quoddam,per
1696 4757 1838 4835 curiam
1847 4775 2031 4846 nomam,

617 4889 747 4966 datum
766 4886 897 4966 finsset
916 4904 1043 4965 contra
1062 4887 1242 4965 Jacohum
1270 4889 1318 4968 de
1343 4888 1579 4998 Peligniaco‚
1600 4889 1796 4968 custodem
1821 4889 1919 4966 muri
1947 4889 2035 4967 Car·

616 5045 779 5107 cassone,
794 5034 833 5097 ct
842 5015 1027 5125 quosdam
1042 5017 1136 5095 alios
1149 5018 1190 5095 in
1210 5018 1311 5097 dicto
1319 5018 1492 5127 judicato
1507 5034 1714 5111 contentos,
1731 5020 1796 5126 qui
1808 5018 1917 5127 plura
1933 5018 2034 5097 bona

617 5174 690 5252 que
717 5147 826 5225 nobis
855 5164 961 5226 erant
991 5149 1188 5227 commissa
1211 5147 1341 5228 illicite
1367 5146 1602 5239 detinebant,
1619 5179 1732 5259 super
1751 5150 1892 5257 quibus
1914 5150 2030 5227 eciam

618 5288 744 5350 nostre
764 5276 927 5381 quedam
943 5277 1253 5357 confirmaciones
1265 5277 1413 5357 Inerant
1428 5278 1597 5371 obtenta,
1617 5308 1685 5388 per
1698 5280 1805 5388 quod
1819 5278 2030 5386 judicatum

616 5404 904 5506 pronunciatum
922 5408 994 5488 luit
1015 5407 1115 5488 bona
1129 5408 1303 5516 predicta
1325 5408 1373 5489 ad
1398 5436 1468 5488 noa
1490 5411 1625 5488 reverti
1646 5427 1684 5488 et
1704 5409 1817 5489 nobis
1838 5408 2031 5485 remanere
