5817 7292
1002 1100 1271 1208 uvoutrns
1296 1119 1360 1190 m
1388 1102 1593 1194 moces.
1933 1110 2007 1187 sto

590 1257 660 1335 sibi
681 1257 869 1365 justiciam
895 1258 1103 1349 exhiberet,
1129 1259 1254 1367 ipsum
1272 1278 1400 1339 tamen
1428 1261 1598 1338 indebite
1623 1259 1805 1336 recusavit
1826 1258 2006 1341 liberare,
2046 1258 2232 1322 snscnmw,

588 1416 787 1497 quousque
807 1388 909 1466 idem
926 1391 1131 1481 lohannes,
1152 1392 1186 1468 vi
1208 1409 1245 1469 et
1268 1408 1372 1469 metu
1395 1392 1571 1499 prisionis
1591 1382 1826 1497 hujusmodi,
1846 1416 1931 1466 cum
1951 1413 2010 1463 ca·

450 1592 453 1599 .
588 1517 737 1625 pellano
767 1516 855 1596 dicti
878 1519 1021 1611 ballivi,
1051 1522 1098 1599 de
1124 1539 1276 1601 centum
1299 1540 1337 1599 et
1363 1522 1607 1631 quadraginta
1626 1518 1731 1597 libris
1750 1518 1880 1596 linavit
1903 1515 2008 1595 etde

589 1648 679 1755 ipsis
702 1647 878 1727 satisfecit
901 1650 1045 1740 eidem,
1067 1670 1110 1730 ut
1129 1652 1236 1740 dicit;
1263 1671 1300 1729 et
1324 1682 1393 1730 nos
1417 1682 1530 1759 super
1548 1650 1728 1759 predictis
1748 1666 1786 1727 et
1804 1676 1917 1755 super
1935 1646 2010 1723 hiis

2109 1351 2172 1393 lslo.

588 1780 704 1857 eciam
726 1808 800 1887 que
822 1780 945 1859 dictus
963 1781 1137 1871 ballivus,
1160 1799 1288 1861 contra
1307 1784 1521 1891 predictum
1546 1783 1773 1870 Johannem,
1797 1804 2010 1888 proponere

587 1909 715 2000 vellet,
734 1928 771 1987 et
786 1912 922 2018 quade
938 1940 1046 1989 causa
1063 1942 1149 1990 eum
1167 1914 1334 1991 tenuerit
1349 1914 1388 1989 in
1403 1914 1591 2020 prisione,
1608 1941 1649 1988 ac
1663 1938 1778 2019 super
1794 1937 1927 1987 eorum
1945 1908 2012 1985 cir·

587 2041 806 2117 constanciis
832 2040 1015 2119 universis
1036 2043 1184 2148 inquiri
1202 2044 1459 2119 mandavimus
1482 2044 1696 2130 veritatem3
1721 2040 1811 2117 hinc
1830 2056 1885 2116 est
1905 2038 2011 2144 quod

587 2168 774 2275 inquesta,
799 2170 847 2247 de
865 2170 1042 2248 mandato
1063 2188 1204 2260 nostro,
1222 2170 1315 2248 sacta
1332 2200 1446 2277 super
1470 2171 1543 2249 hiis
1565 2198 1640 2277 que
1653 2171 1752 2249 dicte
1775 2186 1899 2276 partes
1922 2196 2011 2277 pro-

586 2326 727 2403 ponere
751 2298 973 2388 voluerunt,
998 2300 1073 2377 visa
1094 2316 1133 2377 et
1155 2299 1357 2407 diligenter
1382 2301 1605 2389 examinata,
1628 2300 1716 2405 quia
1742 2300 1935 2377 inventum
1956 2314 2011 2375 est

587 2428 816 2507 sufficienter
833 2431 1034 2537 probatum
1055 2431 1198 2507 dictum
1219 2431 1430 2508 Johannem
1448 2432 1629 2519 Puchois,
1646 2432 1748 2538 justa
1763 2431 1810 2508 de
1817 2458 1953 2523 causa,
1970 2430 2011 2505 in

587 2556 732 2637 firmata
751 2560 933 2665 prisione,
948 2588 1016 2666 per
1028 2559 1244 2666 predictum
1258 2561 1441 2666 temporis
1457 2560 1642 2665 spacium,
1665 2560 1864 2639 detentum
1876 2561 2008 2647 baisse,

586 2688 759 2764 videlicet
773 2717 843 2794 pro
862 2716 907 2766 eo
923 2688 1028 2794 quod
1044 2689 1155 2767 salsos
1168 2706 1284 2767 testes
1298 2690 1542 2796 produxerat,
1558 2691 1598 2766 in
1611 2716 1721 2768 causa
1732 2690 1929 2799 cujusdam
1941 2691 2012 2767 bo·

588 2817 730 2895 micidii
740 2845 809 2924 per
820 2816 943 2925 ip'sum
958 2818 1189 2910 denunciati3
1203 2820 1311 2909 item,
1326 2821 1432 2926 quod
1445 2820 1618 2927 predicto
1630 2820 1728 2899 facto
1739 2821 2010 2900 dictolohanni

588 2948 773 3054 exposito,
795 2948 893 3054 ipse,
916 2976 1186 3057 recognoscens
1212 2950 1356 3027 dictum
1381 2949 1539 3040 sactum,
1564 2952 1638 3030 boc
1662 2953 1924 3030 emendaverat
1940 2979 2012 3058 pu-

587 3078 701 3167 blice,
724 3080 763 3156 in
782 3108 897 3156 manu
914 3079 1041 3158 ballivi
1061 3080 1237 3187 predicti,
1260 3082 1308 3159 ad
1323 3081 1558 3159 voluntatem
1582 3100 1763 3173 nostram,
1787 3100 1825 3160 et
1844 3082 1892 3161 de
1912 3082 2011 3161 dicta

588 3210 747 3287 emenda
769 3228 890 3289 certos
909 3212 1065 3289 dederat
1084 3212 1341 3320 fidejussores,
1363 3238 1431 3319 per
1447 3214 1551 3290 curie
1571 3230 1699 3295 nostre
1714 3213 1919 3322 judicium,
1937 3213 2013 3291 dio-

586 3358 647 3419 tua
665 3342 855 3419 lohannes
874 3343 1037 3420 Puchois
1050 3343 1091 3417 in
1106 3341 1210 3419 mille
1228 3340 1335 3420 libris
1352 3342 1659 3433 Turonensibus,
1678 3344 1790 3423 nobis
1804 3344 2008 3434 solvendis,

586 3470 705 3549 extitit
730 3470 1044 3579 condempnatus,
1067 3488 1105 3551 et
1130 3472 1218 3579 quia
1242 3472 1438 3550 inventum
1461 3490 1519 3551 est
1537 3500 1608 3579 per
1630 3474 1841 3579 inquestam
1864 3474 2012 3580 predio-

585 3619 679 3691 tam,
699 3603 804 3709 quod
820 3603 942 3681 dictus
961 3602 1173 3709 capellanus
1189 3602 1316 3682 ballivi
1331 3604 1507 3711 predicti,
1530 3604 1692 3683 dedicta
1708 3633 1856 3683 summa
1869 3606 2012 3713 sepcies

586 3732 715 3837 viginti
742 3732 925 3809 librarum
944 3734 1245 3821 Turonensium,
1272 3733 1407 3811 habuit
1433 3750 1472 3810 et
1495 3736 1638 3840 recepit
1661 3751 1814 3811 centum
1839 3751 1877 3810 et
1898 3736 2012 3840 quin-

588 3886 663 3964 que
682 3860 795 3937 libras
814 3860 1057 3951 Parisienses,
1080 3890 1149 3967 pro
1170 3862 1271 3939 dicto
1290 3862 1470 3952 Puchois,
1494 3862 1535 3937 in
1555 3863 1727 3941 fraudem
1754 3880 1793 3940 et
1813 3862 2012 3941 detractio·

589 4016 676 4067 nem
696 3989 792 4096 juris
817 3991 934 4068 nostri
963 4008 1002 4068 et
1025 3990 1308 4070 subversionem
1321 3992 1475 4098 justicie
1494 3990 1680 4083 faciende,
1701 4020 1770 4099 per
1789 3992 1891 4071 idem
1907 3992 2013 4101 judi·

590 4120 709 4207 cium,
732 4120 875 4198 dictum
899 4120 972 4198 suit
990 4121 1095 4229 quod
1114 4120 1213 4199 dicte
1234 4138 1386 4200 centum
1407 4140 1446 4199 et
1464 4122 1633 4231 quinque
1651 4122 1749 4201 libre
1768 4122 2008 4213 Parisienses,

588 4268 779 4357 tamquam
809 4253 1027 4344 commisse,
1057 4240 1168 4332 nobis
1195 4252 1501 4361 applicabuntur;
1526 4271 1564 4331 et
1591 4283 1679 4332 cum
1704 4256 1826 4333 dictaas
1852 4253 2011 4332 ballivus

590 4384 628 4457 in
648 4382 824 4489 predictis
850 4401 1023 4491 repertus
1049 4383 1165 4462 fuerit
1189 4384 1384 4491 culpabilis
1403 4410 1518 4490 snper
1540 4384 1685 4474 multis,
1711 4402 1795 4463 tum
1819 4386 1909 4492 quia
1934 4385 2013 4462 dic-

588 4528 672 4589 tum
696 4512 925 4602 Johannem,
952 4542 1062 4591 suum
1089 4514 1269 4593 delictum
1295 4531 1645 4622 recognoscentem,
1667 4515 1707 4591 in
1726 4531 1866 4592 certam
1884 4542 2013 4593 emen-

589 4642 677 4719 dun
703 4670 781 4721 non
809 4644 1113 4751 condempnavit,
1138 4662 1222 4724 tum
1246 4646 1353 4754 quia,
1379 4645 1484 4753 lapso
1511 4645 1633 4724 multo
1659 4646 1842 4755 temporis
1868 4647 2008 4753 spacio,

589 4774 637 4850 de
658 4773 756 4852 dicta
774 4774 932 4882 pecunia
957 4775 1057 4854 dicto
1078 4776 1270 4883 capellano
1296 4776 1436 4865 soluta,
1459 4776 1566 4883 cujus
1589 4793 1776 4883 receptam
1801 4776 2012 4855 verisimili-

588 4920 646 4981 ter
670 4932 748 4981 non
772 4905 896 5011 potuit
920 4906 1108 5014 ignorare,
1129 4935 1206 4985 non
1232 4908 1460 5015 computavit
1483 4908 1524 4985 in
1549 4908 1705 4987 Camers
1730 4926 2006 5015 compotorum,

589 5049 670 5112 tum
694 5034 783 5141 quia
803 5032 941 5113 factum
969 5038 1190 5146 hujusmodi
1211 5037 1279 5116 diu
1298 5038 1415 5117 tacuit
1439 5056 1478 5115 et
1500 5039 1731 5146 impunitum
1753 5038 1915 5129 dimisit,
1941 5040 2012 5117 do·

589 5165 714 5243 minus
732 5168 809 5243 Rex
832 5167 957 5273 ipsum
981 5170 1137 5248 omnino
1157 5169 1312 5277 privavit
1331 5198 1352 5249 a
1371 5196 1441 5248 suo
1466 5171 1638 5259 servicio,
1660 5188 1699 5250 et
1715 5170 1886 5279 precepit
1906 5168 2012 5279 quod

589 5294 636 5371 ad
656 5296 926 5403 inquirendum
946 5318 1077 5379 contra
1097 5301 1235 5407 ipsum,
1257 5299 1440 5379 adfinem
1466 5300 1630 5394 civilem,
1652 5302 1743 5381 certi
1765 5298 2008 5380 commissarii

592 5422 828 5527 deputentur,
848 5447 886 5505 et
899 5428 1003 5536 quod
1023 5458 1067 5509 ex
1087 5440 1188 5508 nu'nc
1206 5431 1334 5511 omnia
1347 5430 1447 5511 bona
1461 5458 1528 5509 sua
1546 5432 1586 5510 in
1605 5459 1719 5509 mann
1738 5430 1881 5511 domini
1901 5426 2011 5533 Regis

1852 5584 1902 5663 73.
