5817 7292
1051 1103 1321 1213 enousras
1346 1121 1411 1194 33
1437 1109 1644 1198 enecas.
1983 1125 2057 1198 333

695 1267 855 1344 Lxxxt.
884 1264 983 1344 Cum
1010 1283 1231 1369 procurater
1254 1263 1399 1342 abbatis
1424 1282 1465 1343 et
1490 1281 1695 1342 conventus
1723 1259 1898 1342 Mauziaei
1931 1291 2056 1344 eoram
2096 1263 2226 1326 esterna
2241 1273 2283 1334 ¹V·

637 1396 903 1474 commissoriis
916 1397 1055 1473 nostris
1068 1395 1321 1502 proposuisset
1335 1393 1442 1502 quod
1456 1396 1526 1502 ipsi
1541 1395 1721 1501 religiosi,
1731 1395 1886 1474 3333133
1902 1396 2057 1474 ecclesie
2157 1361 2221 1406 Μ’

637 1555 705 1604 sue
718 1529 997 1618 ldauziaeensis,
1009 1543 1115 1604 erant
1128 1527 1168 1602 in
1182 1525 1315 1604 saisina
1327 1527 1525 1604 exercendi
1541 1525 1799 1604 omnimodam
1812 1527 2002 1634 justiciam
2018 1529 2057 1606 in

637 1657 731 1736 locis
744 1658 989 1765 infrascriptis
1000 1687 1085 1735 eum
1101 1657 1344 1763 pertinenciis
1355 1658 1448 1746 suis,
1471 1657 1612 1735 scilicet
1629 1655 1667 1734 in
1686 1655 1784 1735 villis
1799 1658 1848 1735 de
1867 1657 2055 1750 Temhac,

638 1789 881 1878 Sancti-Ursi,
906 1787 1487 1896 Sancti-Georgiide-Montibus
1506 1805 1545 1866 et
1565 1789 1612 1865 de
1629 1787 1933 1878 Monte-Autrue,
1961 1805 1999 1864 et
2018 1789 2056 1865 in

636 1920 804 2026 quodam
816 1920 901 1998 1333
914 1919 987 1996 3133
1001 1919 1043 1996 13
1054 1918 1287 2010 Villa-Nova,
1301 1936 1340 1996 et
1350 1920 1517 2026 quodam
1531 1919 1616 1997 1333
1632 1919 1703 1996 3133
1716 1919 1810 1996 infra
1820 1917 1946 1996 villam
1962 1912 2058 1996 Mar-

636 2049 743 2137 ciani,
759 2066 892 2155 petens
907 2047 1097 2153 predictos
1115 2046 1311 2154 religiosos
1322 2049 1421 2158 tueri
1440 2048 1480 2123 in
1499 2047 1633 2128 saisina
1648 2075 1714 2126 sua
1727 2047 1910 2152 predicta,
1929 2065 1966 2124 et
1981 2049 2056 2152 pri-

635 2179 707 2254 sias
716 2176 912 2283 quasdam,
925 2176 965 2250 in
977 2175 1087 2253 dietis
1097 2175 1206 2264 locis,
1216 2204 1285 2282 per
1296 2193 1427 2284 gentes
1436 2195 1583 2254 nostras
1594 2177 1723 2266 lactas,
1737 2177 1879 2254 eisdem
1890 2178 2053 2268 restitui3

634 2323 874 2411 procuratore
891 2323 1020 2384 nostro
1034 2305 1186 2384 ballivis
1202 2306 1380 2385 Arvernis
1397 2308 1620 2386 econtrario
1638 2324 1872 2416 proponente
1887 2287 1957 2385 nos
1975 2336 2054 2388 esse

633 2437 673 2516 in
684 2437 820 2516 saisina
827 2437 1087 2515 omnimodam
1095 2437 1287 2544 justiciam
1299 2437 1340 2514 in
1355 2436 1450 2516 locis
1464 2438 1642 2546 predictis
1658 2441 1855 2518 exercendi
1873 2473 1882 2518 3
1900 2442 1983 2521 Visa
1999 2440 2055 2518 in-

633 2585 765 2675 questa
781 2568 984 2674 superbiis
998 2569 1047 2646 de
1062 2569 1241 2647 mandato
1260 2570 1363 2646 curie
1382 2585 1511 2646 nostre
1528 2567 1641 2659 lacta,
1656 2587 1694 2646 et
1706 2571 1783 2649 viso
1798 2573 1964 2678 quodam
1981 2572 2055 2679 pri-

633 2699 787 2807 vilegio,
801 2700 841 2776 in
860 2701 963 2775 curia
978 2715 1123 2787 nostra,
1140 2726 1209 2805 pro
1224 2698 1412 2805 religiosis
1428 2699 1625 2803 predictis,
1640 2729 1754 2806 super
1775 2703 1848 2782 1333
1868 2704 2051 2792 exhibito,

633 2855 703 2934 per
720 2828 823 2906 marie
839 2845 967 2905 nostre
981 2828 1190 2936 judicium,
1207 2827 1497 2934 pronunciatum
1519 2827 1592 2905 suit
1609 2827 1752 2906 dictum
1774 2849 2053 2937 procuratorem

633 2975 804 3036 nostrum
820 2959 958 3036 melius
974 2959 1231 3036 intencionem
1246 2985 1354 3034 suam
1371 2957 1601 3064 probavisse,
1618 2975 1803 3065 quantum
1818 2961 1865 3038 ad
1879 2962 2054 3040 saisinam

632 3087 708 3166 3133
721 3089 872 3196 justicie
890 3088 931 3164 in
947 3087 1035 3166 1333
1051 3088 1125 3167 3133
1139 3089 1180 3165 13
1197 3087 1410 3167 Villa-Nova
1427 3089 1612 3195 predicta,
1631 3106 1669 3166 et
1688 3119 1758 3169 nos
1776 3118 1970 3170 remanere
1990 3093 2055 3174 de-

630 3219 721 3297 bere
732 3220 773 3295 in
788 3219 923 3298 saisina
934 3219 1131 3296 exercendi
1145 3219 1290 3297 ibidem
1306 3218 1420 3297 altam
1431 3219 1640 3326 justiciam,
1653 3237 1692 3296 et
1705 3221 1827 3299 dictos
1841 3223 2050 3330 religiosos,

630 3367 816 3456 quantum
832 3349 882 3426 ad
894 3350 1041 3429 bassam
1054 3349 1246 3456 justiciam
1264 3377 1332 3426 seu
1343 3348 1648 3458 jurisdictionem
1663 3350 1753 3428 dicti
1772 3349 1862 3439 loci,
1879 3353 2056 3432 saisinam

630 3509 735 3559 suam
759 3481 897 3559 melius
917 3480 1129 3588 probavisse
1149 3498 1188 3558 et
1206 3509 1273 3560 333
1295 3507 1491 3557 remanere
1512 3478 1650 3558 debere
1670 3480 1710 3556 in
1731 3481 1864 3558 saisina
1882 3511 1949 3559 sua
1969 3513 2053 3590 pre·
2134 3533 2148 3558 .

631 3611 748 3703 dicta3
769 3629 953 3720 quantum
968 3628 1094 3690 autem
1118 3612 1166 3690 ad
1186 3610 1258 3688 alia
1273 3610 1356 3690 1333
1371 3611 1554 3717 predicta,
1570 3639 1638 3716 per
1656 3611 1757 3688 idem
1771 3612 1958 3720 judicium
1982 3613 2054 3692 luit

629 3743 921 3848 pronunciatum
937 3743 1058 3821 dictos
1077 3741 1289 3848 religiosos,
1307 3759 1345 3820 et
1358 3757 1545 3848 quantrun
1561 3742 1607 3817 ad
1624 3741 1735 3818 altam
1754 3759 1792 3818 et
1806 3761 1989 3847 quantum
2007 3746 2055 3821 ad

627 3871 775 3950 bassam
797 3873 1008 3980 justiciam,
1034 3871 1292 3950 intencionem
1314 3899 1420 3949 suam
1446 3870 1583 3948 melius
1606 3870 1833 3976 probavisse,
1864 3888 1901 3946 et
1925 3899 1990 3948 eos
2015 3874 2053 3948 in

629 4001 764 4078 saisina
774 4030 843 4080 sua
855 4003 1052 4079 exercendi
1063 4001 1175 4078 altam
1186 4018 1225 4080 et
1238 4001 1384 4078 bassam
1393 4000 1602 4108 justiciam,
1618 4000 1657 4075 in
1669 3999 1762 4078 locis
1772 4000 1950 4106 predictis
1964 4031 2051 4078 cum

629 4157 763 4209 eorum
775 4133 1033 4238 pertinenciis,
1044 4159 1242 4209 remanere
1254 4130 1411 4223 debere,
1424 4150 1463 4208 et
1473 4130 1620 4237 prisias,
1636 4147 1790 4236 propter
1802 4129 1875 4207 1333
1884 4159 1953 4238 per
1964 4161 2053 4239 gen-

626 4280 685 4338 tes
699 4279 845 4342 nostras
857 4262 1025 4375 fantasia
1041 4261 1135 4340 locis
1149 4260 1344 4367 predictis,
1362 4261 1504 4338 eisdem
1522 4261 1661 4340 debere
1675 4262 1838 4353 restitui,
1851 4262 1948 4340 salva
1962 4264 2051 4344 hinc

627 4393 720 4470 inde
732 4393 930 4498 questione
941 4393 1192 4498 proprietatis.

685 4523 860 4601 Mercurii
874 4541 960 4602 ante
975 4524 1133 4602 Pascha.

683 4651 843 4732 Cuillier
855 4654 1070 4764 reportavit.
1143 4673 1148 4684 ·

682 4917 857 4996 Lxxxss.
878 4919 981 4996 Inter
990 4891 1195 5026 Symonam
1206 4919 1400 4997 (1333313333
1410 4917 1775 5010 castriCastriamm,
1788 4946 1832 4998 ex
1842 4945 1916 4998 una
1926 4937 2046 5028 parte,

626 5063 665 5126 ct
678 5048 897 5154 episcopum
918 5048 1240 5157 Magalonensem,
1258 5077 1303 5127 ex
1322 5049 1454 5137 altera,
1477 5077 1591 5158 super
1610 5077 1656 5127 eo
1672 5048 1775 5156 quod
1792 5067 1949 5159 utraque
1965 5079 2049 5157 pars

626 5177 775 5256 dicebat
793 5207 832 5256 se
855 5178 995 5256 habere
1009 5179 1202 5285 justiciam
1225 5182 1266 5258 in
1286 5197 1507 5258 tenemento
1526 5179 1572 5257 de
1591 5180 1789 5271 Ferrariis,
1812 5182 1981 5289 inquesta
1999 5181 2047 5258 ad

624 5325 789 5386 nostram
801 5309 944 5387 orniam
962 5327 1161 5417 asportata,
1178 5310 1254 5388 visa
1269 5328 1308 5390 et
1324 5311 1526 5418 diligenter
1538 5308 1762 5401 examinata,
1779 5311 1959 5417 quianon
1975 5309 2046 5386 luit

624 5436 663 5514 in
683 5465 726 5516 ea
743 5458 936 5547 repertvsm
958 5443 1064 5548 quod
1082 5460 1301 5550 procurator
1326 5443 1474 5522 domini
1502 5443 1626 5550 Regis,
1655 5443 1696 5520 in
1718 5443 1895 5550 eoquod
1917 5441 2040 5546 ipsum
