5817 7292
1006 1028 1269 1137 nnousrns
1296 1046 1357 1120 nr
1385 1030 1589 1122 raocns.
1932 1050 2002 1122 asi

586 1213 651 1273 tur
670 1212 708 1271 et
728 1192 776 1269 ab
797 1192 951 1299 antiquo
970 1209 1246 1269 consueverunt
1262 1191 1402 1280 teneri,
1421 1189 1596 1297 quadie,
1619 1204 1772 1296 propter
1789 1187 2009 1296 brevitatem
2050 1194 2179 1249 buum
2192 1194 2235 1258 tt,

586 1324 768 1433 temporis
801 1322 1002 1432 hyemalis,
1029 1351 1145 1430 pauca
1177 1338 1337 1428 possunt
1365 1322 1508 1400 ibidem
1535 1320 1722 1426 expediri,
1753 1348 1869 1427 qrrsre
1900 1321 2012 1399 nobis
2112 1287 2175 1329 ’ω’

587 1456 808 1563 supplicavit
826 1457 1002 1563 quatinus
1024 1455 1213 1534 nundinas
1232 1455 1330 1563 ipsas
1345 1483 1414 1561 per
1437 1454 1530 1532 duas
1554 1453 1636 1531 dies
1658 1470 1859 1559 sequentes
1882 1481 2012 1558 proro-

585 1614 672 1695 gare
690 1586 894 1675 vellemus,¹
916 1587 1056 1695 quibus
1076 1586 1227 1665 duabus
1254 1586 1391 1664 diebus
1413 1585 1484 1662 sibi
1505 1584 1638 1661 liceret
1658 1613 1679 1660 a
1699 1582 1953 1660 vendentibus
1974 1602 2012 1660 et

588 1718 801 1798 ementibus
819 1718 962 1797 ibidem
985 1719 1131 1824 exigere
1154 1735 1193 1795 et
1211 1719 1333 1795 levare
1353 1718 1605 1809 redibencias,
1627 1734 1741 1823 prout
1763 1715 1906 1791 domini
1926 1715 2013 1791 vici-

587 1878 721 1928 narum
744 1868 930 1928 terrarum
956 1850 994 1925 in
1019 1848 1201 1926 nundinis
1224 1850 1302 1926 suis
1327 1850 1473 1955 exigere
1499 1867 1538 1925 et
1566 1848 1689 1925 levare
1715 1865 2009 1933 consueverunt3

587 2008 769 2069 nosrero,
787 1983 835 2059 de
849 1980 1044 2087 predictis,
1062 1980 1110 2057 ad
1128 1979 1444 2085 supplicacionem
1462 1979 1550 2055 dicti
1569 1977 1698 2055 militis
1718 1979 1854 2067 nostri,
1872 1976 2010 2086 inquiri

585 2112 859 2197 mendavimus,
896 2108 1068 2185 videlicet
1097 2110 1145 2200 si,
1177 2109 1317 2213 absque
1348 2126 1481 2185 nostro
1510 2126 1549 2185 et
1581 2109 1706 2185 alieno
1734 2108 1944 2217 prejudicio
1974 2127 2011 2185 et

585 2238 765 2345 dampno,
790 2240 889 2317 dicte
908 2237 1179 2345 supplicacioni
1199 2266 1367 2315 annuere
1395 2265 1593 2343 possemus
1610 2270 1619 2315 :
1636 2242 1746 2315 Facta
1770 2240 1886 2347 igitur
1912 2239 2010 2317 dicta

584 2373 777 2478 inquesta,
798 2388 837 2447 et
857 2370 1059 2479 diligenter
1083 2370 1267 2476 inspecta,
1297 2370 1386 2476 quia
1403 2398 1472 2476 per
1493 2397 1576 2447 eam
1600 2388 1793 2475 repertum
1811 2389 1866 2449 est
1884 2373 2008 2477 quod,

473 2488 478 2499 ⁴
583 2504 613 2579 si
643 2532 712 2581 nos
738 2503 1046 2610 prorogacioncm
1072 2500 1292 2608 hujusmodi
1318 2500 1575 2576 nundinarum
1599 2501 1815 2579 Vicenobrii
1838 2504 2009 2607 predicto

584 2632 696 2711 militi
714 2648 844 2710 nostro
867 2629 1179 2720 concederemus,
1201 2629 1455 2737 prejudicium
1474 2646 1587 2735 atque
1613 2630 1819 2736 dampnum
1843 2632 1952 2709 nobis
1972 2651 2011 2709 et

471 2810 479 2839 r
585 2764 723 2841 dilecto
748 2778 879 2840 nostro
902 2761 1079 2867 episcopo
1105 2759 1295 2837 Anieiensi
1320 2777 1565 2868 generaretur
1588 2762 1629 2837 in
1656 2762 1838 2839 ntmdinis
1862 2762 1909 2839 dc
1936 2764 2010 2839 An·

585 2893 710 2982 dusia,
732 2920 807 3001 qne
827 2920 1049 2969 communes
1070 2907 1157 2968 sunt
1177 2890 1287 2968 nobis
1308 2907 1345 2968 et
1364 2890 1466 2968 dicto
1487 2891 1680 2997 episcopo,
1701 2893 1898 2997 presertim
1921 2923 2007 2969 cum

583 3022 786 3131 aliquando
810 3022 909 3101 dicte
927 3021 1096 3099 nundine
1118 3020 1165 3098 de
1193 3021 1360 3099 Andusia
1381 3038 1418 3099 et
1432 3022 1648 3101 Vicenobrii
1676 3022 1790 3102 simul
1809 3051 2008 3101 concurre-

582 3173 667 3233 rent
683 3154 820 3232 eodem
842 3171 1030 3261 tempore,
1058 3182 1206 3231 necnon
1221 3154 1324 3263 quod
1342 3152 1515 3231 nundine
1533 3182 1607 3261 que
1626 3140 1767 3233 suntin
1782 3154 2007 3234 Vicenobn'o

582 3287 621 3361 in
639 3285 701 3363 die
714 3285 814 3363 beati
831 3284 982 3363 Andree
1003 3302 1090 3362 sunt
1101 3284 1271 3369 besche,
1290 3287 1385 3375 et,si
1401 3303 1693 3392 prorogarentur
1710 3314 1779 3393 per
1797 3285 1894 3363 duos
1908 3286 2005 3373 dies,

581 3434 625 3495 ut
651 3416 876 3529 premissum
910 3432 984 3503 est,
1016 3414 1140 3493 dictus
1164 3414 1273 3493 miles
1297 3444 1374 3494 non
1402 3414 1542 3493 levaret
1564 3444 1585 3493 a
1606 3415 1879 3495 mercatoribus
1907 3416 2010 3492 redi·

582 3547 734 3625 bencias
750 3547 798 3624 de
814 3548 892 3625 suis
905 3548 1124 3623 mercaturis
1137 3574 1229 3653 quas
1240 3546 1384 3624 ibidem
1396 3546 1540 3625 francas
1552 3548 1747 3636 haberent,
1763 3548 2009 3654 quodinconu

581 3680 734 3754 veniens
750 3678 953 3764 rideretur,
977 3694 1015 3753 et
1034 3676 1192 3763 idcirco,
1209 3704 1278 3780 per
1291 3694 1457 3755 nostram
1473 3679 1634 3767 curiam,
1651 3676 1796 3753 dictum
1812 3677 1884 3753 suit
1903 3680 2007 3782 quod

583 3805 681 3883 dicta
695 3805 913 3912 prorogacio
928 3804 1099 3911 predicto
1114 3804 1226 3882 militi
1243 3822 1372 3882 nostro
1386 3832 1465 3882 non
1480 3807 1719 3882 concedetur.

639 3937 815 4015 Mercurii
828 3936 1008 4043 predicta.

639 4067 766 4149 Cessel
784 4067 998 4176 reportavit.

638 4331 698 4408 lx.
724 4330 811 4409 Visa
840 4329 1014 4443 inquesta
1036 4326 1146 4419 lacte,
1174 4328 1222 4405 de
1247 4328 1425 4406 mandato
1448 4326 1573 4405 ballivi
1593 4317 1910 4422 Constanciensis,
1939 4362 2007 4439 per

582 4462 800 4569 magistrum
812 4462 1010 4569 llugcnem
1026 4458 1077 4537 de
1084 4460 1274 4567 Quesney‚
1286 4488 1458 4567 supereo
1470 4460 1579 4567 quod
1587 4460 1782 4540 dicebatur
1792 4462 1896 4567 quod
1906 4461 2006 4542 Guil-

582 4592 719 4672 lelmus
732 4592 962 4685 dePencoit,
977 4590 1218 4681 domicellus,
1232 4590 1431 4700 Agnetam,
1446 4590 1562 4668 liliam
1573 4590 1795 4670 Constancie
1807 4594 1853 4671 de
1864 4596 2006 4673 lleroe·

581 4724 699 4812 titan,
717 4721 1022 4831 perviolenciam
1039 4740 1228 4829 rapuerat,
1250 4740 1405 4830 propter
1425 4722 1556 4831 plures
1571 4722 1743 4801 delectus
1760 4724 1800 4800 in
1815 4751 1858 4801 ea
1878 4753 2006 4835 reper-

574 4870 657 4946 tos,
675 4880 751 4932 non
761 4852 837 4933 ’init
846 4852 1029 4963 judicata,
1048 4854 1132 4943 sed,
1150 4882 1266 4961 super
1279 4853 1460 4932 violencia
1474 4882 1550 4960 que
1568 4854 1707 4934 netur
1723 4855 1815 4933 lacta
1831 4855 1945 4936 fuisse
1963 4858 2003 4933 in

581 4984 757 5093 capcione
776 4984 875 5062 dicte
890 4982 1024 5099 Aincte
1041 5000 1079 5061 et
1098 5012 1212 5089 super
1226 4982 1512 5063 defensionibus
1525 4986 1642 5093 pertis
1652 4986 1823 5079 adverse,
1837 4988 2005 5093 precepit

583 5118 683 5194 curia
699 5115 820 5225 quod,
839 5116 887 5194 ad
905 5114 1021 5193 linem
1038 5114 1201 5204 civilem,
1216 5116 1352 5193 veritus
1370 5116 1593 5222 inquiretur.

638 5375 681 5449 Χ.
710 5376 807 5453 Cum
820 5378 956 5484 Helyes
965 5378 1013 5455 de
1024 5376 1250 5484 Bleigniaoo‚
1260 5378 1432 5487 armiger,
1449 5406 1492 5454 ex
1509 5395 1710 5483 una-perte,
1723 5393 1762 5453 et
1769 5375 1998 5453 senescallus
