5817 7292
902 1073 974 1149 [100
1478 1074 1569 1147 LES
1599 1073 1737 1148 ΘΗΜ.

677 1230 860 1293 ruurmtv,
900 1220 990 1297 item
1012 1217 1118 1325 quod
1137 1218 1186 1295 de
1211 1216 1551 1295 consuetudinibus
1572 1214 1774 1324 propositis
1799 1214 1839 1291 in
1859 1213 2170 1305 dictis-articulis,
2193 1216 2319 1328 inqui·

739 1324 800 1367 1300.

901 1364 1005 1425 retur
1026 1364 1142 1453 prout
1164 1364 1220 1425 est
1237 1364 1471 1425 consuetum.

960 1478 1088 1556 Martis
1106 1494 1192 1583 post
1211 1477 1357 1555 octabas
1377 1474 1597 1581 Epiphanio.

957 1606 1004 1687 G.
1026 1608 1072 1687 dc
1092 1608 1186 1683 Usco
1206 1605 1418 1710 reportavit.

954 1738 1191 1818 Pacilicatum
1212 1752 1277 1813 est.

954 2002 1044 2078 ΧΠΙ.
1067 2001 1149 2077 Lite
1164 2015 1283 2087 mota,
1300 2028 1424 2077 coram
1438 2000 1629 2106 preposito
1639 2001 1862 2089 Parisiensc,
1875 2002 1974 2081 inter
1984 2002 2158 2081 homines
2171 2004 2219 2092 de
2231 2005 2320 2081 Bru-

901 2160 996 2239 nayo
1017 2148 1054 2209 et
1074 2131 1196 2237 ipsum
1216 2129 1468 2237 prepositum,
1489 2129 1644 2207 nomine
1658 2148 1807 2219 nostro,
1829 2159 1874 2209 ex
1887 2160 1963 2209 una
1982 2149 2104 2238 parts,
2125 2149 2163 2209 et
2175 2134 2317 2210 Johan-

899 2290 988 2339 uem
1002 2261 1050 2339 de
1061 2262 1185 2369 Soysi,
1198 2260 1375 2351 militem,
1392 2288 1434 2337 ex
1447 2260 1578 2349 altera,
1594 2289 1768 2368 supereo
1783 2264 1886 2369 quod
1901 2261 1989 2341 dicti
2004 2264 2177 2341 homines
2191 2290 2317 2340 coram

900 2394 981 2501 ipso
995 2394 1185 2499 preposito
1202 2392 1465 2501 proponebant
1476 2392 1581 2499 quod
1597 2391 1721 2471 dictus
1733 2393 1862 2483 miles,
1879 2393 1919 2469 in
1938 2410 2109 2473 nostrum
2123 2410 2316 2499 contemp-

897 2541 979 2601 tum
1008 2541 1046 2601 et
1070 2523 1257 2601 dictorum
1282 2522 1483 2601 hominum
1509 2520 1714 2613 lesionem,
1742 2552 1899 2603 manum
1920 2540 2101 2612 nostram,
2125 2524 2165 2599 in
2188 2523 2314 2611 bonis,

899 2653 1012 2732 rebus
1032 2670 1069 2731 ct
1083 2653 1304 2759 corporibus
1323 2654 1525 2731 hominum
1539 2653 1797 2759 predictorum
1819 2654 2043 2761 appositam,
2060 2653 2316 2761 infringendo,

898 2784 1004 2889 plura
1024 2784 1235 2891 gravamina
1254 2783 1306 2863 cis
1328 2782 1508 2880 intulerat
1530 2782 1701 2863 inbonis
1721 2802 1759 2861 ct
1778 2784 1893 2865 rebus
1913 2814 2065 2875 eorum,
2086 2782 2321 2891 requirentes

897 2914 1081 3021 predicta,
1102 2930 1180 2992 tam
1198 2914 1309 2993 nobis
1329 2943 1441 3022 quam
1461 2913 1551 3017 sibi,
1571 2915 1782 3006 emendari,
1804 2916 1906 2995 dicto
1926 2916 2047 3001 milite
2066 2915 2196 3023 plures
2212 2914 2322 2991 racio

900 3074 980 3138 nes,
1003 3046 1041 3122 in
1061 3064 1245 3153 quantum
1265 3045 1404 3125 factum
1421 3042 1642 3154 hujusmodi
1662 3076 1734 3125 nos
1755 3065 1908 3154 tangere
1928 3065 2094 3156 poterat,
2117 3047 2167 3125 ad
2184 3048 2244 3125 sui
2259 3048 2346 3156 de-¹

898 3175 1107 3255 sensionem
1131 3178 1169 3253 in
1193 3180 1423 3255 contrarium
1447 3196 1700 3284 proponente,
1723 3197 1906 3284 quantum
1929 3197 2056 3260 tamen
2079 3178 2126 3257 ad
2149 3178 2322 3257 homines

900 3307 1104 3411 predictos,
1128 3306 1254 3387 sorum
1274 3308 1365 3385 dicti
1385 3307 1568 3415 prepositi
1590 3307 1801 3389 declinante
1827 3327 1865 3387 et
1889 3309 2007 3387 eciam
2026 3325 2176 3416 petente
2203 3335 2243 3384 se
2264 3336 2322 3384 re·

901 3438 998 3514 mitti
1018 3439 1065 3515 ad
1087 3437 1211 3515 lorum
1233 3438 1412 3546 prepositi
1428 3438 1614 3530 Corbolii‚
1641 3440 1713 3517 sub
1733 3442 1839 3548 cujus
1853 3439 2116 3546 jurisdictione
2143 3436 2222 3544 ipse
2242 3454 2322 3514 erat

900 3568 1041 3645 cubans
1057 3584 1094 3643 et
1104 3568 1247 3657 levans,
1263 3596 1376 3674 super
1390 3569 1462 3645 boc
1471 3568 1536 3677 jus
1551 3568 1622 3647 sibi
1637 3567 1720 3645 lieri
1734 3568 1865 3645 adicto
1879 3568 2069 3674 preposito
2085 3567 2318 3675 requirente,

900 3697 1002 3775 idern
1021 3700 1250 3805 prepositus,
1272 3699 1357 3777 visis
1370 3716 1410 3781 ,et
1428 3699 1606 3807 inspectis
1624 3698 1860 3805 processibus
1877 3699 2073 3805 utriusque
2093 3696 2222 3805 partis,
2235 3724 2322 3804 pro-

900 3829 1089 3907 nunciavit
1109 3828 1214 3937 quod
1234 3829 1357 3908 dictus
1376 3828 1503 3919 miles,
1525 3832 1601 3907 non
1622 3828 1858 3909 obstantibus
1876 3828 2086 3935 peripsum
2104 3826 2319 3933 propositis,

900 3989 1025 4040 coram
1035 3959 1117 4068 ipso
1127 3961 1330 4039 tenebatur
1339 3989 1453 4067 super
1467 3960 1646 4039 omnibus
1661 3960 1838 4066 predictis
1848 3976 1977 4039 contra
1991 3959 2114 4066 ipsum
2123 3958 2323 4065 propositis

901 4090 1147 4196 respondere;
1161 4090 1227 4199 qui
1239 4091 1347 4169 miles
1359 4121 1380 4167 a
1393 4090 1494 4171 dicto
1499 4090 1688 4199 judicato,
1701 4108 1892 4198 tamquam
1904 4089 1998 4167 salso
2010 4106 2049 4167 et
2057 4118 2186 4197 pravo,
2196 4088 2245 4166 ad
2254 4116 2321 4166 nos

901 4220 1115 4327 appellavit:
1128 4220 1276 4299 Auditis
1287 4222 1402 4331 igitur
1412 4222 1522 4299 dictis
1534 4220 1703 4327 partibus
1715 4222 1754 4299 in
1767 4249 1876 4299 causa
1884 4218 2151 4327 appellacionis
2159 4218 2322 4326 predicte

878 4350 880 4357 ’
902 4369 939 4427 et
956 4352 1042 4431 visis
1056 4353 1295 4459 processibus
1316 4372 1354 4433 et
1372 4353 1587 4435 nacionibus
1611 4355 1810 4461 utriusque
1835 4354 1965 4461 partis,
1987 4380 2029 4429 ac
2042 4352 2217 4458 inspecta
2236 4378 2324 4429 con·

902 4483 1062 4561 nexitate
1081 4514 1190 4564 cause
1207 4485 1390 4593 predicte,
1415 4514 1490 4593 que
1508 4502 1569 4565 cst
1589 4482 1909 4564 inter'dominum
1929 4487 2070 4592 Regem
2094 4500 2132 4560 et
2151 4482 2323 4561 homines

902 4614 1105 4719 predictos,
1122 4643 1191 4723 per
1200 4616 1303 4695 curie
1322 4634 1448 4695 nostre
1458 4616 1663 4724 judicium,
1681 4615 1826 4695 dictum
1840 4614 1914 4694 fuit
1930 4614 2141 4722 predictum
2160 4611 2324 4718 preposi-

901 4760 984 4821 tum
996 4744 1097 4823 ,bcne
1109 4745 1311 4855 judicasse,
1329 4764 1366 4824 et
1384 4745 1529 4826 dictum
1540 4746 1699 4825 militem
1714 4745 1814 4823 male
1829 4744 2052 4851 appellasse,
2070 4759 2106 4821 et
2120 4740 2226 4854 quod
2243 4740 2322 4846 ipse

903 4875 975 4953 hoc
995 4874 1222 4954 emendabit.
1630 4959 1633 4965 ,

957 5005 1088 5083 Martis
1106 5006 1359 5112 postoctabas
1372 5008 1594 5115 Epiphanio.
1642 5066 1645 5069 -

957 5138 1007 5213 M.
1029 5138 1068 5214 Ρ.
1091 5137 1138 5215 de
1158 5137 1360 5245 Arreblayo
1380 5140 1592 5247 reportavit.
1914 5232 1918 5238 ,

962 5266 1144 5345 Redditus
1163 5267 1235 5347 luit
1253 5266 1321 5363 iste
1341 5298 1536 5375 processus
1554 5272 1746 5378 preposito
1764 5269 1970 5352 Parisieusi.
1991 5261 1994 5265 ⁴
