5817 7292
1025 1076 1292 1183 evonenus
1318 1094 1381 1165 ur
1409 1075 1615 1167 proces.
1956 1094 2029 1168 627

611 1233 664 1309 sic
677 1231 932 1321 vulneratum,
945 1236 1049 1342 quasi
1065 1252 1258 1313 mortuum
1273 1234 1477 1341 reliquerat
1489 1234 1528 1312 in
1543 1233 1666 1339 platea
1681 1232 1771 1309 dicti
1788 1234 1914 1322 castri,
1927 1237 2030 1314 unde
2070 1248 2200 1302 Pertusa:
2212 1244 2255 1307 tv.

611 1362 763 1467 petebat
794 1364 916 1441 dictus
939 1366 1047 1443 miles
1063 1366 1143 1443 sibi
1170 1394 1283 1473 super
1308 1366 1381 1443 hoc
1409 1366 1456 1442 de
1484 1379 1723 1470 competente
1746 1363 1916 1440 remedio
1943 1394 2032 1469 pro·
2132 1340 2194 1380 Μ’

611 1495 751 1573 videri:
772 1496 943 1573 Tandem
964 1498 1151 1605 inquesta,
1177 1496 1315 1575 vocatis
1340 1496 1527 1603 partibus,
1552 1494 1647 1572 facta
1673 1521 1787 1601 super
1809 1494 1898 1585 boc,
1925 1495 2034 1572 nobis

611 1642 793 1731 asportata
810 1643 863 1713 et,
882 1626 930 1705 de
945 1626 1095 1734 speciali
1113 1627 1290 1705 mandato
1311 1643 1454 1715 nostro,
1473 1652 1702 1734 quamquam
1710 1652 1787 1702 non
1802 1640 1900 1702 esset
1913 1623 2035 1729 parla-

613 1772 796 1846 mentum,
817 1757 952 1833 tradita
974 1758 1021 1834 ad
1040 1758 1246 1835 videndum
1264 1776 1302 1835 et
1311 1757 1580 1866 judicandum,
1597 1785 1640 1832 ac
1659 1784 1702 1832 ea
1721 1784 1789 1861 per
1802 1753 2035 1832 consiliarios

611 1903 759 1965 nostros
777 1887 852 1964 visa
874 1904 912 1964 et
930 1886 1131 1996 diligenter
1149 1890 1375 1979 examinata,
1396 1887 1566 1992 factaque
1582 1914 1707 1963 coram
1721 1886 1833 1963 nobis
1847 1884 2033 1963 relacione

611 2014 659 2093 de
670 2018 765 2123 ipsa,
783 2046 851 2124 per
863 2017 965 2095 curie
977 2035 1103 2095 nostre
1113 2018 1319 2123 judicium,
1336 2018 1460 2094 dictus
1475 2016 1636 2124 armiger
1650 2016 1948 2121 condempnatus
1963 2015 2035 2092 luit

609 2145 655 2222 ad
670 2147 909 2224 reddendum
927 2148 1051 2224 eidem
1070 2146 1182 2224 militi
1198 2149 1423 2255 quingentas
1435 2145 1550 2225 libras
1565 2148 1806 2224 Tmonenses
1817 2173 1887 2252 pro
1901 2174 1968 2224 sua
1982 2147 2035 2222 in·

603 2276 713 2382 juria,
733 2294 771 2354 et
790 2276 861 2365 luit
877 2277 1021 2354 dictum
1042 2278 1198 2384 insuper
1217 2278 1321 2387 qnod
1339 2278 1439 2354 idem
1462 2277 1572 2355 miles
1592 2278 1737 2383 quittus
1756 2276 1966 2354 remanebit
1986 2276 2033 2354 de

609 2406 781 2483 ducentis
800 2407 906 2484 libris
917 2408 958 2484 in
975 2408 1115 2513 quibus
1129 2409 1208 2514 ipse
1225 2408 1350 2485 eidem
1364 2408 1549 2519 armigero
1560 2408 1773 2495 tenebatur,
1792 2435 1860 2512 per
1874 2436 2034 2485 conven-

609 2538 735 2613 ciones
759 2538 859 2642 pacis
882 2538 1026 2615 dudum
1050 2538 1148 2615 inter
1168 2568 1232 2617 eos
1252 2538 1474 2626 reformate,
1496 2565 1645 2614 necnon
1667 2536 1772 2644 quod
1795 2535 1869 2613 alta
1882 2538 2034 2643 justicia

551 2706 571 2730 ι
609 2668 717 2742 castri
738 2665 786 2743 de
806 2668 947 2755 alvena,
969 2697 1044 2774 que
1065 2685 1144 2746 erat
1163 2669 1252 2746 dicti
1267 2667 1459 2774 armigeri,
1481 2668 1575 2744 etin
1597 2695 1670 2773 qua
1686 2665 1867 2743 delictum
1884 2669 2035 2743 commi-

609 2813 706 2872 serat
725 2796 975 2913 antedictum,
995 2797 1105 2875 nobis
1126 2816 1163 2874 et
1182 2799 1317 2877 uostris
1338 2797 1617 2876 successoribus
1632 2796 1831 2875 confiscata
1849 2814 2033 2903 perpetuo

609 2928 835 3014 remanebit,
854 2946 891 3005 et
910 2956 997 3005 cum
1018 2927 1092 3006 boc
1110 2928 1221 3006 nobis
1236 2929 1355 3005 solvet
1374 2928 1478 3003 idem
1498 2929 1659 3035 armiger
1678 2926 1901 3036 quingentas
1921 2927 2035 3004 libras

609 3059 939 3165 Turonensespro
961 3058 1120 3136 emenda
1137 3059 1265 3137 delicti
1286 3058 1502 3164 supradicti.

664 3190 799 3269 Actum
815 3190 994 3277 Parisios,
1019 3190 1080 3267 die
1103 3190 1245 3267 decima
1270 3206 1368 3267 sexta
1390 3189 1628 3295 septembris,
1651 3218 1750 3267 anno
1768 3191 2034 3268 trecentesimo

607 3320 822 3399 undecimo.

662 3455 733 3531 Per
751 3454 913 3544 curiam,
928 3452 976 3531 de
997 3430 1181 3530 mandato
1193 3452 1338 3530 domini
1359 3451 1483 3558 Regis.

664 3584 813 3688 Crepon
828 3584 1031 3689 reportavit
1047 3600 1085 3661 et
1107 3583 1231 3659 adhuc
1246 3582 1360 3659 habet
1379 3583 1604 3688 inquestam.

665 3842 722 3917 111.
754 3842 837 3918 Lite
850 3858 967 3931 mota,
986 3868 1110 3919 coram
1124 3840 1300 3947 magistro
1316 3840 1513 3918 Clemente
1528 3839 1575 3916 de
1592 3814 1762 3930 Fiaxino,
1777 3838 2034 3920 commissario

612 4000 680 4079 per
699 3972 841 4049 curiam
860 3987 1029 4049 nostram
1049 3971 1152 4061 dato,
1173 3971 1274 4049 inter
1292 3986 1451 4063 tutores,
1474 3986 1651 4075 cognatos
1671 3985 1710 4046 et
1731 3968 1871 4047 amicos
1888 3970 2035 4049 Guille·

609 4102 702 4179 meti
716 4101 764 4180 de
775 4102 973 4194 Lauduno,
988 4100 1510 4194 domiuiAucelleti,uomine
1523 4100 1666 4177 tutorio
1679 4098 1860 4206 ejusdem,
1873 4118 2034 4207 exparte

610 4262 703 4323 uua,
723 4250 762 4311 et
781 4250 1007 4312 mercatores
1020 4250 1059 4311 et
1079 4234 1200 4312 socios
1216 4233 1264 4311 de
1283 4232 1460 4312 societate
1476 4230 1760 4309 tholoineorum
1780 4231 1828 4308 de
1844 4230 1968 4322 Senis,
1991 4261 2035 4310 ex
2136 4228 2148 4249 '

611 4364 741 4457 altera,
759 4392 933 4471 supereo
955 4364 1060 4471 quod
1074 4364 1233 4472 predicti
1252 4382 1415 4456 tutores,
1431 4363 1591 4470 proximi
1609 4381 1647 4440 et
1664 4362 1773 4438 amici
1791 4361 1879 4438 dicti
1898 4363 2032 4468 pupilli

610 4496 813 4604 quamdam
826 4496 1106 4585 vendicionem,
1119 4526 1211 4604 que,
1226 4497 1273 4574 de
1287 4495 1501 4575 redditibus
1512 4493 1601 4571 dicti
1616 4493 1689 4572 loci
1704 4491 1905 4581 Ancelleti,
1920 4495 2034 4600 perti·

610 4625 789 4706 uentibus
803 4627 851 4705 ad
868 4627 1011 4705 dictum
1027 4628 1238 4736 pupillum,
1256 4657 1324 4736 per
1339 4627 1493 4705 eosdem
1507 4643 1671 4713 tutores,
1692 4652 1812 4732 usque
1828 4624 1877 4701 ad
1889 4625 2036 4703 tresde·

610 4759 683 4836 cim
704 4786 822 4837 annos
842 4758 1055 4848 continuos,
1083 4759 1262 4867 predictis
1280 4758 1550 4837 mercatoribus
1573 4756 1767 4835 dicebatur
1783 4754 1878 4833 facta
1899 4754 2029 4848 fuisse,

609 4889 802 4995 petebant,
816 4906 1008 4999 tamquam
1022 4890 1150 4968 minus
1164 4890 1336 4997 provide,
1349 4907 1388 4968 et
1400 4888 1662 4995 solempnitate
1667 4888 1766 4996 juris
1776 4888 2030 4994 pretermissa,

610 5020 795 5114 habitam,
828 5021 1068 5129 pronunciari
1098 5020 1212 5100 firisse
1236 5022 1399 5112 nullam;
1435 5023 1508 5099 hoc
1535 5020 1682 5129 adjecto
1705 5018 1828 5127 quod,
1853 5019 1884 5097 si
1913 5018 2034 5097 dictus

611 5168 822 5231 contractus
847 5153 1078 5233 vendicionis
1100 5153 1229 5261 aliquo
1249 5152 1366 5232 modo
1386 5152 1570 5243 tenuerit,
1600 5180 1687 5230 cum
1715 5150 1837 5228 dictus
1866 5147 2034 5256 pupillus

612 5283 816 5363 enormiter
827 5283 927 5363 lesus
944 5284 1109 5364 fueritin
1123 5284 1351 5363 vendicione'
1366 5284 1549 5392 predicta,
1569 5283 1640 5390 ipsi
1653 5280 1849 5391 petebant,
1869 5280 1908 5355 in
1923 5276 2032 5354 illum

613 5428 805 5502 eventum,
823 5414 964 5493 dictum
984 5414 1173 5523 pupillum
1186 5415 1225 5493 in
1238 5416 1428 5523 integrum
1444 5414 1591 5494 restitui
1607 5413 1783 5489 adversus
1800 5424 2030 5485 contractum
2062 5498 2065 5504 ¹

1875 5580 1925 5645 79·
