5817 7292
895 985 969 1059 664
1470 980 1558 1054 Lus
1587 979 1727 1055 OLIM.

670 1138 800 1192 eninm
812 1136 856 1197 lv,
894 1127 995 1205 sulas
1014 1136 1091 1203 non
1109 1122 1220 1202 brisse
1238 1124 1491 1233 negligentes,
1512 1123 1580 1201 sed
1597 1123 1728 1228 pocius
1748 1120 1961 1229 diligentes,
1983 1120 2025 1196 in
2044 1125 2312 1225 prosecucioue

732 1228 794 1272 Μ’
894 1286 1000 1335 cause
1018 1256 1116 1333 dicte
1127 1254 1392 1363 appellacionis
1403 1282 1553 1343 eorum,
1566 1281 1636 1360 per
1649 1253 1748 1329 dicte
1763 1251 1866 1327 curie
1878 1266 2005 1327 nostre
2011 1250 2217 1356 judicium,
2232 1254 2317 1331 dic-v

893 1406 975 1464 tum
991 1386 1063 1463 luit
1077 1384 1288 1491 predictum
1302 1383 1571 1471 senescallum,
1588 1410 1657 1460 seu
1672 1383 1753 1489 ejus
1772 1381 1901 1467 locum
1914 1397 2123 1474 tenentem,
2136 1382 2235 1461 male
2247 1385 2313 1490 ju-

892 1517 1032 1595 dicasse
1053 1532 1091 1593 et
1116 1514 1237 1592 dictos
1258 1514 1432 1593 consules
1451 1515 1550 1591 bene
1577 1512 1799 1619 appellasse,
1817 1526 1856 1589 et
1877 1512 2047 1617 precepit
2062 1513 2168 1590 curia
2186 1532 2311 1591 nostra

891 1647 995 1753 quod
1024 1646 1147 1721 dictus
1173 1670 1369 1751 processus
1393 1671 1506 1749 super
1529 1670 1637 1720 causa
1664 1639 1859 1748 principali
1883 1640 2051 1745 predicta
2077 1640 2215 1734 factus,
2244 1670 2314 1747 per

890 1794 1057 1855 nostram
1070 1776 1212 1852 curiam
1223 1775 1427 1882 judicetur,
1441 1773 1474 1850 si
1488 1773 1536 1850 sit
1549 1773 1590 1849 in
1603 1789 1700 1849 statu
1712 1773 1819 1878 quod
1831 1771 1948 1876 possit
1955 1770 2133 1879 judicari,
2151 1773 2310 1850 maxime

889 1937 974 1985 cum
994 1924 1216 2014 procurator
1235 1906 1423 1983 dictorum
1444 1903 1642 1981 consulum
1663 1902 1737 1979 hoc
1756 1902 1921 2009 requirat
1938 1902 1979 1978 in
1998 1908 2103 1979 curia
2121 1921 2257 1981 nostra.

941 2037 1097 2119 Veneris
1117 2036 1295 2142 predicta.

942 2168 1104 2275 Mangon
1122 2165 1335 2272 reportavit.

942 2429 1052 2505 XXX.
1075 2427 1173 2505 Cum
1186 2426 1233 2505 lis
1248 2443 1351 2504 mota
1365 2426 1514 2515 luisset,
1532 2452 1657 2503 coram
1671 2425 1863 2532 preposito
1877 2425 2092 2517 Parisiensi,
2103 2426 2198 2502 inter
2213 2428 2309 2503 llen·

887 2560 1023 2648 ricum,
1043 2558 1253 2636 latbomum
1271 2557 1319 2634 de
1338 2555 1553 2647 Ateinvilla,
1576 2574 1614 2634 et
1629 2555 1710 2663 ejus
1724 2556 1881 2646 liberos,
1900 2585 1945 2633 ex
1959 2585 2036 2635 una
2050 2574 2172 2662 parte,
2191 2575 2229 2633 et
2247 2558 2312 2633 do

889 2688 1031 2765 minam
1050 2687 1097 2765 de
1116 2685 1346 2777 Athenvilla,
1358 2687 1528 2765 relictam
1540 2686 1722 2764 Johannis
1734 2687 1781 2764 de
1791 2686 1989 2780 Lauduno,
2006 2688 2200 2794 quondam
2213 2686 2315 2763 mili·

888 2820 953 2910 tis,
972 2835 1011 2896 et
1025 2818 1106 2926 ejus
1124 2818 1279 2907 liberos,
1297 2847 1340 2895 ex
1357 2816 1488 2909 altera,
1506 2846 1619 2924 super
1632 2846 1678 2894 eo
1689 2818 1795 2923 quod
1808 2817 1958 2895 dicebat
1973 2818 2098 2896 dictus
2109 2818 2309 2908 Henricus,

890 2977 958 3056 pro
979 2976 1018 3025 se
1039 2966 1076 3027 et
1089 2948 1217 3026 liberis
1233 2947 1320 3037 suis,
1334 2976 1373 3025 se
1385 2947 1585 3054 spoliatum
1601 2947 1803 3053 apredicto
1815 2948 1952 3039 milite,
1962 2964 2134 3053 tempore
2147 2948 2312 3055 quoips'e

891 3078 1050 3169 vivebat,
1073 3094 1111 3155 et
1130 3076 1248 3155 eciam
1268 3105 1289 3153 a
1311 3077 1409 3154 dicta
1428 3077 1598 3166 domina,
1615 3076 1663 3153 de
1682 3077 1910 3183 quibusdam
1926 3078 2054 3172 terris,
2077 3077 2246 3156 videlicet
2260 3079 2311 3155 de

890 3226 1052 3316 quatuor
1064 3208 1225 3314 arpentis
1240 3224 1339 3285 terre
1356 3208 1436 3285 sitis
1450 3207 1610 3285 Esraiies
1623 3224 1661 3285 et
1675 3235 1723 3284 en
1736 3207 1948 3299 Lardillicr,
1964 3209 2044 3285 siue
2058 3209 2180 3297 vinea;
2195 3208 2307 3299 item,

890 3338 938 3415 de
954 3337 1117 3415 dimidio
1133 3352 1289 3441 arpento
1302 3353 1401 3414 terre
1416 3337 1489 3415 sito
1510 3336 1549 3413 in
1566 3336 1661 3414 valle
1678 3337 1934 3445 Guigunbent3
1951 3338 2058 3425 item,
2077 3337 2125 3414 de
2144 3337 2307 3415 dimidio

890 3484 1044 3573 arpento
1053 3484 1153 3543 terre
1168 3466 1240 3543 sito
1251 3466 1291 3544 in
1302 3467 1434 3547 cadem
1447 3467 1561 3559 valle,
1576 3466 1688 3556 item,
1707 3469 1755 3545 de
1768 3468 1890 3546 tribus
1903 3467 2098 3575 quarteriis
2109 3485 2206 3545 terre
2220 3494 2310 3563 con-

890 3597 1003 3706 tiguis
1018 3597 1073 3673 vie
1088 3595 1432 3689 deVillers-leSa03
1446 3598 1538 3675 item
1551 3597 1600 3675 de
1615 3627 1692 3676 uno
1705 3600 1895 3705 quarterio
1909 3617 2007 3677 terre
2019 3598 2122 3675 sitoa
2135 3595 2309 3685 semelti;

890 3729 1000 3819 item,
1016 3727 1063 3806 de
1084 3745 1235 3807 centum
1256 3746 1295 3805 et
1306 3756 1441 3807 novem
1454 3728 1596 3807 dinenis
1609 3729 1810 3838 gerbarum
1824 3730 1929 3807 bladi
1947 3758 2061 3836 super
2075 3728 2185 3807 dictis
2201 3728 2312 3805 terris

890 3877 981 3939 tunc
998 3858 1257 3950 existentibus,
1275 3878 1314 3939 et
1325 3859 1407 3939 aliis
1419 3859 1605 3939 fiuctibus
1619 3860 1802 3939 dictarum
1815 3880 2016 3951 terrarum,
2031 3890 2147 3969 quare
2160 3860 2311 3969 petebat

891 3989 1013 4067 dictus
1026 3990 1207 4067 Henricus
1218 4018 1270 4080 se,
1285 3991 1439 4069 nomine
1454 4018 1531 4097 quo
1546 4020 1669 4099 supra,
1691 3991 1737 4067 ad
1758 3991 1925 4097 predicta
1941 3990 2105 4077 restitui,
2122 4006 2160 4067 et
2180 4016 2223 4067 ea
2237 3988 2308 4067 sibi

890 4118 1015 4209 reddi,
1033 4147 1108 4197 uua
1124 4147 1212 4198 cum
1232 4118 1414 4199 fructibus
1434 4120 1500 4227 qui
1516 4122 1681 4227 percepti
1695 4120 1849 4199 fuerunt
1865 4150 1933 4199 seu
1946 4121 2088 4227 percipi
2106 4135 2310 4226 potuerunt

892 4248 1040 4339 exinde;
1057 4248 1123 4327 lite
1143 4278 1231 4328 vero
1250 4250 1415 4357 predicta
1435 4252 1641 4358 pendente,
1657 4252 1780 4331 dictus
1798 4251 1983 4329 Henricus
2001 4250 2115 4329 rebus
2133 4249 2309 4327 humanis

890 4378 962 4455 luit
979 4398 1192 4487 exemptus,
1211 4381 1350 4459 relictis
1368 4398 1529 4489 quatuor
1548 4382 1693 4473 liberis,
1714 4382 1921 4461 heredibus
1936 4381 2031 4472 suis,
2052 4409 2218 4488 quorum
2235 4382 2309 4459 Ro-

888 4508 1015 4598 binus,
1042 4538 1140 4589 unus
1166 4510 1213 4587 de
1235 4511 1345 4591 dictis
1367 4512 1472 4602 filiis,
1499 4539 1568 4619 pro
1591 4540 1632 4590 se
1656 4527 1695 4589 et
1707 4512 1797 4590 aliis
1816 4511 2067 4592 coheredibus
2089 4511 2184 4599 suis,
2208 4510 2306 4587 dicte

890 4666 999 4716 cause
1016 4640 1180 4746 suscepit
1197 4644 1528 4749 prosequcionem,
1547 4643 1588 4719 in
1606 4670 1652 4722 eo
1671 4658 1770 4723 statu
1784 4643 1825 4721 in
1836 4670 1915 4750 quo
1932 4659 2028 4731 erat,
2044 4658 2305 4749 temporeque

889 4768 1011 4846 dictus
1026 4770 1208 4851 Henricus
1223 4772 1395 4863 decessit,
1412 4773 1612 4853 dictavero
1631 4772 1804 4864 domina,
1820 4800 1889 4881 pro
1904 4802 1945 4851 se
1960 4789 1998 4851 et
2012 4771 2139 4850 liberis
2152 4771 2246 4857 suis,
2265 4770 2306 4845 in

889 4899 1118 4977 contrarium
1136 4930 1283 4981 causam
1301 4904 1521 5012 hujusmodi
1535 4904 1779 4996 defendente,
1797 4922 1836 4988 et
1844 4904 1994 4983 dicente
2009 4904 2214 5012 predictam
2228 4928 2308 4979 res-

886 5030 1108 5108 titucionem
1129 5030 1211 5110 lieri
1232 5062 1311 5113 non
1325 5034 1476 5135 debere,
1492 5051 1531 5113 et
1542 5035 1591 5112 ad
1605 5041 1708 5113 curie
1723 5053 1764 5113 et
1779 5035 2009 5144 cognicionis
2022 5034 2113 5113 dicti
2128 5031 2308 5141 prepositi

887 5159 1181 5241 declinacionem
1196 5165 1324 5271 plures
1346 5167 1514 5264 raciones
1530 5184 1783 5272 proponente,
1811 5194 1925 5273 super
1940 5164 2078 5273 quibus
2094 5161 2308 5241 racionibus

890 5296 986 5373 dicta
1000 5297 1166 5387 domina,
1182 5297 1337 5375 nomine
1348 5325 1563 5404 quosupra,
1575 5297 1728 5402 petebat
1738 5314 1827 5375 ante
1841 5297 1967 5379 omnia
1978 5294 2050 5380 sibi
2065 5294 2149 5373 lieri
2156 5292 2309 5401 justicie
