5817 7292
925 1127 998 1200 ost
1500 1120 1589 1194 tus
1614 1116 1752 1193 OLIM.

699 1281 828 1333 rmum
841 1278 885 1339 tv,
925 1268 1027 1346 curie
1041 1282 1170 1344 nostre
1185 1263 1354 1355 remissa,
1373 1260 1448 1341 visa
1465 1278 1504 1339 et
1521 1260 1722 1366 diligenter
1739 1254 1961 1344 examinata,
1978 1253 2085 1361 quia,
2102 1283 2266 1363 peream
2283 1288 2345 1337 re·

924 1414 1076 1504 pertum
1094 1413 1151 1473 est
1168 1395 1305 1474 dictam
1323 1392 1517 1472 dominam
1538 1391 1695 1497 ejusque
1710 1404 1841 1495 gentes
1857 1413 1900 1463 ac
1917 1385 2143 1465 servientem
2159 1405 2343 1477 nostrum,

926 1558 1012 1605 cum
1022 1527 1160 1606 nostris
1170 1554 1212 1603 ac
1222 1524 1362 1603 ballivii
1373 1520 1635 1601 Ambianensis
1646 1518 1796 1608 litteris,
1809 1515 1857 1594 ad
1871 1517 1946 1595 hoc
1957 1517 2170 1624 specialiter
2182 1519 2346 1598 destina-

924 1677 1023 1747 tum,
1045 1656 1187 1764 pluries
1205 1654 1441 1760 requisivisse
1451 1649 1678 1761 justiciarius
1696 1646 1795 1727 dicte
1814 1648 2021 1741 comitisse,
2042 1667 2083 1726 et
2095 1650 2215 1756 ipsam
2233 1654 2347 1729 comi-

762 1371 822 1412 1811.

925 1789 1068 1878 tissam,
1084 1786 1189 1893 quod
1214 1783 1366 1862 saisinas
1390 1798 1429 1860 et
1451 1797 1679 1859 comestores
1698 1808 1811 1885 super
1829 1779 1948 1887 ipsam
1972 1779 2165 1857 dominam
2179 1781 2342 1887 positos,

923 1919 1072 1997 racione
1088 1917 1178 1994 dicti
1193 1915 1361 1995 hominis
1376 1913 1534 2002 mortui,
1555 1911 1663 1989 levati
1676 1938 1745 2017 per
1756 1910 1895 2017 ipsam,
1912 1928 2118 2004 amoveret,
2136 1928 2175 1989 et
2188 1912 2257 2019 ipsi
2273 1912 2344 1990 do-

926 2052 1027 2127 mine
1043 2048 1180 2127 faceret
1190 2047 1253 2155 jus
1267 2074 1381 2151 super
1399 2044 1477 2122 suis
1491 2042 1706 2121 racionibus
1722 2070 1815 2148 quas
1834 2041 1981 2119 dicebat
2000 2042 2040 2119 in
2059 2040 2279 2149 hujusmodi
2302 2071 2342 2121 se

925 2178 1075 2268 habere,
1093 2176 1150 2255 vel
1162 2176 1227 2285 jus
1247 2175 1317 2255 sibi
1333 2176 1527 2263 redderet,
1541 2172 1572 2251 si
1593 2174 1666 2250 hoc
1685 2172 1755 2250 sibi
1771 2171 1891 2249 facere
1905 2173 2116 2263 tenebatur,
2131 2172 2339 2279 dictamque

924 2309 1151 2399 comitissam
1167 2324 1205 2385 et
1223 2306 1305 2415 ejus
1322 2322 1452 2414 gentes
1466 2304 1609 2410 pluries
1627 2319 1667 2379 et
1684 2300 1913 2381 sufficienter
1931 2331 2046 2409 super
2063 2304 2134 2381 hoc
2146 2303 2341 2410 requisitas

924 2469 944 2515 a
964 2440 1062 2516 diota
1073 2437 1228 2516 domina
1242 2452 1281 2513 et
1294 2436 1372 2513 suis
1389 2434 1565 2543 gentihus
1576 2461 1619 2509 ac
1633 2433 1815 2510 serviente
1828 2450 1958 2511 nostro
1968 2434 2156 2539 predicto,
2170 2434 2341 2511 deficien-

923 2584 980 2647 tes
999 2566 1113 2646 luisse
1133 2568 1172 2643 in
1187 2566 1357 2643 iaciendo
1367 2564 1431 2673 jus
1451 2564 1576 2641 eidem
1595 2562 1749 2641 domine
1769 2564 1817 2641 de
1833 2562 2025 2669 predictis,
2047 2563 2260 2671 dictamque
2278 2592 2340 2641 oo-

923 2696 1104 2774 mitissam
1126 2694 1296 2802 predicto
1311 2693 1485 2774 servienti
1499 2710 1646 2783 nostro,
1664 2722 1766 2786 earn,
1782 2709 1826 2771 ut
1844 2693 2070 2800 premissum
2091 2711 2165 2782 est,
2186 2710 2342 2799 exparte

924 2843 1051 2905 nostra
1073 2826 1298 2934 requirenti,
1319 2826 1373 2904 sic
1391 2824 1654 2931 respondisse:
1673 2826 1722 2902 Et
1740 2851 1810 2933 ego
1831 2825 1998 2931 precipio
2022 2825 2129 2904 vobis
2146 2827 2253 2934 quod
2273 2854 2342 2931 ego

923 2956 1041 3035 nichil
1057 2954 1205 3047 faciam,
1226 2972 1265 3034 et
1286 2955 1337 3035 ob
1358 2956 1450 3045 hoo,
1468 2955 1608 3032 dictam
1629 2955 1822 3033 dominam
1837 2954 1884 3032 ub
1900 2954 2097 3034 audiencia
2112 2956 2212 3035 dicte
2232 2958 2344 3035 comi-

922 3088 1011 3165 tisse
1032 3102 1071 3165 et
1087 3115 1243 3166 suorum
1253 3084 1550 3196 justiciariomm
1566 3085 1615 3162 ad
1630 3112 1700 3162 nos
1718 3083 1899 3194 legittime
1914 3086 2130 3192 appellasse,
2150 3088 2343 3195 ipsamque

926 3217 1128 3308 dominam,
1141 3218 1292 3295 racione
1306 3217 1487 3324 predicta,
1502 3215 1664 3322 dampna
1677 3215 1798 3321 plura,
1812 3245 1934 3324 usque
1950 3218 1998 3294 ad
2009 3246 2192 3296 summam
2203 3236 2342 3295 trecen·

922 3366 1045 3427 tarum
1060 3346 1242 3426 librarum
1258 3363 1410 3425 monete
1425 3364 1516 3423 tunc
1534 3348 1733 3436 currentis,
1756 3347 1992 3440 sustinuisse,
2006 3376 2075 3454 per
2092 3347 2193 3425 curie
2213 3366 2339 3426 nostre

918 3478 1125 3588 judicium,
1141 3476 1283 3555 dictum
1300 3477 1373 3555 fuit
1390 3478 1599 3585 predictam
1615 3475 1843 3555 comitissam
1863 3497 1901 3557 et
1918 3480 1997 3586 ejus
2005 3478 2341 3586 justiciariosdeli-

923 3610 1063 3687 cientes
1087 3607 1211 3686 eidem
1236 3605 1389 3686 domine
1416 3637 1531 3714 super
1551 3608 1730 3713 predictis
1749 3609 1786 3686 in
1801 3610 1888 3718 jure
1914 3610 1983 3688 sibi
2009 3608 2180 3687 iaciendo
2204 3610 2337 3703 scrisse,

924 3740 1136 3847 dictamque
1149 3738 1343 3817 dominam
1360 3766 1381 3815 a
1396 3737 1497 3816 dicto
1514 3738 1663 3817 defectu
1670 3740 1767 3848 juris
1778 3740 1961 3850 legittime
1974 3740 2187 3849 appellasse,
2200 3757 2239 3818 et
2254 3770 2342 3818 ean·

923 3870 1011 3948 dem
1027 3870 1220 3950 dominam
1234 3869 1337 3948 curia
1348 3886 1475 3948 nostra
1488 3869 1646 3948 absolvit
1656 3872 1703 3950 ab
1718 3872 1905 3980 homagio,
1918 3872 2100 3950 fidelitate
2112 3888 2152 3951 et
2162 3872 2342 3952 obedien-

922 4001 978 4079 cia
993 4000 1132 4107 quibus
1149 3999 1228 4106 ipsa
1248 4000 1346 4078 dicte
1368 4001 1557 4079 comitisse
1577 4018 1657 4079 erat
1669 4003 1833 4091 astricta,
1855 4004 2004 4081 racione
2022 4002 2125 4081 bailli
2142 4032 2210 4081 seu
2229 4004 2340 4113 garde

921 4146 1020 4207 terre
1030 4127 1197 4234 predicte
1212 4128 1421 4208 liberorum
1435 4156 1608 4220 suorum,
1623 4131 1863 4210 existencium
1879 4134 1918 4209 in
1929 4132 2044 4210 baillo
2054 4162 2123 4211 suo
2138 4161 2205 4213 seu
2215 4134 2339 4241 garda,

922 4260 1161 4340 decernendo
1180 4262 1346 4367 predicta
1371 4262 1607 4371 homagium,
1624 4262 1846 4342 fidelitatem
1871 4281 1911 4342 et
1930 4264 2207 4355 obedienciam,
2225 4265 2342 4343 dicte·

921 4418 995 4496 que
1027 4418 1134 4469 cause
1154 4391 1368 4500 principalis
1397 4394 1655 4500 cognicionem
1682 4394 1731 4472 ad
1759 4422 1828 4474 nos
1858 4394 2034 4473 devenire
2056 4395 2213 4484 debere,
2235 4396 2342 4474 salvis

921 4520 1038 4597 eciam
1052 4521 1163 4599 nobis
1178 4522 1336 4601 emenda
1349 4539 1388 4601 et
1394 4523 1547 4633 juribus
1556 4524 1772 4633 ceterisque
1782 4526 1892 4604 nobis
1904 4525 2033 4603 deberi
2046 4543 2204 4633 possunt
2215 4544 2340 4606 contra

922 4649 1059 4728 dictam
1077 4652 1320 4743 comitissam,
1342 4672 1496 4761 propter
1513 4654 1793 4735 inobedieneias
1813 4656 2058 4763 supradictas,
2082 4675 2198 4764 prout
2215 4674 2338 4736 nostra

921 4780 1022 4857 curia
1044 4779 1192 4859 duxerit
1211 4781 1491 4863 declarandum.
1518 4786 1603 4863 Fuit
1622 4788 1776 4894 insuper
1799 4788 1898 4865 dicta
1920 4788 2124 4878 comitissa,
2150 4815 2217 4895 per
2235 4788 2337 4864 idem

915 4911 1121 5017 judicium,
1143 4913 1390 4995 condemnata
1410 4917 1459 4994 ad
1477 4917 1718 4996 reddendum
1737 4918 1836 4997 dicte
1857 4920 2011 4997 domine
2028 4936 2209 4999 trecentas
2223 4918 2340 4997 libras

920 5059 1070 5121 monete
1090 5058 1181 5122 tunc
1201 5047 1400 5141 currentis,
1421 5078 1492 5154 pro
1508 5049 1680 5156 dampnis
1698 5050 1775 5128 suis
1793 5050 1981 5159 predictis.

975 5172 1075 5251 lovis
1090 5191 1177 5281 post
1191 5176 1369 5253 Sanctum
1387 5177 1606 5256 Barnabam.

976 5304 1135 5412 Mangon
1157 5305 1369 5412 reportavit.
