5817 7292
906 1117 986 1194 '524
1485 1115 1576 1188 Les
1606 1111 1747 1188 OLIM.

688 1274 874 1336 rarrnrntv,
910 1261 1019 1340 miles
1044 1261 1091 1338 ab
1113 1257 1309 1338 audiencia
1333 1254 1422 1334 dicti
1448 1257 1554 1336 ducis
1582 1255 1630 1334 ad
1657 1271 1826 1368 nostram
1855 1252 1996 1330 curiam
2026 1252 2261 1360 appellasset,
2291 1270 2332 1332 et

749 1365 812 1408 ma
910 1393 1015 1499 quod
1045 1392 1170 1471 adhuc
1195 1389 1378 1496 penderet
1408 1388 1506 1466 dicta
1526 1385 1752 1494 appellacio,
1782 1384 1862 1490 ipse
1890 1384 1939 1462 de
1969 1383 2170 1490 predictis,
2194 1386 2332 1488 vocatis

911 1521 1126 1612 evocandis,
1145 1537 1401 1626 cognosceret,
1425 1519 1513 1596 etsi
1532 1517 1604 1596 sibi
1624 1516 1768 1623 liquide
1788 1532 1976 1594 constaret
1991 1514 2040 1593 de
2058 1515 2253 1620 predictis,
2271 1545 2329 1604 ea,

909 1672 1021 1759 prout
1042 1654 1089 1730 de
1109 1652 1198 1760 ipsis
1213 1651 1284 1728 sibi
1301 1651 1479 1755 liqueret,
1497 1650 1546 1726 ad
1560 1664 1696 1724 statum
1712 1646 1842 1723 reduci
1856 1646 2029 1725 debitum
2046 1644 2201 1736 laceret;
2218 1645 2335 1725 idem-

907 1814 983 1892 que
1003 1785 1162 1862 ballivus
1182 1799 1310 1860 noster
1329 1781 1564 1858 Turonensis
1582 1808 1695 1885 super
1713 1778 1896 1885 predictis
1913 1778 2091 1886 magistro
2107 1777 2259 1856 Andree
2283 1779 2330 1856 de

908 1915 943 1992 la
965 1917 1103 1994 Busere
1130 1913 1320 1992 commisit
1344 1912 1441 1990 vices
1466 1941 1567 2001 suas;
1589 1912 1654 2016 qui
1679 1911 1855 2017 magister
1873 1908 2059 2000 Andreas,
2085 1910 2224 1986 vocatis
2247 1937 2332 1986 evo-

909 2047 1036 2124 candis
1049 2107 1059 2135 ,
1074 2046 1122 2122 de
1134 2044 1313 2151 predictis
1328 2042 1521 2149 inquisivit
1539 2040 1749 2147 diligenter,
1766 2056 1804 2117 et
1817 2041 2030 2146 inquestam
2043 2069 2112 2146 per
2124 2042 2249 2147 ipsum
2262 2040 2331 2117 fac·

860 2168 865 2178 ’
908 2193 985 2252 tam
1000 2177 1101 2252 curie
1125 2192 1252 2254 nostre
1272 2173 1416 2251 remisit
1429 2169 1696 2281 judicandam:
1712 2170 1799 2249 Visa
1822 2171 1938 2276 igitur
1955 2172 2127 2277 inquesta
2144 2171 2325 2276 predicta,

911 2308 997 2412 quia
1018 2323 1209 2413 repertum
1236 2323 1306 2393 est,
1334 2333 1401 2409 per
1429 2301 1702 2380 confessionem
1731 2302 1983 2408 procuratoris
2010 2300 2113 2379 ducis
2137 2302 2327 2381 Britannis

912 2455 949 2513 et
981 2438 1149 2544 parcium
1180 2436 1451 2542 predictarum,
1486 2432 1623 2510 dictam
1657 2431 1923 2538 appellacionis
1956 2461 2121 2522 causam,
2154 2451 2327 2538 tempore

912 2566 1186 2644 commissionis
1210 2581 1336 2642 nostre
1363 2564 1527 2640 incuria
1553 2580 1681 2640 nostra
1700 2563 1888 2669 pendere,
1916 2578 1952 2639 et
1979 2562 2122 2640 dictum
2141 2562 2328 2640 Andream

912 2698 1164 2775 intencionem
1182 2724 1305 2788 suam,
1326 2712 1510 2801 quantum
1531 2694 1579 2771 ad
1593 2695 1766 2771 saisinam
1782 2695 1950 2800 ponendi
1964 2723 2120 2800 peccora
2141 2713 2179 2773 et
2192 2696 2330 2772 anima·

910 2829 958 2905 lia
978 2857 1045 2907 sua
1066 2827 1106 2904 in
1127 2826 1249 2906 insula
1270 2853 1343 2932 que
1364 2824 1503 2902 dicitur
1517 2823 1738 2931 Magna-isla
1756 2823 1984 2902 sufficienter
2003 2825 2233 2931 probavisse,
2255 2825 2331 2903 dic-

910 2977 990 3036 tum
1010 2976 1081 3047 est,
1103 2985 1172 3064 per
1194 2956 1296 3033 curie
1317 2973 1443 3034 nostre
1459 2954 1664 3062 judicium,
1682 2955 1894 3060 predictum
1915 2953 2105 3032 Andream
2122 2959 2170 3035 de
2188 2960 2332 3037 Varena

911 3088 1050 3166 debere
1068 3089 1200 3194 reponi
1222 3088 1261 3163 in
1280 3087 1415 3164 saisina
1435 3086 1603 3192 predicta
1629 3086 1852 3193 depascendi
1876 3113 2032 3192 peccora
2053 3105 2091 3165 et
2110 3105 2231 3165 cetera
2254 3092 2332 3167 ani-

911 3218 1023 3298 malia
1046 3247 1112 3296 sua
1131 3219 1171 3294 in
1196 3217 1317 3294 insula
1341 3215 1531 3322 predicta,
1557 3217 1700 3294 dictum
1721 3245 1809 3294 vero
1834 3215 1994 3293 militem
2019 3217 2065 3294 ab
2089 3218 2328 3323 impeticione

912 3349 1077 3454 predicta
1094 3348 1185 3424 dicti
1199 3347 1366 3436 Andree,
1384 3375 1498 3454 super
1512 3375 1673 3454 garenna
1686 3347 1822 3427 foreste
1837 3347 1884 3423 de
1907 3347 2070 3437 Celario,
2086 3348 2188 3424 curia
2201 3367 2330 3426 nostra

913 3477 1081 3556 absolvit.

969 3609 1068 3687 Jovis
1089 3626 1174 3715 post
1194 3611 1458 3691 Reminiscere.
1546 3581 1552 3590 .

967 3741 1138 3820 Decanus
1158 3741 1380 3822 Casletensis
1397 3742 1653 3854 [reportavit].

966 4006 1091 4084 XXlll.
1124 4006 1205 4084 Lite
1229 4023 1345 4096 mota,
1368 4007 1408 4082 in
1432 4008 1534 4084 curia
1553 4025 1696 4097 nostra,
1719 4008 1817 4086 inter
1838 4007 2086 4087 Guillelmum
2109 4007 2157 4085 de
2182 4009 2330 4100 Menin,

911 4135 1125 4224 Lochinrun
1140 4135 1289 4226 Paulin,
1307 4136 1554 4216 Guillelmum
1572 4140 1621 4216 de
1642 4140 1908 4246 lampernesse
1925 4157 1963 4217 et
1980 4141 2190 4217 iohannem
2207 4138 2334 4218 Wale-

912 4251 1030 4353 wein,
1051 4266 1257 4372 burgenses
1272 4267 1320 4344 de
1335 4268 1462 4381 Ypria,
1482 4297 1526 4344 ex
1545 4284 1650 4375 parte
1668 4297 1758 4358 una,
1777 4286 1816 4346 et
1830 4270 2003 4347 dilectam
2026 4288 2064 4348 et
2078 4271 2234 4349 fidelem
2247 4298 2334 4348 nos-

911 4411 1007 4472 tram
1027 4397 1252 4476 comitissam
1268 4397 1567 4478 Attrebatensem
1586 4416 1626 4478 ct
1649 4400 1730 4507 ejus
1746 4399 1979 4508 pedagiarios
2000 4402 2047 4479 de
2066 4401 2267 4507 Bapalmis,
2290 4429 2333 4477 ex

913 4526 1042 4618 altera,
1068 4555 1180 4634 super
1200 4557 1246 4607 eo
1272 4533 1377 4638 quod
1398 4530 1488 4608 dicti
1512 4530 1734 4640 burgenses,
1757 4550 1961 4609 asserentes
1980 4560 2020 4611 se
2040 4559 2121 4610 esse
2141 4532 2180 4606 in
2200 4530 2330 4607 saisina

914 4656 1076 4734 ducendi
1095 4687 1163 4766 per
1184 4687 1287 4758 mare
1305 4662 1388 4738 vina
1409 4679 1447 4739 et
1466 4679 1693 4739 mercaturas
1710 4691 1967 4769 quascumque
1986 4662 2034 4739 de
2049 4658 2217 4750 Francia,
2237 4663 2331 4738 Bur-

912 4786 1052 4894 gondia
1072 4804 1110 4863 et
1125 4815 1363 4898 quacumque
1383 4791 1454 4868 alia
1470 4793 1623 4869 terrain
1642 4795 1672 4869 F
1673 4792 1857 4869 landriam
1872 4792 1991 4870 libere
2008 4812 2047 4871 et
2062 4789 2200 4898 absque
2217 4791 2332 4898 peda-

911 4919 961 5026 gii
988 4934 1181 4997 constume
1207 4939 1256 4998 et·
1273 4923 1473 5002 exactionis
1495 4923 1651 5004 alterius
1679 4926 1912 5031 prestacione
1939 4927 2039 5003 dicte
2065 4923 2251 5002 comitisse
2274 4923 2335 5000 vel

913 5047 1021 5126 alteri
1042 5048 1227 5144 facienda,
1257 5081 1396 5160 eosque
1426 5054 1597 5135 turbatos
1626 5084 1707 5134 esse
1728 5057 1767 5132 in
1790 5055 1922 5135 eadem
1950 5056 2083 5134 saisina
2104 5083 2173 5162 per
2195 5054 2333 5131 dictam

913 5179 1139 5258 comitissam
1158 5209 1225 5258 seu
1244 5183 1325 5290 ejus
1343 5184 1595 5292 pedagiarios,
1616 5187 1796 5294 capiendo
1816 5188 1916 5265 bona
1933 5185 2179 5295 burgensium
2193 5185 2336 5293 predic·

912 5326 1056 5400 torum,
1072 5339 1186 5417 quare
1201 5311 1379 5419 petebant
1388 5317 1665 5396 recredenciam
1679 5320 1866 5397 dictorum
1880 5320 2086 5408 bonorum,
2099 5345 2170 5423 per
2178 5342 2333 5393 manum

913 5457 1076 5518 nostram
1097 5441 1151 5522 eis
1168 5440 1321 5539 factam,
1350 5446 1387 5522 in
1412 5477 1545 5553 puram
1567 5449 1879 5530 deliberacionem
1907 5451 2087 5537 converti,
2111 5449 2206 5526 etin
2224 5445 2335 5554 quin·-
