5817 7292
766 1119 771 1128 ·
864 1105 939 1179 tot
1448 1101 1538 1174 LES
1569 1101 1708 1174 OLlM.

639 1259 769 1316 nanim
781 1259 824 1322 W.
865 1247 1102 1354 possessione
1121 1243 1492 1353 predicta'violcnter
1509 1243 1750 1350 expulerunt,
1771 1239 1956 1348 pluraque
1976 1241 2077 1316 bona
2096 1239 2195 1320 dicte
2214 1241 2285 1320 do·

698 1353 776 1484 ¹³⁰⁷'1
861 1405 949 1456 mus
967 1404 1097 1456 secum
1117 1391 1415 1483 asportaverunt,
1434 1401 1589 1452 manum
1609 1390 1774 1451 nostram
1796 1371 1940 1450 ibidem
1957 1373 2166 1480 appositam
2184 1369 2284 1450 sran-

861 1508 1006 1617 gend03
1021 1505 1135 1615 super
1147 1505 1288 1612 quibus
1298 1503 1510 1584 excessibus
1523 1523 1561 1582 et
1575 1503 1841 1582 excedentium
1853 1503 2091 1596 nominibus,
2103 1533 2149 1580 ex
2159 1502 2282 1590 officio

861 1658 1006 1730 nostro,
1023 1639 1303 1728 mandavimus,
1318 1665 1387 1742 per
1404 1635 1582 1714 ballivum
1600 1654 1773 1713 nostrum
1788 1634 1958 1727 vitriaci,
1976 1636 2112 1713 vocatis
2135 1663 2283 1714 evocan-

860 1773 935 1861 dis,
954 1773 1148 1848 veritatem
1167 1769 1307 1873 inquiri
1327 1786 1365 1845 et
1384 1787 1512 1847 nostre
1528 1768 1630 1846 curie
1650 1766 1857 1873 reportari:
1876 1766 1961 1846 Visa
1975 1767 2092 1874 igitur
2110 1767 2283 1873 inquestn

857 1929 972 2010 super
990 1898 1062 1978 boc
1081 1901 1199 1991 sacta,
1220 1916 1258 1976 et
1280 1926 1348 2006 per
1367 1902 1508 1982 curiam
1529 1917 1695 1977 nostram
1723 1893 1924 2008 diligenter
1948 1900 2173 1988 examinata,
2195 1899 2282 1978 visis

747 2114 751 2123 ,
857 2035 976 2110 eciam
998 2033 1227 2139 quibusdam
1243 2031 1483 2120 nacionibus,
1505 2049 1583 2108 tarn
1610 2059 1654 2108 ex
1678 2045 1783 2137 parte
1804 2029 2085 2108 communitatis
2104 2049 2216 2136 quam
2234 2059 2281 2109 ex

857 2181 960 2269 perte
970 2164 1220 2270 quarumdam
1232 2189 1480 2268 personarum
1493 2161 1740 2270 singularium
1753 2160 1853 2240 dicte
1864 2161 1952 2238 ville
1961 2159 2178 2267 propositis,
2192 2162 2279 2266 quia

857 2294 1052 2372 inventum
1068 2308 1124 2372 est
1141 2295 1351 2371 lohannem
1370 2294 1516 2370 dictum
1535 2292 1742 2381 Gombant,
1763 2292 1974 2370 Jobannem
1995 2293 2138 2368 dictum
2159 2292 2277 2370 saure

857 2440 896 2502 et
917 2426 1115 2504 anrdum
1142 2424 1286 2501 dictum
1304 2424 1340 2500 le
1359 2426 1527 2532 llongre‚
1550 2441 1643 2502 tunc
1665 2421 1838 2501 scabinos
1857 2424 1956 2500 dicte
1974 2422 2077 2510 ville,
2099 2422 2190 2502 item
2213 2421 2277 2500 Jo-

857 2556 1021 2633 hannem
1037 2558 1180 2633 dictum
1197 2555 1231 2631 le
1246 2555 1373 2644 Filier,
1390 2557 1556 2632 Huetum
1577 2572 1615 2631 et
1633 2554 1809 2634 Coletum
1825 2555 1946 2633 dictos
1963 2553 2107 2645 Buhos,
2129 2553 2276 2648 francs,

856 2687 1066 2764 lobannem
1093 2686 1235 2762 dictum
1263 2686 1298 2762 le
1323 2687 1453 2775 Catre,
1482 2685 1749 2798 Thcobaldum
1774 2688 1918 2762 dictum
1943 2686 1977 2763 le
2002 2686 2213 2796 Bolengier,
2238 2687 2276 2764 in

854 2817 1047 2922 premissis
1071 2815 1277 2922 culpabiles
1301 2833 1340 2894 et
1362 2797 1539 2924 gentibus
1559 2817 1695 2894 nostris
1715 2816 1980 2894 inobedientes
2001 2815 2132 2906 luisse,
2157 2817 2278 2895 dietus

853 2948 1041 3024 lohannes
1066 2945 1259 3026 Gombaus
1282 2947 1323 3022 in
1347 2949 1537 3036 ducentis,
1560 2948 1750 3025 Jobennes
1774 2947 1896 3024 dictus
1921 2949 2039 3025 Sauve
2064 2949 2276 3026 incentum

853 3079 1140 3187 quinquaginta,
1162 3079 1336 3156 lluardus
1356 3078 1479 3157 dictus
1501 3080 1538 3156 le
1561 3081 1733 3186 Hongres
1756 3078 1794 3156 in
1819 3061 2064 3188 quadraginta
2086 3097 2276 3186 tamqnam

852 3209 1041 3300 scabinos,
1058 3210 1165 3297 item,
1182 3210 1372 3288 lohannes
1388 3210 1511 3287 dictus
1524 3211 1550 3286 li
1565 3211 1698 3288 Filiers
1713 3211 1752 3287 in
1767 3221 1934 3304 centum,
1952 3211 2097 3287 lluetus
2113 3227 2151 3288 et
2166 3211 2276 3289 Cole-

851 3356 914 3414 tus
932 3339 1184 3429 dictissuhot,
1206 3338 1353 3430 fratres,
1371 3341 1621 3431 inducentis,
1642 3340 1833 3420 lohannes
1853 3341 1974 3418 dictus
1990 3341 2016 3416 li
2039 3341 2148 3419 Catre
2167 3341 2206 3417 in
2224 3341 2276 3417 vi-

852 3467 946 3576 ginti
965 3467 1087 3556 libris3
1109 3470 1218 3559 item,
1235 3471 1480 3549 'l'beobaldus
1502 3472 1625 3550 dictus
1643 3471 1670 3550 li
1685 3473 1902 3582 Bolengiers
1918 3472 1956 3547 in
1974 3487 2124 3549 centum
2143 3471 2274 3550 solidis

853 3625 1051 3704 parvorum
1062 3599 1253 3678 bonorum
1262 3604 1561 3694 Turonensium,
1575 3605 1724 3682 attentis
1737 3632 1869 3683 eorum
1885 3601 2121 3680 facultatibus
2133 3619 2173 3680 et
2182 3631 2275 3712 qua·

852 3727 954 3807 litate
968 3729 1211 3822 delictorum
1226 3733 1353 3826 nobis,
1368 3764 1438 3841 pro
1452 3736 1630 3825 emenda,
1643 3763 1713 3841 per
1723 3737 1824 3813 curie
1838 3751 1965 3813 nostre
1972 3721 2177 3841 judicium,
2190 3761 2274 3810 con·
2345 3729 2348 3734 ’

851 3860 1044 3968 dempnati
1067 3860 1237 3955 fuerunt,
1264 3864 1363 3942 salvo
1386 3866 1499 3944 nobis
1522 3884 1559 3943 et
1582 3882 1730 3943 retento
1754 3866 1859 3972 quod
1883 3881 2012 3944 contra
2035 3864 2128 3941 alios
2152 3864 2273 3942 delin-

849 4008 1025 4097 quentes,
1038 4011 1167 4071 contra
1177 4024 1359 4102 quosnon
1368 3995 1440 4075 suit
1449 3997 1673 4103 inquisitum
1685 3997 1732 4074 ad
1743 3996 1916 4103 plenum,
1930 3996 2110 4073 faciemus
2120 3996 2271 4103 inquiri.

905 4122 1013 4199 Lune
1032 4142 1118 4229 post
1139 4126 1287 4204 octabas
1301 4127 1523 4234 Epiphanie.

904 4253 1013 4330 Facta
1041 4272 1098 4332 est
1122 4259 1338 4336 commissio
1365 4287 1479 4365 snper
1504 4260 1577 4336 boc
1600 4259 1778 4366 magistro
1803 4257 1963 4336 iohanni
1989 4257 2037 4334 de
2062 4259 2178 4364 Roya,
2204 4259 2270 4365 qui

745 4373 749 4380 ’
849 4379 985 4457 dictam
1004 4387 1206 4489 reportavit
1229 4387 1458 4494 inquestam,
1485 4407 1521 4468 et
1545 4389 1651 4498 quod
1677 4389 1723 4466 de
1747 4388 1857 4467 bonis
1880 4388 2076 4495 asportatis
2100 4388 2148 4465 de
2173 4388 2271 4465 dicta

848 4508 964 4589 domo
979 4511 1161 4619 inquirat,
1181 4533 1219 4594 et
1233 4518 1340 4596 faciat
1355 4549 1397 4598 ea
1412 4521 1522 4599 reddi
1540 4520 1671 4598 domui
1687 4519 1866 4627 predicte.

902 4773 979 4849 XL.
1010 4774 1097 4852 Visa
1108 4775 1278 4882 inquesta
1286 4777 1385 4855 inter
1393 4779 1826 4889 Margaritam,relictam
1835 4781 2016 4858 lobannis
2026 4779 2265 4869 d’Auberr've,

847 4921 1019 5009 exparte
1040 4933 1134 4996 nna,
1161 4925 1199 4985 et
1220 4910 1455 5016 Stephanum
1473 4909 1713 4999 d'Anberive,
1736 4911 1980 4990 Lambertum
2001 4929 2039 4990 et
2057 4910 2268 4990 lobannern

846 5031 1090 5125 d'Auberive,
1106 5038 1189 5145 ejus
1203 5059 1376 5147 nepotes,
1391 5071 1435 5119 ex
1447 5042 1580 5136 altera,
1597 5069 1711 5150 super
1722 5041 1902 5122 fractione
1917 5043 2055 5122 domus
2066 5043 2166 5121 dicte
2178 5044 2270 5123 Mer·

844 5165 979 5272 gerite,
998 5167 1174 5276 dampnis
1195 5188 1234 5247 et
1252 5171 1399 5279 injuriis
1416 5201 1484 5280 per
1503 5175 1693 5282 predictos
1712 5191 1749 5252 et
1768 5201 1901 5252 eorum
1919 5175 2121 5281 complices
2142 5173 2266 5251 eidem

844 5295 973 5388 illatis,
991 5317 1035 5377 ut
1055 5301 1194 5379 dicitur
1206 5301 1316 5396 lacta,
1331 5306 1419 5411 quia
1431 5306 1628 5385 inventum
1644 5324 1701 5384 est
1712 5305 1851 5384 dictam
1866 5307 2078 5413 inquestam
2093 5329 2169 5382 non
2185 5319 2266 5380 esse

842 5428 1062 5531 perlectam,
1077 5435 1258 5540 percurie
1273 5453 1399 5514 nostre
1411 5437 1615 5545 judicium,
1634 5438 1778 5516 dictum
1793 5437 1865 5516 suit
1877 5438 1983 5545 quod
1997 5439 2036 5514 in
2052 5465 2094 5516 ea
2110 5461 2267 5514 renova-
