5817 7292
989 1093 1257 1201 evounvns
1285 1050 1357 1183 nv
1375 1096 1580 1187 paucas.
1920 1110 1995 1185 559

503 1296 507 1303 ·
574 1252 718 1329 libratis
728 1269 846 1341 terre,
861 1250 931 1358 ipsi
943 1254 1053 1361 Hugo
1067 1270 1104 1329 et
1116 1252 1343 1332 Guillelmus
1356 1252 1566 1331 offerebant
1578 1281 1617 1328 se
1629 1266 1778 1356 paratos
1791 1252 1901 1330 dictis
1911 1286 1998 1334 con·
2033 1257 2219 1325 urrunnu,

569 1383 725 1491 jugibus
749 1382 955 1462 satisfacere
977 1402 1014 1462 et
1034 1384 1149 1462 dictas
1169 1380 1300 1461 decern
1320 1384 1471 1462 libratas
1494 1402 1595 1462 terre
1615 1381 1796 1470 assidere,
1819 1382 1858 1459 in
1878 1385 1995 1465 debili
2095 1350 2158 1394 Μ’

573 1531 724 1591 moneta
741 1530 779 1591 ct
793 1541 870 1591 non
885 1512 924 1591 in
937 1512 1019 1603 alia,
1036 1543 1140 1604 cum,
1157 1533 1328 1621 tempore
1343 1515 1586 1621 obligacionis
1599 1512 1767 1621 predicte
1784 1530 1822 1589 et
1836 1533 1997 1594 contrac-

571 1660 632 1719 tus
642 1644 874 1721 matrimonii
890 1644 1066 1751 predicti,
1087 1645 1223 1725 debilis
1236 1664 1387 1723 moneta
1404 1646 1560 1724 haberet
1574 1644 1729 1752 plenum
1746 1672 1912 1734 cursum,
1931 1677 1997 1753 pe-

570 1792 709 1871 tentes,
722 1775 919 1882 completis
931 1776 1139 1883 premissis,
1155 1806 1193 1853 se
1205 1776 1496 1885 ababligacione
1508 1776 1688 1882 premissa
1703 1774 1872 1863 liberari,
1888 1777 1996 1856 dictis

572 1907 732 1984 Henrico
758 1924 795 1986 et
817 1908 973 2015 Jaqueta
995 1908 1033 1983 in
1060 1908 1290 1985 contrarium
1317 1906 1529 1985 dicentibus
1552 1905 1658 2013 quod
1678 1906 1764 2010 ipsi,
1792 1907 1839 1982 ad
1860 1906 1995 1988 fortem

572 2056 780 2126 monetam,
798 2037 1034 2116 solucionem
1047 2037 1168 2114 lacere
1184 2038 1231 2113 de
1245 2038 1354 2113 dictis
1370 2038 1545 2115 ducentis
1557 2055 1595 2113 et
1608 2037 1877 2143 quinquaginta
1889 2038 1995 2119 libris

571 2184 608 2242 et
620 2166 737 2244 dictas
752 2167 883 2244 decem
896 2166 1049 2244 libratas
1063 2184 1161 2243 terre
1175 2166 1338 2244 assidere
1351 2168 1588 2256 tenebantur,
1603 2168 1706 2273 quia,
1722 2166 1811 2244 licet
1822 2184 1992 2276 tempore

569 2314 755 2374 contracte
784 2296 1028 2405 obligacionis
1056 2297 1243 2403 predicte,
1276 2296 1413 2374 debilis
1436 2314 1587 2375 moneta
1613 2315 1794 2385 curreret,
1823 2316 1993 2407 tempore

568 2444 693 2506 umen
711 2428 963 2505 terminorum
979 2427 1184 2505 solucionis
1201 2445 1239 2503 et
1253 2427 1352 2504 dicte
1367 2427 1493 2505 assisio
1508 2427 1780 2518 faciendarum,
1795 2428 1901 2506 fortis
1913 2460 1994 2508 mo-

568 2574 653 2633 neta
668 2556 831 2635 babebat
844 2586 996 2635 cursum
1009 2586 1139 2645 suum,
1154 2585 1286 2663 quare,
1300 2558 1339 2633 in
1353 2556 1440 2633 sorti
1457 2572 1610 2633 moneta
1624 2575 1660 2632 et
1671 2585 1747 2633 non
1764 2558 1896 2647 debili,
1914 2590 1994 2666 pre-

569 2688 679 2763 missa
700 2686 890 2764 dehebant
906 2686 1130 2793 adimplere,
1146 2705 1190 2763 ut
1212 2686 1401 2777 dicebant,
1419 2687 1485 2792 qui
1504 2686 1662 2791 quidem
1682 2686 1916 2775 castellanus,
1932 2718 1993 2768 co-

566 2817 671 2921 gnito
687 2818 736 2893 de
750 2818 957 2923 premissis,
975 2818 1236 2923 pronunciavit
1249 2817 1438 2923 predictos
1455 2818 1653 2921 Hugonem
1670 2833 1709 2893 et
1720 2816 1990 2907 Guillelmum,

568 2948 648 3053 ejus
663 2944 803 3036 lilium,
820 2948 941 3025 tenori
960 2947 1121 3036 solvere,
1140 2947 1249 3025 dictis
1270 2946 1509 3055 conjugibus,
1527 2946 1644 3022 dictas
1661 2946 1842 3024 ducentas
1859 2947 1988 3036 libras,

566 3076 612 3153 ad
630 3076 769 3155 bonam
788 3093 979 3155 monetam
992 3094 1085 3153 tunc
1101 3093 1329 3165 currentem,
1346 3104 1415 3181 pro
1432 3072 1520 3152 dote
1539 3104 1605 3152 seu
1624 3076 1819 3183 maritagio
1833 3078 1990 3185 laquete

565 3206 748 3313 predicte,
761 3223 801 3284 st
810 3206 899 3285 alias
908 3207 1179 3315 qninquaginta
1191 3207 1304 3284 libras
1316 3207 1488 3283 residuas
1497 3207 1544 3282 ad
1558 3206 1781 3283 solvendum
1791 3268 1799 3295 ,
1810 3208 1858 3285 ad
1864 3209 1991 3285 termi-

565 3367 655 3416 num
671 3357 764 3416 tunc
775 3338 963 3429 batorum,
982 3366 1064 3416 esse
1087 3336 1283 3415 solvendas
1298 3338 1345 3413 ad
1360 3335 1501 3413 bonam
1522 3353 1728 3426 monetam
1749 3338 1778 3413 si
1794 3338 1894 3415 bona
1908 3368 1990 3416 mo·

565 3487 651 3546 neta
658 3486 749 3547 tunc
758 3486 934 3547 curreret.
945 3470 1057 3560 Item,
1071 3468 1175 3575 quod
1187 3466 1345 3573 predicti
1358 3469 1469 3576 Hugo
1480 3466 1756 3546 etGuillelmus
1765 3468 1990 3546 tenebantur

565 3600 728 3679 assidere
748 3600 914 3706 predicte
931 3600 1105 3705 laquete,
1121 3626 1190 3704 pro
1212 3600 1300 3675 dote
1321 3627 1387 3675 sua
1406 3627 1475 3675 seu
1490 3598 1701 3705 maritagio,
1722 3596 1839 3674 dictas
1858 3600 1989 3675 decem

564 3728 714 3807 libratas
728 3748 828 3807 terne
842 3728 890 3805 ad
903 3727 1025 3805 bonos
1039 3728 1280 3804 Turonenses
1294 3744 1386 3803 tunc
1401 3744 1611 3815 currentem
1627 3754 1648 3800 a
1663 3754 1740 3830 quo
1757 3724 1914 3829 quidem
1923 3729 1989 3833 ju-

566 3860 698 3948 dicato,
713 3876 896 3966 tanquam
909 3856 1001 3934 falso
1013 3873 1052 3933 ct
1062 3884 1191 3963 pravo,
1207 3858 1329 3935 dictus
1339 3857 1449 3934 miles
1463 3873 1502 3933 et
1512 3854 1757 3944 Guillelmus,
1773 3854 1855 3961 ejus
1868 3854 1985 3945 filius,

565 3989 612 4064 ad
625 3987 803 4066 ballivum
817 3989 1131 4067 Matisconensem
1141 3986 1390 4093 appellarunt;
1407 3987 1472 4093 qui
1487 3986 1646 4063 ballivus
1656 3986 1884 4062 sentenciam
1895 3986 1987 4063 dicti

564 4118 750 4197 castellani
772 4116 1019 4209 confirmavit,
1037 4146 1058 4195 a
1080 4145 1153 4225 qua
1173 4118 1362 4194 sentencia
1385 4114 1677 4205 confirmatoris,
1699 4133 1877 4223 tanquam
1898 4114 1987 4195 falsa

564 4267 601 4325 et
623 4278 749 4356 prava,
771 4248 861 4327 dicti
887 4250 997 4357 Hugo
1020 4265 1059 4327 et
1082 4248 1321 4337 Guillelmus,
1346 4250 1428 4356 ejus
1449 4246 1569 4337 lilius,
1594 4248 1727 4325 iterato
1751 4248 1799 4323 ad
1819 4266 1985 4326 nostram

563 4380 704 4458 curiam
735 4378 987 4486 appellarunt3
1005 4378 1136 4488 judice
1161 4380 1276 4488 igitur
1297 4380 1337 4457 in
1357 4380 1457 4457 dicta
1481 4378 1744 4485 appellacionis
1766 4407 1891 4467 causa,
1919 4408 1988 4485 per

563 4512 703 4589 curium
725 4528 908 4600 nostram,
929 4510 1030 4598 dato,
1053 4527 1091 4588 et
1109 4510 1316 4588 demeritis
1336 4538 1529 4587 causarum
1549 4507 1800 4616 predictarum
1821 4508 1983 4613 cognito,

560 4670 629 4747 per
651 4642 830 4719 eumdem
848 4641 920 4719 fuit
938 4641 1225 4749 pronunciatum
1245 4641 1458 4749 predictum
1478 4640 1721 4717 castellanum
1741 4638 1986 4717 Sancti-Gen-

560 4772 706 4881 gutphi,
725 4788 908 4883 quantum
928 4774 976 4851 ad
997 4772 1195 4853 artimlum
1215 4790 1369 4863 centum
1390 4772 1570 4850 librarum
1589 4770 1886 4859 Turonensium,
1907 4798 1985 4876 qne

561 4923 666 4983 erant
677 4904 873 4995 solvende,
890 4932 960 5013 pro
972 4905 1097 5013 primo
1111 4906 1292 4994 termino,
1310 4902 1407 4981 male
1420 4903 1609 5011 judicasse
1621 4902 1909 5009 pronunciando
1924 4928 1985 4978 so-

559 5034 746 5114 lucionem
764 5036 948 5117 dictarum
966 5052 1118 5118 centum
1132 5036 1312 5114 librarum
1326 5063 1405 5112 esse
1426 5034 1634 5111 faciendam
1650 5034 1697 5110 ad
1712 5049 1903 5109 monetam
1919 5030 1986 5107 de-

559 5165 691 5259 bilem,
715 5184 752 5244 et
772 5168 871 5245 bene
893 5168 933 5244 in
959 5167 1033 5245 hoc
1053 5166 1280 5275 appellatum
1306 5164 1419 5243 fuisse
1444 5194 1513 5273 per
1536 5181 1680 5272 partem
1705 5163 1917 5251 adversam,
1947 5177 1985 5236 st

562 5295 600 5371 in
621 5296 700 5374 aliis
715 5298 879 5376 articulis
894 5298 1103 5376 sentencias
1118 5297 1307 5375 dictorum
1324 5295 1513 5373 castellani
1527 5312 1568 5372 et
1582 5293 1708 5372 ballivi
1727 5290 1980 5378 confirmavit,

467 5482 476 5499 ι
562 5451 676 5528 aquo
697 5425 853 5531 quidem
874 5426 1062 5532 judicato,
1083 5443 1261 5535 tanquam
1283 5425 1375 5504 falso
1395 5443 1432 5503 et
1447 5453 1578 5532 pravo,
1602 5453 1646 5500 ex
1668 5439 1771 5528 parte
1794 5420 1980 5495 dictorum
