5817 7292
1015 1071 1283 1175 ssousrns
1310 1087 1375 1158 sn
1402 1065 1605 1161 esoces.
1950 1081 2023 1157 rer

599 1228 746 1308 vineam
761 1225 914 1308 Geraldi
930 1227 978 1306 de
996 1227 1214 1317 Lambere,
1236 1256 1278 1304 ex
1294 1245 1400 1335 perte
1419 1256 1513 1320 uns,
1534 1244 1575 1305 et
1591 1227 1735 1304 vineam
1756 1226 1944 1305 heredum
1961 1228 2024 1304 Jo-
2063 1241 2239 1300 munau

599 1360 736 1440 bonnis
754 1360 803 1438 de
822 1359 1061 1469 Cognemont
1080 1375 1118 1436 et
1132 1359 1330 1436 carreriam
1347 1359 1555 1466 publicem,
1577 1385 1622 1434 ex
1640 1358 1770 1448 alter-m
1791 1360 1901 1448 item,
1918 1357 2025 1434 vinee
2125 1334 2188 1380 Μ’

601 1489 650 1568 de
662 1493 826 1579 Nateret,
839 1490 906 1568 sin
916 1489 1022 1597 juxte
1035 1489 1158 1568 furcas
1169 1489 1260 1567 dicti
1275 1489 1366 1578 loci,
1382 1491 1483 1567 inter
1494 1489 1642 1566 vineam
1655 1487 1849 1569 Gnillelmi
1864 1490 2023 1577 Derion,

602 1649 647 1702 ex
659 1639 763 1728 perte
776 1648 866 1710 une,
883 1637 922 1698 et
933 1621 1079 1700 vineam
1091 1621 1274 1701 lobannis
1287 1621 1336 1698 de
1348 1619 1693 1710 Erectheo-istm,
1709 1647 1755 1695 ex
1767 1618 1898 1708 altem
1916 1620 2023 1706 item,

601 1753 755 1832 servicia
771 1752 950 1830 casalium
962 1752 1012 1830 de
1029 1754 1195 1842 Nataret3
1214 1753 1323 1844 item,
1342 1751 1506 1859 quedam
1522 1751 1628 1858 pecie
1642 1766 1744 1850 terre
1757 1748 1829 1825 situ
1844 1750 1883 1825 in
1899 1777 2027 1854 parro-

603 1882 687 1962 chie
708 1881 1336 1972 saneti-Johanniede-Pinolibus,
1362 1883 1463 1960 inter
1483 1899 1625 1958 terram
1643 1898 1682 1957 et
1701 1897 1852 1988 pratum
1870 1881 2028 1958 Bartho-

602 2013 718 2094 lomei
736 2014 783 2094 de
798 2013 934 2105 Podio,
950 2041 995 2092 ex
1009 2041 1083 2092 une
1096 2029 1222 2120 perte.
1240 2031 1278 2092 et
1292 2013 1388 2090 viem
1407 2011 1618 2119 publicam,
1636 2040 1681 2087 er
1696 2011 1783 2104 elin3
1804 2011 1914 2100 item,
1936 2041 2030 2117 que·

602 2145 689 2224 dam
704 2145 810 2250 pecie
822 2161 939 2233 terre,
954 2144 1023 2224 site
1035 2143 1137 2223 inter
1149 2142 1298 2222 vineam
1311 2171 1386 2250 qne
1401 2171 1502 2222 nunc
1518 2159 1576 2222 est
1590 2142 1681 2220 dicti
1694 2144 1969 2235 Bumbolomei,
1984 2161 2029 2222 et

600 2291 705 2382 perte
724 2303 816 2365 une,
837 2291 875 2354 et
889 2275 986 2354 virm
1006 2273 1213 2381 publicam,
1236 2303 1281 2352 ex
1296 2274 1428 2367 ultera,
1450 2292 1490 2356 et
1503 2292 1643 2354 terram
1659 2303 1735 2382 que
1750 2303 1854 2354 nnnc
1870 2294 1926 2353 est
1945 2277 2030 2352 Per·

601 2407 675 2487 roti
695 2407 743 2487 de
762 2406 952 2497 Pomarel,
974 2433 1018 2484 ex
1036 2405 1129 2496 slie3
1156 2407 1270 2497 item,
1291 2407 1457 2513 quedam
1476 2406 1549 2484 elie
1569 2407 1674 2512 pecie
1697 2423 1814 2494 terre,
1837 2408 1908 2484 sita
1930 2407 2031 2484 inter

601 2557 738 2618 terrem
753 2553 791 2614 et
800 2537 945 2616 vineam
958 2537 1058 2616 Petn'
1074 2537 1122 2616 de
1136 2537 1355 2627 Gevarreto‚
1374 2566 1417 2615 ex
1430 2553 1536 2644 perte
1549 2565 1643 2629 una,
1657 2552 1696 2613 et
1708 2537 1807 2612 viam
1819 2536 2026 2644 publicam,

603 2697 646 2748 ex
660 2671 795 2760 sltem
815 2670 923 2763 item,
937 2670 1101 2776 quedam
1116 2668 1187 2746 elia
1202 2669 1308 2775 pecie
1322 2685 1423 2746 terro
1441 2669 1510 2746 site
1529 2668 1628 2745 inter
1640 2647 1780 2746 terrim
1799 2666 1890 2746 dicti
1906 2669 2026 2758 Petri,

603 2827 648 2880 ex
667 2817 771 2907 perte
795 2827 890 2889 una,
915 2818 953 2880 et
975 2818 1113 2878 terrem
1132 2828 1207 2907 que
1230 2811 1331 2878 nunc
1351 2815 1407 2876 est
1431 2799 1549 2878 Maris
1571 2798 1620 2875 de
1643 2797 1803 2887 Geston,
1823 2827 1868 2876 ex
1892 2799 2028 2890 altem

603 2931 713 3019 item,
734 2931 897 3039 quedem
916 2930 988 3008 elia
1006 2931 1111 3037 pecie
1129 2947 1245 3020 terro,
1266 2929 1336 3008 sita
1357 2929 1395 3006 in
1413 2930 1499 3008 loco
1517 2945 1648 3008 vocato
1663 2929 1818 3037 Alboys‚
1840 2930 1938 3007 inter
1951 2949 2029 3008 ter-

602 3089 684 3139 rem
700 3077 739 3139 et
752 3061 898 3140 vineam
913 3061 1015 3140 Petri
1030 3061 1079 3140 de
1098 3059 1315 3150 (invenem,
1334 3089 1378 3138 ex
1392 3079 1497 3167 parte
1511 3088 1604 3152 una,
1626 3077 1663 3137 et
1677 3060 1824 3136 vineam
1842 3061 2029 3139 heredum

603 3191 780 3300 Symonis
797 3193 845 3270 de
863 3192 1045 3300 bigardis,
1064 3220 1109 3269 ex
1127 3191 1259 3280 altera,
1277 3209 1314 3268 et
1332 3191 1480 3268 vincam
1499 3191 1597 3268 Petri
1615 3191 1663 3268 de
1682 3191 1881 3298 Pynolerio
1901 3211 1940 3270 et
1954 3211 2030 3270 ter·

603 3353 683 3403 ram
698 3324 840 3404 Galteri
857 3323 904 3401 de
921 3323 1128 3402 Matheo-et
1139 3341 1279 3400 terrem
1295 3322 1436 3402 Gnlteri
1453 3323 1501 3398 de
1517 3322 1695 3409 bladino,
1713 3349 1757 3398 en
1771 3321 1904 3412 alterae
1920 3323 2027 3411 item,

604 3455 755 3535 servicia
772 3455 868 3532 deus
881 3454 1039 3544 camon
1060 3454 1168 3547 item,
1190 3453 1298 3531 vinee
1314 3471 1353 3531 et
1371 3481 1507 3532 nemus
1525 3469 1704 3561 querunt
1722 3452 1792 3530 site
1807 3453 1847 3530 in
1864 3453 1949 3532 loco
1967 3483 2031 3532 vo-

605 3604 686 3665 cato
703 3587 895 3694 Aguiscos.

661 3718 760 3796 lovis
776 3735 862 3824 post
880 3717 988 3796 Oculi
1010 3719 1098 3796 mei.

662 3847 712 3925 M.
731 3845 778 3926 G.
795 3845 843 3923 de
861 3847 956 3925 Usco
969 3849 1181 3954 reportavit.

661 4110 786 4188 val.
817 4109 915 4189 Cum
929 4110 1144 4190 Cbesninus
1160 4110 1361 4218 prepositi,
1381 4111 1507 4204 miles,
1524 4131 1819 4220 conquereretur
1837 4112 1885 4190 de
1903 4113 2033 4221 megis-

605 4241 674 4320 tris
693 4242 802 4320 Petro
822 4240 871 4318 de
891 4241 1112 4351 Arroblayo‚
1135 4242 1398 4321 archidiacono
1418 4243 1680 4322 Bourbonensi
1699 4245 1741 4322 in
1761 4244 1916 4322 ecclesie
1934 4243 2033 4322 Bitu·

606 4372 762 4460 deensi,
778 4390 816 4449 et
835 4371 997 4451 Mertino
1018 4373 1066 4450 de
1085 4373 1292 4480 Creponio‚
1310 4373 1455 4452 clericis
1475 4375 1631 4463 nostris,
1648 4403 1822 4482 supereo
1841 4375 1947 4483 quod
1960 4375 2031 4482 ipsi

608 4503 790 4590 eundem,
811 4518 855 4580 ut
873 4501 1043 4592 dicebat,
1063 4504 1202 4611 injusto
1217 4522 1488 4583 arresterorant
1506 4523 1545 4583 et
1558 4523 1761 4585 tenuerent
1779 4507 1915 4587 mrccsi
1932 4533 2033 4582 men·

607 4631 771 4739 cipetum
791 4661 990 4740 quousque
1010 4634 1058 4711 de
1079 4635 1211 4713 stando
1221 4635 1297 4742 juri
1319 4635 1359 4712 in
1377 4637 1541 4742 presenti
1560 4637 1793 4744 par-lementa
1813 4636 2031 4716 accionem

608 4763 774 4842 dedisset
792 4764 842 4841 ed
859 4791 998 4871 penam
1018 4764 1181 4844 duorum
1202 4766 1367 4844 millium
1394 4767 1576 4845 librarum
1595 4769 1894 4858 Turonensium‚
1916 4793 2032 4875 quere

607 4896 759 5003 petebat
773 4894 969 4976 licenciam
985 4896 1057 4973 sibi
1074 4898 1173 4988 deri,
1188 4898 1248 4976 rel
1261 4899 1367 5006 quod
1378 4919 1636 5009 proponerent
1647 4901 1765 4980 iidem
1778 4902 1901 4980 clerici
1914 4901 2031 4980 nostri

607 5055 755 5106 ceruam
771 5056 886 5133 quere
903 5057 992 5106 eum
1006 5045 1276 5109 erresteverant
1290 5049 1328 5110 et
1340 5031 1390 5110 ob'
1408 5061 1525 5140 quem
1537 5032 1733 5112 licenciam
1746 5030 1947 5111 recedendi
1960 5029 2031 5108 sibi

609 5158 689 5238 dari
707 5187 784 5238 non
804 5159 960 5250 debent,
983 5189 1042 5250 ec,
1063 5189 1106 5240 ex
1125 5179 1228 5269 purte
1246 5163 1434 5242 diotomm
1450 5163 1675 5244 clericorum
1693 5183 1928 5251 nostrornm,
1947 5190 2034 5269 pro-

609 5289 773 5394 positum
788 5289 921 5372 luisset
933 5311 1063 5372 contre
1078 5294 1244 5372 eundem
1259 5294 1365 5402 qnod
1380 5293 1427 5374 ed
1448 5296 1529 5403 ejus
1543 5297 1862 5376 deliberacionem
1879 5291 2032 5402 procedi

611 5445 689 5497 non
700 5419 877 5512 debebat,
892 5423 1124 5504 oovidelicet
1138 5425 1242 5532 quod
1259 5424 1383 5505 dictus
1395 5426 1506 5508 miles
1519 5457 1646 5508 coram
1661 5429 1764 5508 eisin
1773 5423 1943 5533 pertibus
1954 5419 2034 5498 Bsi-
2178 5525 2189 5546 .

699 5592 750 5634 ers
772 5593 855 5636 osus.
874 5595 917 5636 ιιι.
1865 5577 1905 5638 58
