5817 7292
912 1093 984 1162 520
1136 1035 1143 1046 ¹
1391 1031 1396 1048 ⁸
1487 1091 1578 1165 nus
1609 1089 1750 1165 omn.

686 1250 814 1302 omnm
828 1245 871 1307 lv,
911 1230 1033 1309 dictus
1061 1231 1173 1310 abbas
1194 1229 1375 1308 offerebat
1399 1245 1526 1308 coram·
1544 1229 1654 1309 nobis
1679 1258 1719 1306 se
1746 1227 1930 1337 legittime
1954 1229 2219 1336 probaturum,
2245 1264 2337 1341 pro-

910 1380 1081 1441 curatore
1094 1381 1224 1442 nostro
1241 1379 1277 1440 et
1290 1363 1399 1439 dictis
1413 1361 1599 1471 religiosis
1615 1391 1635 1436 e
1651 1360 2006 1438 contradicentibus
2022 1362 2161 1440 dictam
2177 1363 2336 1442 domum

910 1521 990 1571 esse
1008 1495 1047 1570 in
1059 1524 1175 1570 manu
1195 1510 1337 1582 nostra,
1359 1510 1550 1597 tamquam
1571 1491 1686 1596 partis
1702 1519 1779 1567 non
1797 1508 1991 1597 tamquam
2007 1492 2233 1600 superioris:
2249 1496 2356 1574 Visa‘

909 1623 1025 1729 igitur
1052 1625 1240 1732 inquesta,
1265 1651 1378 1728 super
1401 1623 1475 1698 hoc
1505 1622 1751 1698 demandato
1774 1641 1904 1701 nostro
1929 1623 2039 1713 iacta,
2066 1605 2257 1731 quianon
2281 1643 2337 1703 est

908 1754 1125 1862 probatum,
1150 1783 1193 1831 ex
1211 1771 1316 1860 parte
1338 1753 1427 1829 dicti
1449 1753 1609 1844 abbatis,
1632 1752 1770 1830 dictam
1790 1753 1950 1831 domum
1970 1755 2132 1860 positam
2152 1754 2268 1833 fuisse
2286 1757 2338 1834 ad

908 1915 1063 1962 manum
1076 1901 1240 1962 nostram
1251 1902 1441 1990 tamquam
1454 1884 1675 1990 superioris,
1691 1913 1760 2010 per
1772 1885 1875 1962 curie
1894 1901 2022 1963 nostre
2034 1885 2242 1993 judicium,
2258 1887 2336 1964 dic·

640 1338 644 1346 ‘
747 1339 810 1381 1³10.

907 2033 991 2092 tum
1010 2015 1081 2092 fuit
1096 2016 1201 2122 quod
1224 2043 1338 2120 super
1362 2014 1461 2091 dicta
1481 2043 1615 2091 manus
1634 2015 1874 2120 apposicione
1893 2016 1941 2092 de
1965 2034 2090 2094 cetero
2108 2045 2185 2094 non
2207 2017 2337 2096 audie-

906 2162 986 2237 tur,
1008 2145 1115 2222 salvis
1136 2144 1315 2222 omnibus
1331 2145 1443 2222 bonis
1464 2143 1677 2221 racionibus
1698 2145 1788 2221 dicti
1814 2143 1958 2222 abbatis
1973 2163 2015 2222 et
2042 2147 2080 2222 in
2106 2147 2332 2252 proprietate

910 2293 947 2352 et
961 2277 1094 2352 saisina
1113 2275 1387 2383 proponendis,
1410 2275 1448 2350 in
1465 2304 1573 2352 causa
1590 2275 1787 2382 principali
1809 2275 1986 2380 predicta.
2049 2343 2051 2346 Α

965 2408 1064 2484 Jovis
1082 2423 1167 2512 post
1185 2406 1414 2483 Brandones.

966 2541 1008 2617 R.
1033 2541 1078 2617 de
1100 2538 1294 2646 Tyboutot
1313 2537 1526 2642 reportavit.

965 2803 1057 2879 XIX.
1095 2803 1192 2880 Cum
1215 2801 1485 2879 denunciatum
1505 2800 1637 2880 fnisset
1657 2801 1807 2880 dilectis
1832 2821 1870 2881 et
1889 2803 2068 2883 fidelibus
2087 2805 2232 2883 clericis
2252 2831 2336 2883 nm-

911 2934 977 3010 tris
996 2933 1173 3041 magistro
1192 2931 1355 3008 Johanni
1377 2934 1424 3009 de
1448 2931 1618 3039 Auxeyo,
1639 2934 1782 3011 cantori
1802 2933 2078 3028 Aurelianensi,
2102 2952 2141 3011 et
2159 2935 2336 3042 magistro

875 3093 879 3100 ·
910 3064 1090 3143 Nicbolao
1111 3064 1159 3140 de
1174 3065 1400 3153 Lusarchiis,
1423 3083 1514 3141 tunc
1532 3066 1724 3171 preposito
1746 3065 1793 3142 de
1815 3065 2001 3174 Anversyo
2020 3066 2059 3140 in
2077 3065 2233 3142 ecclesia
2249 3067 2338 3144 Car-

912 3198 1078 3286 notensi,
1112 3195 1161 3272 ad
1187 3212 1311 3301 partes
1342 3196 1645 3273 senescalliarnm
1665 3197 1888 3276 Tholosane.
1913 3215 1952 3274 et
1982 3196 2284 3275 Carcassonensis
2313 3226 2335 3270 a

912 3326 1043 3413 nobis,
1066 3353 1180 3431 super
1198 3325 1469 3403 reformacione
1495 3327 1634 3431 patrie,
1653 3326 1865 3418 destinatis,
1883 3328 1989 3434 quod
2003 3329 2135 3404 Petrus
2153 3325 2332 3416 Jordani,

912 3456 1077 3552 vicarius
1092 3454 1365 3547 Montis-Olivi,
1396 3483 1465 3561 pro
1485 3455 1620 3533 abbate
1643 3456 1732 3533 dicti
1758 3456 1850 3544 loci,
1877 3455 1974 3532 duos
2000 3453 2174 3532 homines
2197 3455 2245 3530 de
2267 3453 2336 3530 Al-

913 3613 1019 3674 sona,
1042 3585 1191 3674 fratres,
1219 3604 1258 3663 et
1275 3615 1396 3662 unum
1416 3587 1463 3663 de
1478 3587 1702 3666 Villa-Sicca
1721 3587 1855 3693 laqueo
1875 3586 2051 3692 suspendi
2073 3584 2228 3674 fecerat,
2241 3590 2335 3661 ‘non

914 3716 1164 3806 obstantibus,
1193 3718 1310 3795 immo
1332 3718 1484 3823 spretis,
1510 3717 1831 3825 appellacionibus
1854 3717 1903 3794 ed
1925 3745 1994 3794 nos
2012 3716 2243 3822 interpositis
2268 3743 2339 3819 per

911 3849 1120 3954 predictos,
1149 3850 1307 3956 predicti
1334 3867 1462 3927 cantor
1486 3868 1524 3927 et
1545 3850 1760 3957 prepositus
1785 3849 2057 3928 commiserunt
2074 3850 2185 3925 Petro
2208 3848 2333 3954 Bogis,

911 3981 1047 4057 vicario
1068 3979 1299 4069 Cabardesii‚
1319 3998 1355 4059 et
1373 3982 1551 4089 magistro
1567 3983 1678 4058 Petro
1696 3980 1860 4059 Balaroti
1883 3979 2062 4068 Saxiachi,
2084 3978 2229 4056 notario
2248 4005 2335 4055 nos-

912 4128 984 4198 tro,
1001 4127 1056 4200 ut,
1072 4139 1185 4217 super
1201 4113 1499 4190 denunciacione
1514 4112 1693 4219 predicta,
1711 4111 2106 4219 inquirerent,·vocatis
2121 4108 2332 4198 evocandis,

913 4255 1000 4316 cum
1023 4241 1237 4349 diligencia,
1260 4243 1473 4333 veritatem,
1488 4244 1552 4350 qui
1575 4243 1851 4348 inquisiverunt
1869 4262 1983 4348 super
1998 4240 2194 4346 predictis,
2211 4257 2336 4316 vocato

912 4370 958 4447 ad
981 4372 1055 4450 hoc
1071 4389 1316 4478 procuratore
1332 4391 1479 4465 nostro,
1498 4390 1537 4450 et
1556 4374 1767 4479 inquestam
1789 4401 1901 4478 super
1918 4373 1993 4450 hoc
2014 4370 2147 4448 factam
2176 4372 2225 4448 ad
2252 4399 2337 4448 nos-
2396 4417 2401 4426 ·

912 4519 1008 4579 tram
1034 4505 1174 4581 curiam
1198 4506 1449 4583 remiserunt:
1477 4507 1562 4599 Qua
1584 4506 1658 4582 visa
1679 4523 1718 4582 et
1739 4505 1941 4612 diligenter
1964 4505 2149 4609 inspecta,
2171 4503 2257 4608 quia
2277 4532 2335 4579 re·

913 4650 1063 4737 pentum
1077 4653 1133 4712 est
1147 4637 1253 4740 quod
1272 4637 1394 4715 dictus
1408 4640 1541 4714 Petrus
1559 4637 1733 4726 Jordani,
1749 4638 1907 4714 vicarius
1926 4635 2018 4713 dicti
2033 4633 2187 4723 abbatis,
2203 4633 2336 4740 magis·

912 4780 1016 4840 trum
1040 4768 1331 4875 Berengerium,
1358 4770 1548 4847 notarium
1576 4786 1769 4861 nostrum,
1800 4784 1838 4845 et
1865 4766 2110 4846 Remundum
2131 4763 2221 4872 Elye
2248 4762 2338 4839 fecit

915 4897 1120 4973 enormiter
1138 4899 1342 4987 verberari,
1359 4929 1428 5006 pro
1455 4929 1500 4978 eo
1520 4899 1697 4994 videlicet
1716 4900 1819 5006 quod
1844 4898 1915 5004 ipsi
1934 4899 1984 4975 ad
2003 4925 2073 4976 nos
2087 4895 2336 5004 appellabant,

913 5054 982 5130 pro
1001 5027 1109 5104 dictis
1125 5031 1414 5136 condempnatis
1430 5061 1450 5108 a
1469 5033 1662 5108 sentencia
1677 5030 1871 5138 suspendii
1891 5031 1930 5106 in
1949 5030 2051 5136 ipsos
2069 5030 2160 5122 lata,
2175 5025 2339 5134 appella-

914 5157 1081 5252 cionem,
1103 5159 1149 5237 ab
1163 5160 1243 5264 ipso
1256 5160 1393 5238 vicario
1412 5163 1460 5239 ad
1474 5192 1545 5240 nos
1559 5163 1835 5269 interpositam,
1851 5160 2170 5268 contempnendo,
2188 5156 2338 5264 etquod
2358 5207 2362 5214 -

914 5291 1035 5370 dictos
1048 5291 1222 5368 homines
1235 5292 1505 5371 condemnatos
1515 5294 1696 5399 suspendi
1713 5293 1816 5384 fecit,
1832 5321 1911 5370 non
1924 5291 2162 5371 obstantibus
2174 5287 2337 5396 appella·

915 5422 1088 5501 cionibus
1099 5421 1337 5528 supradictis,
1350 5449 1418 5527 per
1428 5424 1531 5500 curie
1542 5441 1669 5503 nostre
1676 5424 1882 5532 judicium,
1898 5422 2022 5501 dictus
2031 5417 2336 5508 PetrusJordani,
