<?xml version="1.0" encoding="UTF-8"?>
<!DOCTYPE html PUBLIC "-//W3C//DTD XHTML 1.0 Transitional//EN"
    "http://www.w3.org/TR/xhtml1/DTD/xhtml1-transitional.dtd">
<html xmlns="http://www.w3.org/1999/xhtml" xml:lang="en" lang="en">
 <head>
  <title>
</title>
<meta http-equiv="Content-Type" content="text/html;charset=utf-8" />
  <meta name='ocr-system' content='tesseract 3.04.00' />
  <meta name='ocr-capabilities' content='ocr_page ocr_carea ocr_par ocr_line ocrx_word'/>
</head>
<body>
  <div class='ocr_page' id='page_1' title='image "./lesolimouregist00pargoog_0254.png"; bbox 0 0 5817 7292; ppageno 0'>
   <div class='ocr_carea' id='block_1_1' title="bbox 824 1119 1671 1195">
    <p class='ocr_par' dir='ltr' id='par_1_1' title="bbox 824 1119 1671 1195">
     <span class='ocr_line' id='line_1_1' title="bbox 824 1119 1671 1195; baseline -0.002 -2"><span class='ocrx_word' id='word_1_1' title='bbox 824 1123 900 1195; x_wconf 82' lang='lat'><strong>156</strong></span> <span class='ocrx_word' id='word_1_2' title='bbox 1408 1120 1499 1193; x_wconf 77' lang='lat' dir='ltr'><strong>Lus</strong></span> <span class='ocrx_word' id='word_1_3' title='bbox 1531 1119 1671 1194; x_wconf 88' lang='lat' dir='ltr'><strong>OLIM.</strong></span> 
     </span>
    </p>
   </div>
   <div class='ocr_carea' id='block_1_2' title="bbox 611 1260 2341 2131">
    <p class='ocr_par' dir='ltr' id='par_1_2' title="bbox 611 1260 2341 2131">
     <span class='ocr_line' id='line_1_2' title="bbox 611 1260 2271 1369; baseline 0 -27"><span class='ocrx_word' id='word_1_4' title='bbox 611 1274 742 1328; x_wconf 65' lang='lat' dir='ltr'><strong>1³⁸1thss</strong></span> <span class='ocrx_word' id='word_1_5' title='bbox 755 1271 800 1337; x_wconf 83' lang='lat' dir='ltr'><strong>1v,</strong></span> <span class='ocrx_word' id='word_1_6' title='bbox 896 1263 1086 1343; x_wconf 87' lang='lat' dir='ltr'><strong>XXXVIII.</strong></span> <span class='ocrx_word' id='word_1_7' title='bbox 1117 1262 1158 1341; x_wconf 88' lang='lat' dir='ltr'><strong>ln</strong></span> <span class='ocrx_word' id='word_1_8' title='bbox 1177 1260 1303 1341; x_wconf 86' lang='lat' dir='ltr'><strong>rotulo</strong></span> <span class='ocrx_word' id='word_1_9' title='bbox 1318 1261 1433 1369; x_wconf 90' lang='lat' dir='ltr'><strong>hujus</strong></span> <span class='ocrx_word' id='word_1_10' title='bbox 1447 1262 1668 1369; x_wconf 74' lang='lat' dir='ltr'><strong>parlamenti</strong></span> <span class='ocrx_word' id='word_1_11' title='bbox 1686 1262 1755 1339; x_wconf 87' lang='lat' dir='ltr'><strong>scri</strong></span> <span class='ocrx_word' id='word_1_12' title='bbox 1760 1277 1869 1367; x_wconf 90' lang='lat' dir='ltr'><strong>ptum</strong></span> <span class='ocrx_word' id='word_1_13' title='bbox 1887 1277 1943 1338; x_wconf 87' lang='lat' dir='ltr'><strong>est</strong></span> <span class='ocrx_word' id='word_1_14' title='bbox 1962 1276 2147 1353; x_wconf 64' lang='lat' dir='ltr'><strong>amenum</strong></span> <span class='ocrx_word' id='word_1_15' title='bbox 2165 1264 2271 1368; x_wconf 82' lang='lat' dir='ltr'><strong>quod</strong></span> 
     </span>
     <span class='ocr_line' id='line_1_3' title="bbox 674 1366 2272 1505; baseline -0.003 -29"><span class='ocrx_word' id='word_1_16' title='bbox 674 1366 737 1409; x_wconf 38' lang='lat' dir='ltr'><strong>m&amp;</strong></span> <span class='ocrx_word' id='word_1_17' title='bbox 837 1422 1036 1505; x_wconf 83' lang='lat' dir='ltr'><strong>processus</strong></span> <span class='ocrx_word' id='word_1_18' title='bbox 1054 1394 1320 1501; x_wconf 85' lang='lat' dir='ltr'><strong>magistrorum</strong></span> <span class='ocrx_word' id='word_1_19' title='bbox 1339 1394 1597 1472; x_wconf 85' lang='lat' dir='ltr'><strong>nundinarum</strong></span> <span class='ocrx_word' id='word_1_20' title='bbox 1609 1393 1813 1502; x_wconf 90' lang='lat' dir='ltr'><strong>Campanie</strong></span> <span class='ocrx_word' id='word_1_21' title='bbox 1828 1420 1943 1498; x_wconf 86' lang='lat' dir='ltr'><strong>super</strong></span> <span class='ocrx_word' id='word_1_22' title='bbox 1960 1392 2097 1497; x_wconf 84' lang='lat' dir='ltr'><strong>pannis</strong></span> <span class='ocrx_word' id='word_1_23' title='bbox 2115 1394 2272 1499; x_wconf 84' lang='lat' dir='ltr'><strong>portatis</strong></span> 
     </span>
     <span class='ocr_line' id='line_1_4' title="bbox 838 1523 2341 1635; baseline -0.003 -29"><span class='ocrx_word' id='word_1_24' title='bbox 838 1556 906 1635; x_wconf 87' lang='lat' dir='ltr'><strong>per</strong></span> <span class='ocrx_word' id='word_1_25' title='bbox 924 1526 1178 1604; x_wconf 87' lang='lat' dir='ltr'><strong>Percevallum</strong></span> <span class='ocrx_word' id='word_1_26' title='bbox 1197 1525 1246 1602; x_wconf 91' lang='lat' dir='ltr'><strong>de</strong></span> <span class='ocrx_word' id='word_1_27' title='bbox 1265 1527 1402 1614; x_wconf 79' lang='lat' dir='ltr'><strong>lanua,</strong></span> <span class='ocrx_word' id='word_1_28' title='bbox 1419 1541 1576 1632; x_wconf 87' lang='lat' dir='ltr'><strong>propter</strong></span> <span class='ocrx_word' id='word_1_29' title='bbox 1594 1525 1763 1603; x_wconf 87' lang='lat' dir='ltr'><strong>delectus</strong></span> <span class='ocrx_word' id='word_1_30' title='bbox 1782 1525 1823 1600; x_wconf 90' lang='lat' dir='ltr'><strong>in</strong></span> <span class='ocrx_word' id='word_1_31' title='bbox 1841 1523 1897 1601; x_wconf 91' lang='lat' dir='ltr'><strong>eis</strong></span> <span class='ocrx_word' id='word_1_32' title='bbox 1915 1540 2102 1631; x_wconf 88' lang='lat' dir='ltr'><strong>repertos,</strong></span> <span class='ocrx_word' id='word_1_33' title='bbox 2120 1552 2200 1603; x_wconf 90' lang='lat' dir='ltr'><strong>non</strong></span> <span class='ocrx_word' id='word_1_34' title='bbox 2209 1526 2273 1634; x_wconf 87' lang='lat' dir='ltr'><strong>ju·</strong></span> <span class='ocrx_word' id='word_1_35' title='bbox 2335 1591 2341 1602; x_wconf 93' lang='lat'>.</span> 
     </span>
     <span class='ocr_line' id='line_1_5' title="bbox 839 1653 2273 1761; baseline -0.001 -25"><span class='ocrx_word' id='word_1_36' title='bbox 839 1657 1077 1747; x_wconf 76' lang='lat' dir='ltr'>dicabantur,</span> <span class='ocrx_word' id='word_1_37' title='bbox 1106 1654 1300 1735; x_wconf 80' lang='lat' dir='ltr'><strong>reservatis</strong></span> <span class='ocrx_word' id='word_1_38' title='bbox 1331 1671 1458 1731; x_wconf 89' lang='lat' dir='ltr'><strong>tamen</strong></span> <span class='ocrx_word' id='word_1_39' title='bbox 1490 1654 1826 1761; x_wconf 87' lang='lat' dir='ltr'><strong>reprobacionibus</strong></span> <span class='ocrx_word' id='word_1_40' title='bbox 1853 1653 2000 1732; x_wconf 83' lang='lat' dir='ltr'><strong>ibidem</strong></span> <span class='ocrx_word' id='word_1_41' title='bbox 2026 1655 2273 1735; x_wconf 82' lang='lat' dir='ltr'><strong>existentibus</strong></span> 
     </span>
     <span class='ocr_line' id='line_1_6' title="bbox 837 1784 2272 1907; baseline -0.001 -40"><span class='ocrx_word' id='word_1_42' title='bbox 837 1816 952 1896; x_wconf 88' lang='lat' dir='ltr'><strong>super</strong></span> <span class='ocrx_word' id='word_1_43' title='bbox 969 1786 1200 1895; x_wconf 84' lang='lat' dir='ltr'><strong>quibusdam</strong></span> <span class='ocrx_word' id='word_1_44' title='bbox 1219 1784 1573 1875; x_wconf 81' lang='lat' dir='ltr'><strong>consuetudinibus3</strong></span> <span class='ocrx_word' id='word_1_45' title='bbox 1596 1802 1634 1863; x_wconf 84' lang='lat' dir='ltr'><strong>ct</strong></span> <span class='ocrx_word' id='word_1_46' title='bbox 1652 1785 1788 1863; x_wconf 89' lang='lat' dir='ltr'><strong>iterato</strong></span> <span class='ocrx_word' id='word_1_47' title='bbox 1812 1814 1927 1903; x_wconf 86' lang='lat' dir='ltr'><strong>super</strong></span> <span class='ocrx_word' id='word_1_48' title='bbox 1951 1786 2097 1883; x_wconf 85' lang='lat' dir='ltr'><strong>eisdem</strong></span> <span class='ocrx_word' id='word_1_49' title='bbox 2118 1814 2272 1907; x_wconf 79' lang='lat' dir='ltr'><strong>consue·</strong></span> 
     </span>
     <span class='ocr_line' id='line_1_7' title="bbox 838 1914 2271 2026; baseline -0.002 -27"><span class='ocrx_word' id='word_1_50' title='bbox 838 1919 1037 1999; x_wconf 88' lang='lat' dir='ltr'><strong>tudinibus</strong></span> <span class='ocrx_word' id='word_1_51' title='bbox 1067 1934 1106 1996; x_wconf 84' lang='lat' dir='ltr'><strong>et</strong></span> <span class='ocrx_word' id='word_1_52' title='bbox 1136 1945 1250 2025; x_wconf 89' lang='lat' dir='ltr'><strong>super</strong></span> <span class='ocrx_word' id='word_1_53' title='bbox 1279 1914 1447 1995; x_wconf 84' lang='lat' dir='ltr'><strong>articulis</strong></span> <span class='ocrx_word' id='word_1_54' title='bbox 1478 1916 1647 2023; x_wconf 87' lang='lat' dir='ltr'><strong>parcium</strong></span> <span class='ocrx_word' id='word_1_55' title='bbox 1678 1917 1719 1995; x_wconf 90' lang='lat' dir='ltr'><strong>in</strong></span> <span class='ocrx_word' id='word_1_56' title='bbox 1749 1916 1894 1995; x_wconf 89' lang='lat' dir='ltr'><strong>eisdem</strong></span> <span class='ocrx_word' id='word_1_57' title='bbox 1924 1917 2112 1996; x_wconf 84' lang='lat' dir='ltr'><strong>contentis</strong></span> <span class='ocrx_word' id='word_1_58' title='bbox 2143 1917 2271 2026; x_wconf 89' lang='lat' dir='ltr'><strong>inqui-</strong></span> 
     </span>
     <span class='ocr_line' id='line_1_8' title="bbox 839 2068 956 2131; baseline -0.009 -2"><span class='ocrx_word' id='word_1_59' title='bbox 839 2068 956 2131; x_wconf 84' lang='lat' dir='ltr'><strong>retur.</strong></span> 
     </span>
    </p>
   </div>
   <div class='ocr_carea' id='block_1_3' title="bbox 842 2315 2271 2557">
    <p class='ocr_par' dir='ltr' id='par_1_3' title="bbox 842 2315 2271 2557">
     <span class='ocr_line' id='line_1_9' title="bbox 898 2315 2269 2426; baseline 0 -33"><span class='ocrx_word' id='word_1_60' title='bbox 898 2316 1057 2395; x_wconf 92' lang='lat' dir='ltr'><strong>XXXIX.</strong></span> <span class='ocrx_word' id='word_1_61' title='bbox 1079 2315 1166 2397; x_wconf 89' lang='lat' dir='ltr'><strong>Visa</strong></span> <span class='ocrx_word' id='word_1_62' title='bbox 1187 2316 1360 2424; x_wconf 85' lang='lat' dir='ltr'><strong>inquesta</strong></span> <span class='ocrx_word' id='word_1_63' title='bbox 1380 2346 1494 2424; x_wconf 87' lang='lat' dir='ltr'><strong>super</strong></span> <span class='ocrx_word' id='word_1_64' title='bbox 1511 2316 1609 2395; x_wconf 87' lang='lat' dir='ltr'><strong>sacto</strong></span> <span class='ocrx_word' id='word_1_65' title='bbox 1628 2316 1718 2396; x_wconf 85' lang='lat' dir='ltr'><strong>false</strong></span> <span class='ocrx_word' id='word_1_66' title='bbox 1738 2334 1890 2397; x_wconf 87' lang='lat' dir='ltr'><strong>monete</strong></span> <span class='ocrx_word' id='word_1_67' title='bbox 1909 2316 2087 2426; x_wconf 88' lang='lat' dir='ltr'><strong>imposito</strong></span> <span class='ocrx_word' id='word_1_68' title='bbox 2104 2318 2269 2397; x_wconf 82' lang='lat' dir='ltr'><strong>Iohanni</strong></span> 
     </span>
     <span class='ocr_line' id='line_1_10' title="bbox 842 2446 2271 2557; baseline 0.001 -32"><span class='ocrx_word' id='word_1_69' title='bbox 842 2448 890 2525; x_wconf 87' lang='lat' dir='ltr'><strong>de</strong></span> <span class='ocrx_word' id='word_1_70' title='bbox 906 2446 1242 2541; x_wconf 79' lang='lat' dir='ltr'><strong>Sancto-Martius,</strong></span> <span class='ocrx_word' id='word_1_71' title='bbox 1262 2448 1380 2527; x_wconf 85' lang='lat' dir='ltr'><strong>nichil</strong></span> <span class='ocrx_word' id='word_1_72' title='bbox 1393 2448 1591 2533; x_wconf 84' lang='lat' dir='ltr'><strong>inventum</strong></span> <span class='ocrx_word' id='word_1_73' title='bbox 1611 2448 1684 2527; x_wconf 89' lang='lat' dir='ltr'><strong>fuit</strong></span> <span class='ocrx_word' id='word_1_74' title='bbox 1703 2466 1833 2530; x_wconf 87' lang='lat' dir='ltr'><strong>contra</strong></span> <span class='ocrx_word' id='word_1_75' title='bbox 1851 2449 1976 2556; x_wconf 90' lang='lat' dir='ltr'><strong>ipsum</strong></span> <span class='ocrx_word' id='word_1_76' title='bbox 1995 2448 2214 2557; x_wconf 83' lang='lat' dir='ltr'><strong>probatum,</strong></span> <span class='ocrx_word' id='word_1_77' title='bbox 2233 2467 2271 2527; x_wconf 91' lang='lat' dir='ltr'><strong>et</strong></span> 
     </span>
    </p>
   </div>
   <div class='ocr_carea' id='block_1_4' title="bbox 821 2578 2272 3347">
    <p class='ocr_par' dir='ltr' id='par_1_4' title="bbox 821 2578 2272 3213">
     <span class='ocr_line' id='line_1_11' title="bbox 841 2578 2272 2691; baseline 0.002 -35"><span class='ocrx_word' id='word_1_78' title='bbox 841 2578 947 2668; x_wconf 87' lang='lat' dir='ltr'><strong>ideo,</strong></span> <span class='ocrx_word' id='word_1_79' title='bbox 962 2608 1032 2685; x_wconf 89' lang='lat' dir='ltr'><strong>per</strong></span> <span class='ocrx_word' id='word_1_80' title='bbox 1047 2580 1190 2658; x_wconf 86' lang='lat' dir='ltr'><strong>curiam</strong></span> <span class='ocrx_word' id='word_1_81' title='bbox 1205 2579 1424 2658; x_wconf 86' lang='lat' dir='ltr'><strong>mandatum</strong></span> <span class='ocrx_word' id='word_1_82' title='bbox 1439 2580 1512 2658; x_wconf 85' lang='lat' dir='ltr'><strong>suit</strong></span> <span class='ocrx_word' id='word_1_83' title='bbox 1529 2581 1721 2688; x_wconf 84' lang='lat' dir='ltr'><strong>preposito</strong></span> <span class='ocrx_word' id='word_1_84' title='bbox 1735 2580 1934 2691; x_wconf 78' lang='lat' dir='ltr'><strong>Parisiensi</strong></span> <span class='ocrx_word' id='word_1_85' title='bbox 1951 2599 1989 2659; x_wconf 90' lang='lat' dir='ltr'><strong>et</strong></span> <span class='ocrx_word' id='word_1_86' title='bbox 2001 2580 2140 2661; x_wconf 84' lang='lat' dir='ltr'><strong>ballivo</strong></span> <span class='ocrx_word' id='word_1_87' title='bbox 2158 2581 2272 2660; x_wconf 77' lang='lat' dir='ltr'><strong>Aure·</strong></span> 
     </span>
     <span class='ocr_line' id='line_1_12' title="bbox 840 2709 2271 2820; baseline 0.001 -33"><span class='ocrx_word' id='word_1_88' title='bbox 840 2709 999 2787; x_wconf 85' lang='lat' dir='ltr'><strong>lianensi</strong></span> <span class='ocrx_word' id='word_1_89' title='bbox 1024 2712 1129 2818; x_wconf 85' lang='lat' dir='ltr'><strong>quod</strong></span> <span class='ocrx_word' id='word_1_90' title='bbox 1154 2711 1235 2820; x_wconf 91' lang='lat' dir='ltr'><strong>ejus</strong></span> <span class='ocrx_word' id='word_1_91' title='bbox 1259 2740 1395 2819; x_wconf 90' lang='lat' dir='ltr'><strong>corpus</strong></span> <span class='ocrx_word' id='word_1_92' title='bbox 1425 2729 1463 2791; x_wconf 89' lang='lat' dir='ltr'><strong>et</strong></span> <span class='ocrx_word' id='word_1_93' title='bbox 1485 2712 1586 2791; x_wconf 85' lang='lat' dir='ltr'><strong>bona</strong></span> <span class='ocrx_word' id='word_1_94' title='bbox 1608 2713 1807 2793; x_wconf 85' lang='lat' dir='ltr'><strong>reoredant</strong></span> <span class='ocrx_word' id='word_1_95' title='bbox 1830 2712 1903 2791; x_wconf 91' lang='lat' dir='ltr'><strong>sub</strong></span> <span class='ocrx_word' id='word_1_96' title='bbox 1925 2712 2073 2820; x_wconf 75' lang='lat' dir='ltr'><strong>ydonee</strong></span> <span class='ocrx_word' id='word_1_97' title='bbox 2092 2711 2271 2790; x_wconf 86' lang='lat' dir='ltr'><strong>caucione</strong></span> 
     </span>
     <span class='ocr_line' id='line_1_13' title="bbox 841 2840 2272 2955; baseline 0.001 -37"><span class='ocrx_word' id='word_1_98' title='bbox 841 2841 888 2919; x_wconf 89' lang='lat' dir='ltr'><strong>de</strong></span> <span class='ocrx_word' id='word_1_99' title='bbox 916 2840 1050 2921; x_wconf 83' lang='lat' dir='ltr'><strong>stando</strong></span> <span class='ocrx_word' id='word_1_100' title='bbox 1074 2843 1171 2951; x_wconf 79' lang='lat' dir='ltr'><strong>juri3</strong></span> <span class='ocrx_word' id='word_1_101' title='bbox 1197 2854 1483 2951; x_wconf 84' lang='lat' dir='ltr'><strong>verumptamen</strong></span> <span class='ocrx_word' id='word_1_102' title='bbox 1503 2851 1716 2955; x_wconf 85' lang='lat' dir='ltr'><strong>prepositus</strong></span> <span class='ocrx_word' id='word_1_103' title='bbox 1741 2844 1889 2925; x_wconf 91' lang='lat' dir='ltr'><strong>domini</strong></span> <span class='ocrx_word' id='word_1_104' title='bbox 1911 2843 2023 2951; x_wconf 86' lang='lat' dir='ltr'><strong>Regis</strong></span> <span class='ocrx_word' id='word_1_105' title='bbox 2052 2843 2100 2921; x_wconf 91' lang='lat' dir='ltr'><strong>de</strong></span> <span class='ocrx_word' id='word_1_106' title='bbox 2124 2843 2272 2921; x_wconf 87' lang='lat' dir='ltr'><strong>Monte-</strong></span> 
     </span>
     <span class='ocr_line' id='line_1_14' title="bbox 840 2972 2269 3083; baseline 0.001 -32"><span class='ocrx_word' id='word_1_107' title='bbox 840 2972 944 3083; x_wconf 85' lang='lat' dir='ltr'><strong>Argi‚</strong></span> <span class='ocrx_word' id='word_1_108' title='bbox 966 2974 1032 3081; x_wconf 93' lang='lat' dir='ltr'><strong>qui</strong></span> <span class='ocrx_word' id='word_1_109' title='bbox 1052 3002 1166 3081; x_wconf 88' lang='lat' dir='ltr'><strong>super</strong></span> <span class='ocrx_word' id='word_1_110' title='bbox 1184 2974 1258 3055; x_wconf 92' lang='lat' dir='ltr'><strong>hoc</strong></span> <span class='ocrx_word' id='word_1_111' title='bbox 1281 2975 1415 3069; x_wconf 78' lang='lat' dir='ltr'><strong>debuit</strong></span> <span class='ocrx_word' id='word_1_112' title='bbox 1434 2976 1577 3069; x_wconf 82' lang='lat' dir='ltr'><strong>audiri,</strong></span> <span class='ocrx_word' id='word_1_113' title='bbox 1598 2976 1768 3057; x_wconf 85' lang='lat' dir='ltr'><strong>nonfuit</strong></span> <span class='ocrx_word' id='word_1_114' title='bbox 1791 2977 1959 3068; x_wconf 78' lang='lat' dir='ltr'><strong>auditus,</strong></span> <span class='ocrx_word' id='word_1_115' title='bbox 1986 2974 2077 3077; x_wconf 86' lang='lat' dir='ltr'><strong>licet</strong></span> <span class='ocrx_word' id='word_1_116' title='bbox 2098 2990 2269 3063; x_wconf 87' lang='lat' dir='ltr'><strong>vocatus,</strong></span> 
     </span>
     <span class='ocr_line' id='line_1_15' title="bbox 821 3103 1222 3213; baseline -0.015 -24"><span class='ocrx_word' id='word_1_117' title='bbox 821 3182 823 3189; x_wconf 7' lang='lat' dir='ltr'><strong>a</strong></span> <span class='ocrx_word' id='word_1_118' title='bbox 842 3103 930 3213; x_wconf 87' lang='lat' dir='ltr'><strong>quia</strong></span> <span class='ocrx_word' id='word_1_119' title='bbox 950 3104 1222 3185; x_wconf 87' lang='lat' dir='ltr'><strong>infirmabatur.</strong></span> 
     </span>
    </p>

    <p class='ocr_par' dir='ltr' id='par_1_5' title="bbox 899 3237 2162 3347">
     <span class='ocr_line' id='line_1_16' title="bbox 899 3237 2162 3347; baseline -0.001 -32"><span class='ocrx_word' id='word_1_120' title='bbox 899 3238 1026 3316; x_wconf 83' lang='lat' dir='ltr'><strong>Martis</strong></span> <span class='ocrx_word' id='word_1_121' title='bbox 1045 3253 1131 3347; x_wconf 85' lang='lat' dir='ltr'><strong>ante</strong></span> <span class='ocrx_word' id='word_1_122' title='bbox 1149 3239 1330 3317; x_wconf 84' lang='lat' dir='ltr'><strong>Sanctum</strong></span> <span class='ocrx_word' id='word_1_123' title='bbox 1349 3240 1592 3346; x_wconf 81' lang='lat' dir='ltr'><strong>Dyonisium‚</strong></span> <span class='ocrx_word' id='word_1_124' title='bbox 1613 3268 1712 3317; x_wconf 89' lang='lat' dir='ltr'><strong>anno</strong></span> <span class='ocrx_word' id='word_1_125' title='bbox 1727 3238 1994 3317; x_wconf 85' lang='lat' dir='ltr'><strong>trecentesimo</strong></span> <span class='ocrx_word' id='word_1_126' title='bbox 2013 3237 2162 3345; x_wconf 88' lang='lat' dir='ltr'><strong>quinto.</strong></span> 
     </span>
    </p>
   </div>
   <div class='ocr_carea' id='block_1_5' title="bbox 0 0 2927 7284">
    <p class='ocr_par' dir='ltr' id='par_1_6' title="bbox 0 0 2927 7284">
     <span class='ocr_line' id='line_1_17' title="bbox 0 0 2927 7284; baseline 0 0"><span class='ocrx_word' id='word_1_127' title='bbox 0 0 2927 7284; x_wconf 95' lang='lat' dir='ltr'><strong> </strong></span> 
     </span>
    </p>
   </div>
  </div>
 </body>
</html>
