5817 7292
1041 1129 1309 1237 anutrss
1335 1147 1400 1219 sr
1426 1127 1630 1220 esoces.
1974 1149 2048 1221 sua

622 1291 765 1399 ligiosis
779 1291 820 1367 iu
835 1289 1151 1397 saisinapredicta
1167 1285 1352 1395 ponendi,
1374 1285 1541 1366 habendi
1558 1305 1595 1364 et
1610 1285 1785 1364 tradendi
1805 1286 1922 1366 dictm
1941 1316 2050 1365 men·
2088 1295 2218 1348 ¹²³¹th
2231 1296 2274 1360 lt.

622 1452 728 1500 suras
747 1422 787 1499 in
809 1421 898 1500 villa
920 1420 1106 1528 predicta,
1126 1418 1392 1498 tantummodo
1416 1420 1644 1526 appositum,
1667 1418 1832 1494 amoveri
1853 1417 1992 1495 debere
2012 1436 2050 1496 et
2151 1384 2213 1427 lm

623 1554 779 1632 eosdem
794 1554 841 1631 de
863 1553 973 1631 dictis
990 1552 1178 1631 mensuris
1198 1579 1278 1629 esse
1301 1549 1569 1644 resaisiendos,
1589 1549 1689 1627 salvo
1704 1549 1790 1657 jure
1808 1565 1955 1637 nostro,
1972 1567 2048 1626 tam

605 1701 609 1707 ’
623 1687 663 1762 in
679 1685 760 1763 aliis
779 1710 891 1794 quam
908 1684 1037 1762 inulta
1053 1684 1206 1792 justicia
1225 1683 1395 1760 locorum
1415 1681 1689 1790 predictorum,
1710 1709 1750 1758 ac
1769 1679 1866 1758 salva
1882 1679 1993 1757 nobis
2009 1681 2046 1754 in
2064 1699 2068 1708 ·

622 1816 809 1893 mensuris
825 1814 1002 1922 predictis
1021 1814 1219 1920 questione
1238 1813 1491 1920 proprietatis.

678 1946 807 2028 Martis
822 1962 909 2055 post
927 1945 1077 2022 octabas
1095 1942 1317 2022 Candelose.

677 2077 779 2183 Roya
796 2074 1010 2182 reportavit.

678 2337 789 2415 XXX.
820 2336 939 2426 Cum,
961 2336 1200 2414 demandato
1219 2334 1348 2412 ballivi
1365 2334 1689 2428 viromandensis,
1708 2336 1920 2442 prepositus
1934 2338 2048 2414 Pero-

622 2467 769 2554 nensis,
794 2465 833 2544 in
850 2467 1081 2574 quibusdam
1101 2466 1241 2544 lactum
1257 2466 1462 2544 maletolte
1479 2467 1578 2544 dicte
1593 2466 1680 2544 ville
1693 2467 1949 2576 tangentibus,
1964 2495 2050 2574 pro-

622 2598 759 2675 cedere
774 2597 907 2690 vellet,
924 2599 1004 2704 ipsc
1018 2625 1147 2674 secum
1164 2597 1350 2674 decanum
1367 2599 1643 2689 Peroncnsem,
1662 2597 1880 2702 Philippum
1896 2598 1943 2676 de
1956 2599 2050 2674 ller-

624 2726 849 2819 dcu·Curia,
869 2726 1087 2834 Philippum
1103 2729 1213 2817 Ilote,
1239 2725 1491 2805 Guillelmum
1519 2726 1726 2816 Germerii‚
1753 2725 1892 2803 milites
1918 2725 2051 2802 fideles

623 2875 788 2948 nostros,
801 2874 845 2935 ut
856 2857 1069 2935 consultius
1083 2874 1210 2966 ageret
1224 2857 1264 2932 in
1279 2857 1349 2934 hac
1362 2873 1483 2962 parte,
1501 2855 1641 2935 vocavit
1655 2873 1714 2945 ut,
1735 2855 1786 2932 ds
1803 2855 1877 2932 hiis
1892 2885 1966 2962 quc
1984 2884 2051 2962 per

623 2989 750 3095 ipsum
773 2986 926 3078 fierent,
944 3005 1112 3094 possent,
1127 2987 1158 3064 si
1177 3017 1274 3094 opus
1293 3003 1405 3076 esset,
1424 2987 1685 3064 testimonium
1706 2985 1928 3092 perhibere3
1946 3015 2051 3064 cum-

623 3146 699 3225 que
709 3119 780 3225 ipsi
789 3120 837 3197 ad
848 3120 1008 3197 domum
1017 3146 1263 3196 communem
1274 3118 1373 3194 dicte
1384 3117 1488 3207 ville,
1505 3147 1590 3195 cum
1604 3118 1705 3195 dicto
1715 3118 1923 3224 preposito,
1938 3147 2052 3195 ecces-

622 3247 767 3339 sissent,
780 3248 859 3340 ubi,
871 3249 919 3326 ad
929 3276 1068 3327 sonum
1077 3275 1267 3354 campane,
1280 3249 1402 3357 major
1412 3265 1450 3325 et
1457 3249 1571 3357 jurati
1586 3265 1623 3325 et
1634 3264 1713 3326 tota
1726 3249 1940 3326 communia
1952 3249 2051 3325 dicte

621 3377 710 3455 ville
724 3394 985 3470 couvenerant,
999 3377 1102 3456 idem
1114 3377 1339 3484 prepositus,
1358 3406 1444 3454 eum
1461 3375 1652 3483 predictis,
1672 3394 1772 3455 stans
1789 3377 1837 3456 ad
1853 3377 2049 3469 fenestras,

623 3526 662 3585 et
681 3508 810 3587 dicens
833 3537 874 3586 se
894 3506 989 3586 velle
1016 3510 1238 3586 mandatum
1259 3506 1467 3614 adimplere
1492 3507 1732 3614 predictum,
1753 3507 1847 3585 vidit
1866 3508 2051 3614 populum
2148 3613 2152 3618 .

622 3657 941 3732 murmurantem,
967 3655 1008 3716 et
1025 3638 1228 3716 duodecim
1251 3637 1309 3714 vel
1333 3639 1483 3715 circiter
1503 3638 1550 3714 de
1571 3638 1822 3746 grossioribus
1846 3638 1944 3715 dicte
1967 3638 2051 3715 ville

622 3770 689 3876 qui
704 3799 744 3848 se
759 3769 808 3846 ad
822 3786 969 3876 partem
980 3786 1191 3858 traxerunt,
1207 3785 1245 3846 et
1259 3770 1385 3846 statim
1401 3795 1534 3845 omnes
1548 3768 1596 3844 de
1610 3769 1842 3856 communia,
1857 3770 1962 3873 quasi
1978 3798 2052 3845 una

622 3927 730 3988 voce,
749 3898 926 3988 clamare,
944 3916 983 3977 et
1003 3900 1148 3978 dictum
1171 3900 1407 4006 prepositum
1427 3899 1546 3975 huere
1565 3917 1761 4005 ceperunt,
1782 3898 1975 3974 dicentes:
1995 3899 2052 3974 Ad

624 4029 758 4108 scalas!
772 4031 821 4107 ad
833 4029 967 4107 scalas!
983 4032 1214 4109 moriautur-1
1229 4033 1450 4108 communel
1471 4057 1675 4106 commune
1689 4033 1697 4105 l
1710 4045 1748 4106 et
1759 4045 1964 4115 tunc,.cum
1979 4026 2052 4104 dic·

624 4176 687 4236 tus
704 4160 973 4266 prepositusst
987 4160 1145 4268 predicti
1162 4160 1330 4267 perteriti
1346 4158 1644 4250 descendissent,
1661 4158 1786 4236 statim
1806 4157 1897 4234 dicti
1914 4185 2052 4265 prepo-

624 4289 719 4368 situs
738 4306 778 4366 et
792 4289 956 4367 decanus
973 4290 1127 4368 atribus
1144 4289 1316 4366 millibus
1333 4289 1432 4366 dicte
1447 4288 1666 4366 communie
1680 4287 1739 4366 vel
1758 4288 1853 4365 circa
1865 4287 1999 4365 inclusi
2016 4306 2054 4365 ct

625 4419 674 4497 ad
690 4438 831 4497 terram
855 4419 1030 4526 prostrati
1051 4417 1223 4509 bierunt,
1245 4436 1285 4496 et
1305 4419 1472 4528 graviora
1497 4417 1568 4496 sibi
1590 4417 1719 4495 timuit
1742 4418 1865 4495 dictus
1889 4417 2052 4498 decanus

625 4551 774 4642 inferri,
792 4567 837 4628 ut
857 4551 966 4638 dicit,
989 4549 1061 4628 nisi
1081 4549 1128 4627 ab
1147 4549 1336 4657 aliquibus
1354 4549 1539 4626 auxilium
1558 4549 1768 4640 habuisset,
1783 4579 1824 4628 su
1829 4578 1895 4657 per
1913 4550 2052 4657 quibus

626 4681 885 4760 mandavimus
899 4681 1093 4760 veritatem
1114 4682 1254 4789 inquiri
1272 4711 1282 4757 ε
1299 4681 1386 4761 Visa
1402 4680 1517 4789 igitur
1534 4680 1708 4786 inquesta
1723 4709 1837 4788 super
1851 4681 1923 4757 hoc
1939 4679 2049 4772 fecta,

625 4811 842 4890 racionibus
866 4829 905 4890 et
927 4811 1214 4892 defensionibus
1241 4812 1430 4890 dictorum
1454 4811 1630 4920 majoris,
1648 4812 1862 4919 juratorum
1888 4805 1933 4888 et'
1949 4839 2053 4888 com-

626 4943 756 5022 munie
789 4943 991 5052 diligenter
1019 4944 1188 5034 attentis,
1217 4972 1286 5050 per
1312 4945 1414 5021 curie
1446 4959 1573 5021 nostre
1599 4941 1806 5047 judicium,
1836 4943 2052 5019 communia

625 5072 723 5152 dicte
746 5074 835 5152 ville
862 5075 934 5152 fuit
961 5074 1072 5153 nobis
1097 5076 1137 5152 in
1164 5074 1269 5152 mille
1298 5073 1406 5152 libris
1430 5101 1631 5180 parvorum
1657 5051 1958 5160 Turonensium,
1984 5101 2052 5149 no-

625 5205 730 5280 mine
749 5205 927 5296 emende,
949 5207 1241 5312 condempnata,
1263 5221 1303 5283 et
1321 5205 1423 5282 dieto
1446 5206 1588 5282 decano
1612 5205 1765 5282 nomine
1788 5233 1858 5282 suo
1876 5220 1914 5280 et
1933 5202 2050 5281 eccle-

626 5332 681 5408 sie
706 5362 791 5426 sue,
810 5363 881 5441 pro
901 5334 1048 5445 injuriis
1064 5335 1258 5444 predictis,
1281 5335 1322 5412 in
1341 5333 1628 5442 quadringentis
1648 5335 1754 5412 libris
1777 5351 1929 5413 monete
1951 5333 2051 5438 ejus—

627 5457 737 5550 dem,
758 5481 907 5544 retento
925 5466 1031 5573 quod
1058 5483 1189 5544 contra
1214 5463 1422 5574 singulares
1447 5491 1626 5570 personas
1647 5492 1721 5570 que
1742 5464 1890 5540 invente
1912 5459 2051 5536 fuerint
