5817 7292
911 1096 992 1171 1150
1499 1095 1589 1167 bns
1620 1091 1759 1166 Onna

693 1243 877 1309 rotund.
915 1239 1019 1326 dete,
1032 1238 1083 1314 in
1103 1237 1259 1314 decimis
1278 1263 1371 1342 quas
1392 1235 1588 1342 episcopus
1605 1231 2107 1322 elevamenta-Gutta,
2128 1243 2337 1340 procuravit

752 1343 815 1386 Μ’
916 1370 1014 1448 uniri
1032 1393 1160 1446 mense
1180 1365 1403 1472 episcopali,
1425 1394 1492 1472 per
1512 1366 1753 1470 apostolicam
1772 1364 1919 1453 sedern,
1941 1393 2017 1471 que
2036 1365 2335 1475 oltoaunqoam

916 1499 1063 1579 {iterant
1084 1498 1122 1573 in
1142 1495 1294 1606 regalia,
1324 1494 1586 1606 quarexdictos
1608 1494 1750 1572 fructus
1773 1493 1977 1574 sibireddi
2005 1496 2202 1602 petebanta
2229 1499 2335 1587 item,

917 1631 1093 1708 dicebant
1108 1626 1214 1732 quod
1234 1627 1356 1704 dictus
1376 1624 1576 1731 regalittor
1598 1640 1728 1702 noster
1741 1625 1908 1730 percepit
1932 1624 2083 1706 fructus·
2098 1627 2337 1706 ecclesiarum

915 1760 963 1836 de
986 1760 1146 1836 Roffieco
1168 1773 1206 1832 et
1226 1755 1390 1847 allodia,
1409 1784 1501 1860 que,
1522 1753 1838 1871 nuli01tentpore,
1856 1755 2002 1834 fuerant
2019 1756 2110 1836 alios
2129 1759 2168 1834 in
2187 1758 2335 1866 segetia,

916 1906 954 1967 et
967 1918 1043 1995 que
1054 1888 1209 1970 ecclesie
1220 1873 1349 1964 mense
1363 1885 1563 1991 episcopali
1577 1912 1772 1991 nunquam
1783 1885 1932 1966 fucrant
1943 1888 2203 1995 adjuncteeeu
2216 1891 2335 1976 uniter

915 2019 1023 2109 item,
1040 2018 1214 2096 dicebant
1228 2017 1331 2122 quod
1345 2016 1468 2093 dictus
1479 2015 1678 2123 regaliator
1691 2018 1860 2121 percepit
1870 2017 2067 2122 pecaniam
2080 2042 2178 2124 que,
2189 2019 2336 2100 racione

915 2149 1155 2234 cathedratici
1168 2167 1207 2226 et
1222 2146 1426 2255 synodatici
1445 2163 1482 2224 et
1497 2137 1747 2252 quarumdam
1761 2149 2076 2254 procurationum
2088 2149 2332 2236 minuta-om,

916 2296 1156 2358 consueverat
1176 2279 1222 2358 ab
1242 2279 1396 2383 antiquo
1417 2278 1457 2354 in
1471 2277 1625 2385 synodis
1646 2277 1807 2384 persolvi
1827 2279 2002 2385 episcopo
2016 2278 2331 2368 Claromonteosit

916 2427 953 2486 et
970 2413 1153 2518 quasdam
1173 2411 1341 2489 minutas
1360 2407 1576 2486 oblaciones
1591 2435 1688 2513 quas
1704 2409 1901 2514 episcopor
1913 2409 2228 2488 Cicromontsnsis
2245 2435 2335 2488 cna*

916 2542 1040 2620 suevit
1054 2540 1263 2645 percipere,
1291 2540 1329 2616 in
1350 2537 1613 2616 festivitatibus
1635 2537 1918 2645 Assumpoionis
1941 2558 1979 2618 et
2000 2539 2202 2619 Nsdviocts
2223 2540 2333 2618 heere

916 2671 1031 2748 Maris
1043 2670 1208 2777 virginis,
1226 2669 1263 2746 in
1277 2669 1391 2745 altare
1406 2668 1515 2747 beate
1537 2667 1661 2747 Maric-
1672 2668 2012 2760 Claromontenais3
2027 2670 2137 2760 item,
2148 2669 2334 2775 quosdam

914 2827 1047 2878 census
1067 2799 1216 2878 debitos
1230 2827 1252 2874 a
1264 2799 1374 2876 certis
1389 2797 1556 2878 ecclesiis
1568 2798 1727 2876 civitatis
1737 2816 1776 2877 et
1791 2801 1958 2905 dyocesis
1969 2799 2335 2880 claromontensium

914 2932 1104 3036 episcopo,
1136 2929 1347 3036 insignum
1374 2928 1579 3034 spiritualis
1593 2928 1948 3034 juredictiones
1970 2931 2037 3037 qui
2063 2946 2336 3013 consueverunt

914 3061 952 3141 in
961 3061 1123 3168 synodis
1137 3059 1296 3167 persolvi
1314 3059 1496 3165 episcopo·
1509 3059 1828 3149 Claromontensi3
1844 3089 1919 3166 quo
1933 3061 2150 3166 omuiaipsi
2159 3059 2337 3166 patebant

913 3191 982 3267 sibi
1007 3190 1139 3280 reddi;
1164 3192 1342 3297 petebant
1369 3190 1486 3266 eciam
1512 3189 1583 3266 sibi
1608 3191 1754 3267 restitui
1778 3191 2139 3271 denariosdocorum
2158 3189 2335 3294 episeopo

913 3320 1212 3397 Claromontensi
1233 3337 1431 3426 consuetos
1450 3319 1605 3424 persolvi
1618 3380 1627 3411 ,
1641 3349 1710 3425 per
1721 3320 2132 3426 dictum-regaliotorem
2146 3333 2332 3424 receptos;

914 3451 1022 3538 item,
1042 3448 1216 3526 dicebant
1237 3449 1359 3555 quod,
1378 3477 1398 3524 a
1417 3467 1588 3554 tempore
1606 3478 1626 3525 a
1647 3478 1724 3556 quo
1745 3449 2179 3539 memorianuneristit,
2194 3449 2335 3554 episco-

913 3608 983 3684 pus
998 3578 1313 3657 Claromontensis
1327 3579 1519 3656 consuevit
1532 3579 1676 3657 solvere
1691 3582 1757 3656 uni
1777 3580 1925 3656 sacriste
1941 3578 2096 3657 ecclesie
2112 3578 2335 3656 Claromon—

911 3709 1026 3788 tensis
1045 3697 1185 3794 decena
1211 3707 1374 3786 sextaria.
1389 3709 1493 3787 bladi
1522 3726 1561 3785 et
1584 3710 1654 3787 tria
1684 3710 1811 3791 modia
1835 3710 1930 3799 vini,
1956 3727 1994 3786 et
2017 3709 2169 3800 dnobus
2192 3709 2336 3784 vicariis

911 3839 1207 3921 deservientibus
1222 3839 1259 3914 in
1276 3839 1429 3920 ecclesia
1445 3839 1764 3932 maromontem,
1780 3839 2251 3946 cuilibet‚e0rum.,-viginti
2258 3867 2336 3914 sen

909 3971 1001 4051 tatia
1021 3970 1146 4058 bladi;
1169 3995 1285 4076 quare
1306 3969 1484 4074 petebant
1510 3970 1689 4074 predictis
1707 3968 1852 4047 vicariis
1875 3969 2064 4048 debonis
2083 3969 2333 4074 episcopatus,

909 4118 1080 4206 tempore
1096 4100 1250 4207 regalie,
1272 4129 1339 4206 per
1352 4093 1612 4206 repudiatorem
1627 4101 1831 4206 perceptis,
1847 4098 2014 4206 predicta
2028 4098 2205 4206 persoird,
2217 4116 2336 4205 prout

911 4233 1090 4316 hactenus
1110 4231 1232 4310 fuerat
1255 4249 1502 4320 consuetum
1531 4231 1638 4322 item,
1666 4230 1841 4308 dicebant
1863 4232 1972 4337 qnod
1990 4232 2117 4337 bbrgo,
2141 4231 2334 4337 quondam

910 4363 1229 4442 Claronrontensis
1249 4363 1465 4469 episcopus,
1487 4361 1831 4468 acquisivitmensa
1846 4360 2130 4468 sueepiscopaii
2151 4362 2333 4440 decimam

911 4495 957 4580 de
979 4494 1122 4580 Jauzai,
1147 4521 1259 4598 supra
1283 4522 1398 4598 quant
1425 4493 1602 4573 fundavit.
1617 4521 1686 4570 seu
1710 4493 1905 4588 consumit
1923 4509 2096 4598 ,quantor
2122 4492 2271 4570 vicarias
2294 4492 2333 4568 in

911 4626 1064 4706 ecclesia
1073 4625 1391 4713 Clarotuontensi,
1404 4624 1616 4729 quamlibet
1626 4625 1675 4709 de
1685 4623 1815 4730 viginti
1824 4624 1992 4704 sextariis
2005 4622 2108 4728 bladi
2119 4622 2331 4710 annuatim

909 4775 962 4846 et,
975 4788 1060 4834 curn
1075 4755 1273 4863 regaliator
1287 4773 1413 4834 noster
1424 4754 1570 4835 [ructus
1580 4755 1747 4861 predicte
1761 4755 1907 4843 decime
1917 4749 2142 4861 percep'erit,
2158 4753 2334 4859 petebant

910 4886 1086 4964 debonis
1108 4886 1205 4967 dicte
1227 4887 1400 4978 decima,
1412 4902 1585 4992 tempore
1604 4885 1741 4991 ragalie
1767 4885 1968 4994 perceptis,
1991 4884 2102 4962 dictis
2122 4882 2266 4960 vicariis
2284 4883 2333 4960 de

909 5014 1021 5093 blado
1034 5015 1253 5122 hujusmodi
1270 5015 1459 5106 satisfieri,
1478 5035 1517 5093 et
1531 5015 1709 5121 predictis
1722 5017 1899 5123 episcopo
1911 5031 1950 5092 et
1963 5015 2127 5122 capitulo
2138 5014 2335 5092 residuum

909 5145 1006 5222 dicte
1022 5137 1167 5224 decime
1184 5147 1348 5240 restitni3
1366 5148 1474 5234 item,
1492 5148 1670 5252 petebant
1687 5147 1990 5226 emolumentum
1999 5146 2217 5254 sigissortnn
2230 5144 2336 5251 judi·

908 5275 959 5353 cis
980 5304 1125 5355 necnon
1153 5277 1337 5383 generalis
1356 5277 1538 5356 auditoris
1562 5279 1798 5384 episcopatus
1817 5277 2151 5368 Claromontensis,
2167 5274 2233 5380 qui
2253 5273 2333 5350 sola

907 5405 1089 5512 spirituali
1113 5407 1376 5514 jurisdictione
1398 5409 1436 5483 in
1458 5411 1646 5487 montanis
1670 5409 1884 5496 utebantur,
1905 5409 2011 5514 quod
2028 5408 2332 5490 emolumentum
