5817 7292
814 1070 817 1077 ’
916 1072 990 1147 606
1494 1070 1585 1145 LES
1611 1068 1750 1147 omit

691 1223 821 1277 aarum
832 1219 877 1285 IV·
914 1214 1045 1304 nostri,
1062 1230 1100 1292 et
1110 1240 1175 1292 eos
1191 1212 1296 1291 duxit
1310 1238 1378 1290 seu
1394 1213 1483 1293 duci
1495 1213 1584 1292 fecit
1603 1214 1642 1290 in
1660 1213 1878 1321 prisionem,
1891 1237 1962 1319 per
1979 1212 2085 1292 curie
2099 1222 2336 1328 nostrejudi-

752 1312 815 1355 ¹³¹⁰·
915 1346 1031 1434 uum,
1046 1344 1136 1422 aies
1157 1344 1287 1452 major,
1304 1343 1444 1423 scabini
1465 1361 1504 1422 a
1517 1343 1633 1452 juras
1654 1343 1702 1421 ue
1719 1341 1985 1451 cressangis
2004 1345 2043 1422 in
2060 1346 2273 1456 pungens
2286 1353 2336 1431 a·

913 1476 991 1555 bris
1008 1475 1295 1554 Turonensibus
1313 1475 1423 1553 nohis
1442 1491 1481 1553 et
1499 1475 1621 1552 dictus
1639 1472 1830 1566 Galterus,
1850 1472 2010 1554 bailivus
2028 1476 2079 1555 de
2099 1480 2336 1578 Bourbourc,

914 1610 955 1685 in
967 1624 1119 1686 centum
1135 1606 1241 1685 libris
1255 1604 1364 1684 dictis
1373 1606 1509 1713 juratis
1521 1622 1559 1683 et
1569 1604 1727 1683 scabinis
1740 1603 2106 1701 Sancti-Andomari,
2118 1638 2190 1718 pro
2202 1613 2337 1721 injuria

913 1738 984 1819 sibi
1003 1737 1116 1827 facta,
1138 1754 1177 1816 et
1196 1736 1233 1812 in
1254 1735 1359 1813 mille
1379 1734 1484 1815 libris
1497 1732 1786 1814 Turonensibus
1799 1736 1929 1826 uobis,
1949 1742 2198 1844 praemanda
2217 1770 2337 1823 exces-

914 1898 1025 1948 suum
1045 1868 1321 1977 pradictorum,
1342 1866 1606 1973 condempnati
1625 1863 1791 1943 buerunt.

970 2000 1133 2078 Sabbata
1152 2015 1238 2106 post
1255 1998 1538 2077 Penthecosten.
1565 2060 1572 2067 .

971 2130 1078 2210 Creci
1096 2130 1309 2239 reportavit.
1666 2134 1671 2137 ’
1794 2112 1798 2119 ’

972 2391 1129 2473 XCVIII.
1151 2390 1234 2467 Lite
1247 2406 1365 2478 mota,
1379 2389 1420 2465 in
1433 2389 1535 2466 curia
1548 2404 1690 2479 nostra,
1706 2388 1806 2465 inter
1818 2389 2002 2496 maJorem
2017 2406 2055 2467 et
2066 2390 2230 2471 scabinos
2241 2394 2332 2471 ville

917 2523 965 2601 de
984 2518 1270 2626 Graueiiugnes,
1290 2544 1333 2595 ex
1353 2534 1458 2624 parte
1476 2542 1569 2605 una,
1590 2534 1629 2595 et
1645 2518 1842 2626 majorem,
1864 2516 2036 2597 scabinos
2054 2537 2093 2597 et
2108 2519 2333 2601 habitatores

915 2651 1000 2729 ville
1022 2646 1387 2738 Sancti-Audomari,
1403 2674 1447 2725 ex
1460 2647 1594 2738 altera,
1609 2675 1723 2755 super
1734 2674 1781 2727 eo
1793 2648 1901 2756 quod
1914 2648 2004 2727 dicti
2018 2650 2140 2759 major
2147 2668 2187 2730 et
2198 2652 2335 2732 scabini

917 2782 964 2861 de
981 2780 1250 2887 Gravediugues
1265 2779 1442 2858 dicebant
1454 2807 1494 2859 se
1514 2804 1595 2859 esse
1610 2780 1649 2857 in
1664 2780 1798 2857 saisina
1816 2780 1989 2887 capiendi
2003 2798 2145 2860 certam
2163 2783 2340 2863 rediben-

916 2914 1012 2992 ciam
1032 2940 1100 2989 seu
1128 2928 1364 2990 constumam
1397 2938 1511 3018 super
1535 2908 1787 3021 burgensibus
1811 2910 1897 2989 ville
1923 2910 2275 2992 Sancti-Audomari
2301 2932 2340 2993 et
2478 2970 2483 2979 ·

916 3041 1235 3123 commorantibus
1249 3040 1290 3118 in
1306 3042 1405 3120 dicta
1417 3042 1524 3132 vilda,
1541 3058 1581 3119 et
1594 3068 1661 3120 eos
1677 3041 1861 3149 gagiandi,
1875 3043 1908 3120 si
1923 3042 2068 3121 mirere
2083 3044 2222 3123 dietam
2241 3044 2341 3123 redi·

916 3173 1088 3254 benaiam
1102 3201 1171 3251 seu
1184 3189 1392 3251 cosmmam
1409 3189 1642 3261 recusarent,
1657 3172 1808 3250 racione
1824 3200 1893 3249 seu
1904 3174 2095 3253 occasione
2114 3191 2338 3253 mercatura-

917 3332 1004 3383 rum
1019 3332 1172 3383 suarum
1190 3331 1283 3410 quas
1297 3302 1453 3395 faciunt,
1468 3303 1614 3381 ducunt
1626 3329 1694 3381 seu
1703 3304 1907 3394 reducunt,
1921 3304 2128 3412 suseipitmt
2138 3332 2206 3383 seu
2221 3304 2336 3411 depo-

919 3451 1017 3512 nunt
1027 3435 1068 3510 in
1082 3433 1181 3511 dicta
1192 3432 1280 3510 vilda
1293 3431 1342 3510 de
1355 3432 1638 3542 Gravelingnes,
1650 3434 1881 3513 transeundo
1893 3462 1960 3542 per
1977 3434 2152 3526 hereum,
2164 3452 2333 3542 portam,

919 3590 986 3643 seu
1006 3563 1190 3671 partitum
1212 3562 1310 3642 dicte
1329 3563 1436 3656 ville,
1454 3590 1524 3643 seu
1535 3564 1731 3672 paralium
1745 3565 2095 3670 iocum,permare,
2108 3592 2335 3673 peraquam,

919 3724 987 3775 seu
998 3724 1067 3806 per
1079 3712 1238 3785 terram,
1256 3712 1313 3787 et,
1334 3698 1442 3803 quia,
1460 3696 1720 3806 aquibusdam
1739 3697 1787 3775 de
1803 3696 2187 3789 Sancto-Audemus,
2201 3696 2340 3775 dictam

918 3826 1172 3907 redibenciam
1185 3848 1262 3905 'seu
1282 3843 1491 3906 costumam
1509 3827 1652 3906 solvere
1665 3826 1899 3918 nolentibus,
1917 3828 2022 3938 gagia
2041 3854 2110 3905 sca
2124 3828 2338 3934 pecuniam,

919 3958 1068 4035 racione
1094 3956 1192 4035 dicte
1213 3975 1398 4049 costuma,
1422 3977 1658 4066 acceperant,
1680 3986 1754 4066 que
1773 3958 1822 4037 ad
1841 3985 1997 4037 manum
2011 3975 2194 4048 nostram,
2215 3958 2264 4035 ad
2282 3986 2341 4037 re-

920 4104 1090 4195 questam
1113 4085 1270 4166 illorum
1296 4086 1344 4165 de
1368 4088 1756 4179 Sancto-Andomaro,
1782 4086 1934 4167 fuerant
1956 4087 2144 4198 apposita,
2163 4088 2341 4195 petebant

919 4244 1075 4297 manum
1091 4236 1256 4296 nostram
1270 4246 1290 4294 a
1303 4216 1412 4296 dictis
1427 4219 1544 4328 gagiis
1560 4246 1628 4298 seu
1642 4220 1801 4327 pecunia
1813 4220 1994 4309 amoveri,
2013 4236 2052 4296 et
2065 4246 2110 4298 ea
2124 4219 2195 4297 sibi
2211 4218 2340 4306 reddi,

921 4374 1061 4458 eosque
1086 4348 1205 4427 teneri
1233 4364 1273 4427 et
1298 4349 1433 4427 servari
1464 4350 1504 4427 iu
1532 4377 1598 4429 sua
1627 4350 1761 4429 saisina
1792 4350 2029 4459 supradicta3
2058 4366 2163 4458 parte
2191 4349 2341 4427 adversa

921 4480 1149 4559 mntrarium
1166 4496 1353 4557 asserente
1369 4496 1408 4558 et
1421 4481 1469 4558 ad
1485 4481 1559 4559 hoc
1569 4482 1698 4587 plures
1710 4482 1895 4572 raciones,
1911 4499 1990 4560 tam
2004 4469 2052 4558 de
2062 4482 2150 4592 jure
2164 4507 2278 4589 quam
2294 4478 2341 4557 de

920 4609 1037 4701 facto,
1064 4626 1298 4718 proponente
1326 4644 1334 4689 ε
1365 4612 1451 4691 Visa
1476 4612 1593 4720 igitur
1621 4612 1796 4721 inquesta
1816 4639 1929 4721 super
1957 4614 2052 4702 boc,
2080 4611 2129 4689 de
2165 4610 2340 4688 mandato

918 4757 1069 4829 nostro,
1089 4737 1182 4819 faeta
1209 4756 1246 4817 et
1266 4740 1467 4851 diligenter
1495 4743 1718 4835 examinata,
1741 4745 1844 4850 qaria,
1866 4770 1934 4851 par
1955 4741 2095 4820 dictam
2115 4743 2340 4849 inquestam,

921 4888 1065 4950 constat
1083 4872 1263 4981 majorem
1280 4890 1318 4952 et
1337 4873 1509 4953 scabinos
1523 4874 1571 4953 de
1586 4873 1957 4953 Sancto-Audemus
1970 4873 2223 4952 intencionem
2233 4898 2344 4948 saram

919 5002 1097 5110 probasse
1125 5004 1262 5083 melius
1290 5033 1404 5112 quam
1431 5022 1577 5114 partem
1601 5006 1793 5085 adversam
1813 5006 1855 5084 in
1873 5005 2075 5115 predictis,
2104 5004 2248 5081 dictum
2269 5000 2346 5080 fnit

920 5162 988 5242 per
1008 5136 1110 5213 curie
1131 5154 1257 5215 nostre
1270 5136 1476 5253 judicium,
1488 5136 1593 5244 quod
1611 5137 1843 5217 habitatores
1857 5153 1895 5216 et
1910 5151 2186 5216 commorantes
2202 5135 2241 5211 in
2256 5130 2345 5210 vilia

920 5264 1272 5345 Sancti-audomari
1299 5283 1338 5343 et
1360 5267 1400 5342 in
1420 5270 1690 5347 communitate
1710 5266 1917 5347 dinteville
1937 5266 2188 5345 remanebunt
2208 5266 2248 5342 iu
2272 5264 2350 5341 sai·

921 5398 1000 5473 sina
1015 5396 1182 5473 ducendi
1193 5413 1233 5474 et
1240 5397 1447 5475 reducendi
1457 5415 1683 5478 mercaturas
1695 5428 1780 5478 suas
1791 5428 1860 5506 per
1870 5398 1997 5476 viliam
2012 5400 2061 5477 de
2075 5396 2349 5502 Gravelingnes
