5817 7292
1047 1115 1317 1222 enounrus
1344 1133 1405 1204 er
1432 1117 1639 1208 procus.
1981 1137 2054 1210 sss

528 1365 533 1372 ¹
633 1273 1210 1381 molendinnipsius,destruxit,
1229 1275 1356 1352 vineas
1369 1273 1449 1383 ejus
1466 1289 1504 1351 et
1520 1275 1674 1352 arbores
1694 1275 1905 1382 extirpavit,
1927 1293 2055 1355 contra
2094 1283 2223 1342 numm
2236 1285 2280 1349 tv,

632 1405 938 1514 prohibicionem
947 1405 1125 1514 gencium
1134 1423 1363 1499 nostmum,
1376 1433 1532 1514 manum
1543 1423 1709 1483 nostram
1719 1406 1918 1483 temerarie
1929 1405 2056 1484 infrin·
2155 1378 2218 1422 Μ’

633 1537 778 1646 gendo:
795 1538 986 1627 Tandem,
997 1537 1187 1646 inqueste,
1203 1567 1317 1644 super
1327 1540 1400 1618 hoc
1413 1539 1462 1615 de
1477 1537 1654 1622 mandato
1664 1554 1794 1616 nostro
1805 1536 1915 1627 saeta,
1932 1538 2007 1616 vise
2019 1555 2058 1616 et

633 1669 836 1778 diligenter
853 1670 1076 1759 examinem,
1093 1672 1184 1778 quio
1201 1671 1396 1748 inventum
1412 1688 1470 1748 est
1483 1670 1626 1748 dictum
1640 1669 1848 1749 Geraldum
1859 1728 1868 1758 ,
1881 1697 1968 1746 eum
1980 1670 2058 1746 suis

633 1800 898 1907 complicibus,
914 1800 1036 1878 dictos
1050 1829 1221 1880 excessus
1232 1820 1483 1910 perpetrasse,
1499 1820 1537 1881 et
1547 1801 1664 1880 eciem
1674 1801 1817 1880 dietum
1828 1797 2059 1878 maleficium

634 1932 826 2020 advossse,
842 1930 965 2008 dictus
974 1929 1161 2010 Gerddus
1174 1933 1286 2012 nobis
1298 1933 1339 2010 in
1352 1931 1458 2010 mille
1474 1933 1581 2010 tibris
1592 1930 1878 2010 Turonensibue
1888 1995 1896 2024 ‚
1908 1931 2058 2008 racione

634 2061 823 2140 dictorum
840 2089 1077 2151 excessuum,
1095 2080 1133 2140 et
1144 2063 1243 2142 dicte
1256 2065 1436 2172 Felquete
1452 2065 1492 2140 in
1508 2063 1657 2141 duobus
1675 2063 1846 2145 millibus
1859 2063 2058 2141 Turonen-

633 2192 756 2282 sibus,
769 2220 838 2298 pro
851 2191 1041 2299 dampnis,
1055 2193 1264 2301 deperditis
1278 2212 1318 2272 et
1326 2194 1475 2302 injuriis
1489 2196 1529 2272 in
1540 2195 1759 2303 hujusmodi
1771 2195 1843 2272 sibi
1857 2191 1977 2285 sectis,
1991 2221 2059 2300 per

632 2322 737 2400 curie
755 2339 884 2400 nostre
899 2323 1106 2431 judicium,
1124 2325 1249 2404 extitit
1266 2327 1577 2432 condempnatus.

688 2455 737 2531 Et
758 2453 1001 2533 mandabitur
1019 2455 1158 2535 ballivo
1176 2457 1401 2537 Bituricensi
1418 2457 1526 2564 quod
1546 2451 1593 2533 de
1613 2455 1858 2565 complicibus
1875 2457 2055 2564 inquirat,

633 2585 772 2662 vocetis
786 2585 970 2691 partibus,
986 2615 1101 2696 snper
1113 2587 1214 2666 fanto
1225 2589 1407 2693 predicto,
1423 2605 1463 2665 et
1474 2589 1688 2692 inquestnm
1703 2588 1868 2664 remittet
1880 2587 1927 2664 ed
1941 2585 2058 2663 finem

633 2715 781 2792 civilem
791 2716 1049 2822 judimndnm.
1322 2719 1329 2726 ’

691 2844 821 2923 Martis
833 2846 1013 2952 predicte.

690 2975 865 3054 Boeellus
878 2979 1090 3084 reportavit.

691 3107 878 3186 Dominus
899 3110 977 3184 Res
995 3124 1140 3213 postea,
1165 3109 1213 3185 de
1233 3108 1334 3184 dicte
1353 3106 1514 3184 emenda
1534 3135 1599 3184 sua
1619 3105 1724 3184 misse
1746 3105 1927 3186 librarum
1940 3109 2060 3188 Ture

635 3237 812 3316 nensium
830 3238 905 3316 sibi
927 3236 1155 3344 adjudicate,
1180 3238 1339 3344 quitavit
1363 3237 1488 3315 eidem
1514 3237 1648 3326 militi,
1675 3238 1724 3314 de
1744 3239 1865 3345 grecia
1887 3239 2057 3345 speciali,

635 3367 893 3456 medietatem,
918 3386 971 3458 et,
994 3369 1042 3446 de
1062 3367 1133 3446 alin
1150 3367 1370 3456 medietate,
1388 3369 1496 3445 dedit
1517 3367 1641 3444 eidem
1662 3383 1876 3475 respectum
1897 3395 1964 3474 per
1983 3385 2061 3446 ter-

635 3498 782 3590 minos,
804 3498 978 3576 videlicet
1000 3499 1107 3606 qnod
1128 3500 1174 3576 de
1198 3499 1252 3576 eis
1279 3498 1398 3576 solvat
1420 3514 1573 3577 centum
1596 3515 1636 3576 et
1655 3497 1926 3606 quinquaginta
1948 3497 2061 3576 libras

636 3628 683 3706 ad
700 3630 908 3737 proximam
925 3629 1189 3720 Candelosam,
1206 3647 1244 3707 et
1264 3630 1313 3706 ed
1331 3647 1554 3738 sequentem
1576 3629 1825 3709 Candelosam
1848 3647 2001 3708 eentum
2025 3645 2062 3706 et

637 3762 906 3868 qninquaginta
934 3760 1064 3853 libras,
1085 3777 1123 3837 et
1147 3760 1316 3837 residuas
1339 3760 1519 3838 ducentes
1541 3758 1655 3837 libres
1675 3760 1722 3838 ed
1745 3759 1856 3837 sliam
1876 3759 2062 3838 Candelo-

637 3920 716 3970 sam
734 3892 1045 4000 subsequentem.

694 4155 788 4233 XIV.
806 4155 1023 4232 Judicntum
1034 4153 1172 4231 sectum
1185 4155 1284 4232 inter
1293 4152 1491 4233 dominnm
1501 4153 1549 4232 de
1560 4151 1784 4243 Mira-Bello,
1799 4179 1843 4230 ex
1856 4169 2060 4260 nnaperte,

639 4304 678 4364 et
697 4286 882 4364 decenum
905 4302 942 4362 et
960 4284 1166 4391 ospimlum
1188 4301 1226 4362 et
1240 4286 1475 4391 prepositum
1497 4281 1544 4361 de
1567 4279 1737 4362 Bledolio
1753 4281 1908 4361 ecclesie
1922 4283 2064 4362 Sancti·

639 4415 790 4494 Martini
809 4416 1062 4505 Turonensis,
1075 4443 1119 4494 ex
1136 4415 1272 4508 nitere,
1293 4443 1407 4524 snper
1423 4415 1496 4493 alte
1513 4415 1663 4522 justicia
1682 4432 1721 4492 et
1735 4414 1806 4492 alte
1823 4415 1944 4492 vnerie
1962 4430 2062 4492 terre

639 4547 945 4641 Sancti-Martini,
962 4548 1002 4624 in
1016 4548 1252 4656 prepositure
1264 4547 1313 4625 de
1331 4548 1521 4640 Bladofio,
1539 4575 1627 4624 enm
1644 4547 1725 4656 ejus
1743 4547 2003 4654 suspensione,
2019 4575 2063 4624 ex

639 4705 748 4757 censa
770 4677 865 4756 seete
881 4707 1003 4786 nsque
1023 4679 1071 4757 od
1091 4678 1324 4786 subsequens
1348 4679 1642 4789 pedamentum,
1665 4694 1722 4757 est
1741 4678 1780 4755 in
1801 4676 1929 4757 rotulo
1949 4677 2063 4787 hujus

639 4807 872 4916 pennae.

696 5071 774 5150 XV.
802 5073 892 5150 Duo
906 5072 1184 5182 jodiosteisets
1200 5093 1332 5154 eontm
1351 5075 1571 5154 {tithonum
1588 5075 1639 5152 de
1651 5073 1836 5162 Calenam,
1854 5097 1969 5180 super
1980 5073 2065 5180 qoi-

639 5199 803 5280 bmdnm
822 5203 994 5282 mundis
1005 5205 1251 5312 peonnisriis,
1265 5231 1352 5284 cnm
1366 5231 1500 5285 eornm
1517 5205 1772 5297 revocncione,
1788 5229 1832 5282 ex
1844 5221 1944 5282 eertn
1953 5226 2064 5280 oense

639 5330 753 5420 sedo,
773 5353 960 5441 qnnntnm
983 5337 1032 5415 ad
1052 5336 1250 5420 dominum
1270 5339 1411 5447 Regem
1430 5337 1699 5417 tantummodo
1718 5337 1897 5443 pertinet,
1918 5347 2005 5412 sunt
2024 5333 2061 5407 in

641 5463 770 5542 rotulo
780 5466 895 5574 hujus
910 5467 1147 5573 pafflmuo.

1885 5615 1933 5677 36.
