5817 7292
918 1054 992 1125 608
1503 1050 1593 1123 Las
1618 1050 1759 1124 OLlM.
1869 1090 1874 1099 ·

694 1215 823 1266 aarum
835 1208 878 1273 tv.
916 1220 985 1299 pro
1004 1220 1043 1270 se
1063 1220 1175 1299 quam
1194 1220 1264 1299 pro
1284 1192 1393 1269 nobis
1411 1190 1569 1269 traditos
1585 1190 1698 1269 fuisse
1717 1216 1842 1267 coram
1862 1186 1972 1265 dictis
1985 1189 2232 1283 auditoribus,
2247 1214 2340 1274 etse

754 1304 816 1345 ¹³¹⁰'
917 1324 962 1401 ad
979 1322 1215 1431 probandum
1232 1351 1296 1401 eos
1308 1321 1500 1411 obtulisse,
1522 1321 1741 1427 ipsumque,
1758 1319 2000 1396 demandato
2017 1337 2163 1410 nostro,
2179 1352 2246 1429 pro
2258 1354 2340 1405 oer-

917 1455 965 1530 tis
984 1454 1120 1531 nostris
1137 1453 1312 1562 negociis,
1327 1482 1367 1531 se
1380 1452 1427 1529 ad
1439 1466 1565 1560 partes
1579 1450 1669 1528 alias
1681 1449 2105 1539 transtulisse-testibus
2116 1480 2233 1561 super
2248 1457 2338 1541 boc,

918 1613 986 1690 pro
994 1585 1081 1691 jure
1095 1600 1223 1701 nostpo
1239 1599 1278 1661 et
1289 1611 1370 1671 suo,
1386 1612 1454 1689 per
1473 1610 1560 1659 eum
1575 1608 1653 1659 non
1669 1580 1877 1687 productis,
1892 1579 2039 1659 dictum
2050 1580 2139 1674 fuit,
2151 1611 2221 1691 per
2238 1586 2339 1665 idem

912 1714 1117 1821 judicium,
1134 1713 1239 1822 quod
1254 1713 1352 1791 dicta
1364 1740 1498 1790 manus
1511 1728 1639 1790 nostra
1651 1712 1690 1787 in
1707 1710 1807 1790 dicto
1822 1728 1986 1789 ressorto
2001 1711 2050 1789 de
2065 1701 2206 1793 Usellis
2220 1717 2340 1823 posita

918 1844 1140 1936 remanebit,
1154 1844 1250 1921 sicut
1259 1844 1362 1951 prius
1378 1857 1472 1933 erat,
1488 1860 1526 1920 et
1541 1842 1645 1950 quod
1660 1842 1900 1949 probationes
1913 1841 2004 1920 dicti
2021 1844 2169 1934 militis,
2187 1874 2255 1953 pro
2270 1874 2339 1924 suo

919 1994 957 2053 et
971 1976 1213 2083 jurenostro,
1233 2003 1345 2082 super
1359 1975 1433 2053 hoc
1452 1973 1694 2080 recipientur,
1714 1973 1825 2051 dictis
1842 2001 2020 2082 processu
2035 1992 2074 2053 et
2090 1979 2340 2057 attestacioni-

917 2105 990 2182 bus
1008 2106 1162 2183 testium
1180 2123 1397 2184 nostrorum
1420 2122 1458 2182 et
1472 2102 1562 2181 dicti
1578 2102 1686 2182 ducis
1705 2132 1818 2211 super
1836 2102 1938 2181 dicto
1954 2122 2118 2183 ressorto
2135 2107 2182 2185 de
2199 2107 2336 2185 Uxellis

919 2236 1056 2315 habitis
1077 2236 1115 2314 in
1136 2254 1234 2315 statu
1261 2238 1299 2313 in
1321 2263 1397 2344 quo
1417 2252 1507 2313 sunt
1524 2234 1678 2313 interim
1697 2236 1980 2314 remanentibus
2003 2249 2043 2313 at
2058 2264 2126 2343 pro
2144 2256 2247 2344 parte
2264 2268 2335 2346 pro

918 2395 992 2475 qua
1009 2366 1132 2445 valere
1151 2367 1347 2446 debebunt
1371 2367 1410 2444 in
1434 2365 1625 2443 decisione
1646 2364 1747 2445 dicte
1769 2392 1878 2443 cause
1898 2365 2084 2453 valituris,
2102 2383 2140 2445 et
2151 2386 2335 2475 quantum

918 2497 965 2573 ad
981 2498 1055 2576 hoc
1069 2496 1309 2575 renovabitur
1320 2494 1552 2573 commissio.

977 2627 1138 2705 Sabbato
1153 2642 1239 2732 post
1255 2626 1541 2703 Panthecosten.

975 2757 1137 2863 Mangon
1156 2754 1369 2861 reportarit.

974 3026 1017 3104 C.
1048 3026 1145 3103 Cum
1174 3051 1242 3102 nos
1266 3023 1411 3102 dudum
1438 3023 1577 3102 dilecto
1599 3041 1637 3101 et
1660 3023 1765 3101 lideli
1792 3040 1921 3102 nostro
1939 3025 2004 3113 lt,
2024 3040 2117 3100 tunc
2135 3023 2223 3102 duci
2245 3026 2343 3103 Bur-

919 3155 1073 3261 gundie,
1093 3154 1328 3233 cambellano
1348 3155 1521 3245 Francia,
1541 3154 1725 3262 quioquid
1743 3154 1974 3232 habebamus
1991 3170 2029 3231 et
2046 3154 2186 3233 babere
2199 3172 2343 3260 potera-

919 3312 1246 3393 musquacumque
1260 3288 1408 3365 racione
1418 3286 1477 3363 vel
1490 3313 1615 3377 causa,
1627 3285 1668 3361 in
1677 3284 1764 3363 villa
1774 3283 1821 3363 de
1832 3284 2009 3363 Coulcbis
2019 3300 2057 3361 et
2066 3284 2150 3392 ejus
2156 3283 2341 3390 pertinen·

920 3414 1001 3502 ciis,
1016 3442 1103 3490 cum
1119 3415 1337 3497 omnimoda
1354 3413 1426 3491 alta
1442 3431 1481 3494 et
1497 3416 1603 3493 bassa
1614 3415 1781 3523 justicia,
1799 3415 2055 3501 donassemus,
2072 3430 2111 3489 et
2126 3410 2340 3523 specialiter

918 3544 1073 3653 gardam
1096 3544 1232 3652 prioris
1255 3562 1294 3624 et
1322 3546 1509 3654 prioratus
1530 3545 1630 3623 dicte
1653 3544 1758 3638 ville,
1783 3543 1937 3623 retentis
1956 3542 2066 3621 nobis
2089 3542 2130 3619 in
2158 3541 2339 3649 predictis

919 3672 1032 3754 feodo
1045 3693 1082 3753 et
1094 3693 1257 3755 ressorto
1271 3694 1310 3755 et
1320 3676 1420 3756 salvo
1428 3677 1515 3785 jure
1530 3676 1704 3785 quolibet
1716 3676 1856 3765 alieno,
1868 3675 1965 3752 sicut
1979 3674 2018 3749 in
2030 3673 2169 3751 nostris
2184 3672 2338 3761 litteris,

919 3832 1032 3914 super
1054 3806 1126 3884 boc
1143 3804 1336 3899 confectis,
1358 3806 1507 3915 plenius
1525 3808 1751 3899 continetur,
1769 3803 1991 3885 bominibus
2006 3802 2105 3881 dicte
2121 3802 2209 3879 ville
2228 3824 2343 3909 super

918 3935 991 4017 hoc
1009 3953 1137 4045 postea
1157 3966 1196 4017 se
1215 3938 1497 4045 opponentibus
1515 3954 1555 4015 et
1574 3937 1786 4017 dicentibus
1805 3936 1942 4015 dictam
1969 3931 2236 4021 donacionem,
2256 3959 2342 4008 cum

919 4070 959 4143 in
980 4095 1129 4157 eorum,
1145 4085 1189 4145 ut
1204 4068 1434 4157 asserebant,
1452 4066 1546 4146 facta
1560 4084 1659 4147 esset
1671 4066 1940 4176 prejudicium,
1958 4091 2037 4144 non
2052 4062 2190 4155 valere,
2204 4090 2273 4170 pro
2293 4090 2340 4139 eo

920 4198 1025 4305 quod
1043 4197 1171 4277 inclite
1191 4198 1466 4278 recordacionis
1485 4199 1699 4277 carissimus
1718 4199 1867 4306 genitor
1886 4213 2016 4275 noster
2036 4193 2247 4301 Philippus,
2268 4192 2342 4271 Dei

919 4326 1039 4435 gracia
1066 4330 1293 4407 Francorum
1320 4358 1402 4420 rex,
1434 4357 1515 4419 eos,
1542 4329 1613 4409 sub
1639 4346 1743 4407 certo
1764 4346 1913 4419 tenore,
1940 4326 1980 4405 in
2002 4326 2080 4403 suis
2099 4324 2227 4434 garda,
2256 4350 2342 4430 pm-

919 4459 1080 4539 tectione
1101 4478 1139 4537 et
1152 4460 1379 4539 salvamento
1394 4478 1623 4568 susceperat,
1646 4460 1758 4538 certis
1775 4489 1818 4537 ac
1835 4457 2030 4567 perpetuis
2048 4453 2262 4533 redditibus
2279 4481 2342 4531 su·

920 4617 987 4695 per
1007 4588 1127 4669 dictos
1146 4591 1321 4671 homines
1340 4590 1413 4669 sibi
1430 4592 1642 4700 assignatis,
1665 4607 1719 4681 et,
1735 4607 1891 4699 propter
1904 4590 1994 4677 boc,
2012 4587 2137 4667 eidem
2154 4584 2340 4663 solvendis

921 4721 967 4801 ab
986 4722 1203 4801 bominibus
1222 4723 1400 4830 predictis
1419 4740 1459 4801 et
1478 4749 1611 4802 eorum
1630 4722 1922 4811 successoribus,
1944 4736 2043 4799 certa
2063 4718 2146 4811 die,
2166 4718 2238 4795 boc
2256 4731 2339 4793 acto

921 4852 1140 4961 specialiter,
1163 4853 1203 4929 in
1222 4854 1463 4961 suscepcione
1480 4854 1670 4961 predicta,
1687 4852 1794 4960 quod
1812 4851 1947 4959 garda,
1967 4849 2153 4957 protectio
2167 4863 2204 4925 et
2223 4844 2341 4923 salva-

921 5001 1092 5061 mentum
1108 4984 1292 5090 predicta,
1314 4982 1361 5062 ab
1382 4985 1517 5064 eodem
1535 4985 1612 5065 subl
1629 4985 1731 5063 dicto
1747 5000 1880 5063 tenore
1899 4996 2085 5087 suscepta,
2105 5002 2346 5085 nequaquam

923 5131 1024 5191 extra
1039 5114 1191 5191 manum
1213 5115 1354 5223 regiam
1374 5116 1464 5222 poni
1485 5110 1653 5223 possent,
1669 5114 1738 5194 sed
1757 5114 1796 5191 in
1816 5114 1951 5192 eadem
1964 5138 2079 5191 mann
2099 5109 2201 5217 regia
2214 5132 2346 5213 perpe·

921 5264 988 5326 tuo
1005 5261 1257 5337 remanerent,
1278 5244 1372 5323 duce
1390 5246 1577 5353 predicto,
1597 5245 1726 5324 multis
1748 5244 1976 5331 nacionibus,
1998 5238 2227 5318 contrarium
2247 5263 2347 5314 asse-

923 5392 1103 5466 rente,et
1123 5376 1270 5454 dicente
1285 5374 1476 5484 justiciam
1491 5405 1566 5483 que
1586 5378 1635 5455 ad
1648 5405 1737 5466 nos,
1751 5404 1799 5454 ex
1812 5373 2020 5453 donacione
2039 5370 2185 5449 abbatis
2201 5384 2241 5445 et
2254 5394 2349 5443 con-
