5817 7292
1045 1084 1316 1193 ruouurns
1342 1104 1406 1176 nr
1433 1086 1643 1179 esoces.
1987 1113 2054 1182 127

631 1246 712 1338 tril,
733 1244 919 1324 caucionis
940 1245 1077 1337 nostri,
1104 1272 1145 1321 ac
1164 1243 1332 1352 magistri
1353 1243 1610 1351 garnisionum
1630 1264 1844 1324 nostrarum
1861 1278 1931 1355 per
1950 1278 2058 1327 enm·
2096 1266 2226 1320 rmum
2239 1268 2283 1329 tt,

631 1379 719 1457 dem
739 1376 877 1456 ballivo
898 1374 1165 1455 Silvanectcusi
1186 1375 1344 1469 directa,
1367 1393 1405 1453 et
1424 1377 1640 1453 continente
1655 1377 1762 1485 quod
1778 1379 1856 1485 ipse
1869 1382 2058 1485 porcellos
2158 1360 2221 1401 Μ’

632 1526 783 1587 nostros
798 1508 837 1585 in
860 1508 959 1585 dicta
977 1506 1149 1613 paissona
1162 1522 1255 1585 tunc
1274 1505 1364 1613 poni
1385 1506 1539 1598 laceret,
1559 1535 1639 1584 non
1659 1507 1830 1585 obstante
1850 1512 1951 1615 quod
1975 1538 2058 1591 eam

631 1640 877 1729 vendidisset,
900 1657 938 1717 et
957 1639 1061 1745 quod
1077 1638 1155 1744 ipse
1175 1637 1397 1727 Gaufridus,
1419 1639 1629 1717 secundum
1649 1668 1855 1717 numerum
1870 1640 2059 1720 dictorum

632 1799 851 1879 porcorum,
883 1769 1091 1876 computari
1111 1768 1250 1847 faceret
1275 1770 1437 1877 emptori
1455 1797 1636 1877 payssone
1659 1770 1844 1877 predicte,
1866 1800 1934 1877 per
1953 1774 2056 1851 curie

631 1921 757 1982 nostre
780 1901 985 2010 judicium,
1013 1900 1155 1977 dictum
1181 1900 1255 1978 luit
1278 1900 1383 2007 quod
1407 1930 1478 1979 nos
1502 1901 1627 1979 eidem
1651 1901 1836 1992 Roberto,
1857 1932 1927 2009 pro
1949 1904 2059 1983 dictis

631 2034 803 2141 dampnis
822 2032 916 2123 suis,
937 2048 1092 2111 centum
1113 2050 1151 2109 ct
1170 2032 1358 2139 octoginta
1376 2032 1492 2111 libras
1510 2034 1735 2111 Parisienses
1753 2035 1970 2114 reddemus.

687 2166 787 2243 lovis
804 2181 890 2269 post
911 2162 1059 2240 octabas
1077 2162 1302 2270 Epiphanie.

684 2300 716 2374 J.
738 2296 785 2373 de
806 2294 1060 2404 Montiguieco
1078 2294 1168 2372 fecit
1187 2322 1270 2373 eam
1286 2294 1461 2404 judicari,
1484 2313 1522 2374 et
1538 2294 1612 2376 fuit
1630 2326 1797 2404 presens.

684 2559 810 2639 XVIII.
840 2558 941 2638 Cum
960 2558 1060 2634 inter
1078 2557 1284 2665 Symonem
1304 2558 1417 2635 Poart
1436 2575 1474 2635 et
1491 2560 1573 2665 ejus
1589 2586 1764 2647 uxorem,
1785 2587 1826 2635 sc
1845 2558 2056 2637 Johanneru

629 2688 758 2767 Floret
786 2707 824 2767 et
852 2690 1006 2767 Mariam
1034 2690 1115 2797 ejus
1141 2717 1329 2778 sororem,
1365 2688 1506 2766 liberos
1538 2688 1705 2765 defuncti
1732 2689 1881 2767 Martini
1909 2690 2055 2777 Floret,

629 2836 807 2927 tunquam
827 2818 1125 2927 garandisatores
1144 2818 1234 2895 dicti
1254 2819 1446 2925 Symonis,
1469 2845 1514 2895 cx
1532 2846 1608 2895 una
1626 2836 1748 2925 parte,
1769 2835 1809 2895 et
1832 2818 2055 2896 Michaelem

629 2950 822 3028 Tire-Lire
847 2967 886 3028 et
909 2949 990 3057 ejus
1008 2977 1183 3038 uxorem,
1205 2976 1250 3026 ex
1269 2947 1400 3037 altera,
1422 2964 1504 3025 orta
1522 2946 1657 3025 suimet
1673 2947 1829 3027 materia
1848 2948 2057 3055 questionis

629 3108 743 3189 super
751 3081 838 3189 jure
852 3080 1093 3187 proprietatis
1109 3096 1146 3157 et
1166 3078 1326 3158 dominii
1345 3078 1541 3186 cujusdam
1558 3077 1712 3169 domus,
1730 3079 1801 3157 site
1819 3078 1996 3169 Parisios,
2016 3082 2056 3156 in

629 3211 846 3319 Compellis,
873 3239 1010 3318 propre
1034 3210 1196 3302 sontem,
1222 3211 1324 3287 inter
1344 3210 1503 3287 domum
1527 3210 1719 3316 quondam
1745 3210 1898 3287 Boberti
1920 3210 2056 3290 Seche-

628 3344 764 3450 Espec,
783 3358 1048 3449 erumpente,
1066 3357 1104 3416 et
1119 3338 1276 3417 domum
1293 3338 1487 3445 quondam
1506 3338 1660 3417 Roberti
1680 3339 1926 3445 Carpentarii,
1945 3370 1989 3419 ex
2004 3342 2057 3418 el-

627 3490 723 3563 tera,
746 3472 853 3580 cnjus
872 3472 1009 3551 domus
1028 3470 1163 3549 saisina
1181 3468 1292 3547 dictis
1316 3467 1490 3549 Michaeli
1518 3486 1557 3547 et
1580 3470 1662 3577 ejus
1686 3469 1793 3548 uxori
1819 3498 1888 3576 per
1913 3473 2054 3549 curiam

628 3604 818 3683 Castelleti
837 3602 1054 3683 Parisiensis
1072 3630 1196 3708 nuper
1214 3599 1337 3678 fuerat
1356 3599 1590 3708 adjudicata;
1612 3599 1780 3708 dictique
1794 3601 1952 3708 Symon,
1975 3604 2056 3711 ejus

630 3764 723 3813 uxor
750 3752 788 3812 et
812 3734 922 3812 liberi
947 3731 1169 3840 supradicti,
1199 3748 1453 3839 proponentes
1471 3732 1536 3839 jus
1569 3732 1808 3838 proprietatis
1832 3750 1870 3809 et
1893 3733 2054 3812 dominii

613 3864 727 3939 dicte
760 3863 897 3942 domus
926 3864 973 3941 ad
1002 3862 1217 3969 predictum
1247 3860 1452 3968 Symonem
1481 3860 1686 3967 pertinere,
1712 3878 1886 3967 peterent
1916 3862 2054 3941 dictam

630 3992 786 4069 domum
813 3992 938 4071 eidem
964 3992 1120 4099 Symoni
1147 3990 1370 4100 adjudicari,
1395 4008 1434 4068 et
1457 3990 1646 4098 predictos
1672 3990 1895 4069 Michaelem
1916 4010 1955 4070 et
1973 3994 2055 4101 ejus

630 4150 785 4201 uxorem
815 4123 862 4200 ad
892 4123 1161 4201 dimittendum
1188 4138 1228 4199 et
1255 4120 1549 4199 deliberandum
1577 4120 1703 4197 eidem
1732 4120 1888 4227 Symoni
1916 4122 2054 4199 dictam

631 4254 789 4331 domum
813 4252 1089 4331 sentencialiter
1113 4251 1400 4360 condempnari3
1423 4269 1463 4328 et
1481 4278 1526 4328 ex
1543 4249 1699 4328 adverso
1723 4249 1812 4327 dicti
1837 4251 1997 4330 Michacl
2017 4272 2055 4329 et

630 4384 711 4491 ejus
729 4412 824 4461 uxor
841 4398 1099 4491 proponentes
1118 4384 1166 4459 ad
1185 4383 1306 4491 ipsos,
1327 4409 1405 4458 non
1424 4382 1473 4459 ad
1494 4379 1639 4459 dictum
1659 4381 1881 4488 Symonem,
1894 4380 1959 4489 jus
1971 4390 2056 4488 pro'

629 4513 797 4621 prietatis
816 4530 854 4591 et
873 4513 1034 4591 dominii
1055 4513 1191 4591 domus
1210 4512 1431 4621 hujusmodi
1450 4513 1657 4620 pertinere,
1673 4528 1847 4620 peterent
1860 4540 1899 4589 se
1914 4511 2052 4590 absolvi

629 4670 650 4720 a
669 4645 848 4751 predictis
872 4661 1000 4723 contra
1026 4670 1067 4721 se
1092 4644 1235 4751 petitis,
1263 4662 1300 4723 et
1324 4643 1394 4723 sibi
1414 4642 1620 4752 adjudicari
1644 4642 1803 4722 domum
1824 4643 2051 4749 predictam:

629 4774 816 4864 Tandem,
843 4775 909 4854 lite
939 4802 1053 4882 super
1076 4774 1150 4852 hiis
1181 4775 1365 4884 legittime
1395 4790 1615 4864 contestata,
1642 4772 1855 4880 auditisque
1884 4774 2051 4881 parcium

629 4905 841 4983 racionibus
861 4906 948 4984 binc
973 4922 1011 4983 et
1030 4904 1137 4995 inde,
1157 4906 1319 5014 visisque
1339 4905 1475 4983 litteris
1495 4921 1533 4983 et
1552 4903 1730 5014 judicatis
1758 4932 1872 5010 snper
1891 4904 1965 4982 hoc
1990 4934 2052 4981 ex·

629 5034 773 5127 bibitis,
800 5066 843 5116 ac
866 5038 1038 5145 inquesta
1062 5056 1101 5116 et
1123 5037 1361 5145 processibus
1392 5064 1506 5143 super
1536 5036 1608 5114 biis
1638 5035 1761 5126 factis,
1798 5034 2052 5143 omnibusque

628 5166 697 5257 rite
716 5168 823 5257 actis,
845 5186 886 5247 et
902 5168 1077 5247 concluso
1096 5198 1117 5245 a
1135 5167 1306 5277 partibus
1325 5170 1366 5245 in
1385 5196 1495 5245 causa
1512 5166 1697 5275 predicta,
1719 5194 1787 5274 per
1805 5166 1909 5243 curie
1923 5183 2051 5244 nostre

624 5298 829 5405 judicium,
846 5299 989 5378 dictum
1009 5298 1080 5376 suit
1094 5316 1133 5377 et
1150 5299 1441 5406 pronunciatum
1459 5298 1650 5405 predictos
1670 5296 1894 5375 Michaelem
1912 5312 1953 5372 et
1969 5297 2051 5401 ejus

628 5454 782 5507 uxorem
800 5430 1054 5509 intencionem
1081 5457 1189 5509 suam
1212 5456 1327 5537 super
1351 5428 1531 5538 predictis
1556 5426 1786 5507 sufficienter
1812 5425 2046 5533 probavisse,
