5817 7292
871 1120 946 1196 tet
1455 1117 1546 1189 Lus
1576 1115 1716 1190 OLIM.

648 1285 778 1337 Parum
789 1280 833 1341 1v,
925 1264 1019 1345 XVI.
1050 1263 1164 1350 Cum,
1184 1260 1224 1336 in
1242 1287 1353 1336 causa
1370 1275 1473 1336 mota
1493 1287 1617 1336 coram
1634 1258 1825 1365 preposito
1847 1256 2170 1366 Sancti-Meglorii
2190 1263 2296 1340 Pari·

709 1373 771 1415 ¹³⁰⁸'
871 1395 1003 1474 siensis
1022 1395 1121 1470 inter
1137 1389 1385 1471 Guillelrnum
1406 1391 1456 1501 de
1476 1391 1757 1477 Parvo-Ponte,
1772 1389 1998 1468 vGeraudum
2013 1389 2226 1469 Theobaldi
2242 1394 2292 1472 de

872 1525 1086 1615 Floreucia,
1103 1549 1148 1602 ex
1162 1551 1237 1599 una
1252 1539 1374 1629 parte,
1388 1537 1427 1598 et
1440 1519 1690 1614 Guillelmum
1706 1520 1956 1626 Chapiausae,
1975 1549 2018 1597 ex
2035 1520 2169 1612 altera,
2183 1551 2296 1631 super

872 1657 1007 1740 saisina
1026 1653 1259 1761 percipiendi
1278 1652 1584 1759 quadragintaet
1599 1667 1683 1728 octo
1700 1650 1840 1730 solidos
1856 1651 1973 1728 annui
1988 1653 2163 1730 redditus
2183 1681 2297 1761 super

873 1788 990 1864 domo
1002 1785 1204 1865 Clementis
1212 1784 1249 1861 le
1260 1785 1410 1874 Farner,
1421 1783 1546 1860 dictus
1559 1783 1786 1888 prepositus,
1800 1811 1868 1889 per
1877 1812 1990 1860 suum
1995 1783 2202 1890 judicium,
2217 1814 2299 1891 pro·

873 1919 1088 1997 nunciasset
1107 1915 1251 1993 dictum
1270 1915 1502 2021 Chapiausac
1523 1913 1563 1990 iu
1582 1913 1717 1990 saisina
1731 1914 1900 2020 predicta
1919 1941 2115 1992 remanere
2136 1916 2296 2009 debere,

873 2049 972 2127 salva
983 2076 1097 2154 super
1115 2048 1189 2126 hoc
1201 2047 1298 2154 parti
1310 2047 1463 2124 adverse
1476 2045 1715 2151 proprietatis
1729 2046 1944 2152 questione,
1963 2062 2000 2122 et
2015 2045 2061 2122 eb
2076 2046 2297 2153 hujusmodi

869 2180 1055 2289 judicato,
1075 2196 1271 2284 tamquam
1289 2177 1384 2256 falso
1403 2190 1442 2255 et
1460 2203 1591 2283 pravo,
1615 2175 1711 2252 dieta
1730 2203 1831 2282 pars,
1852 2205 1929 2284 que
1948 2195 2076 2254 contra
2094 2203 2133 2256 se
2154 2178 2296 2254 dictum

870 2311 1082 2418 judicatum
1102 2310 1302 2398 habuerat,
1321 2309 1368 2385 ad
1387 2306 1622 2414 prepositum
1633 2307 1880 2386 Parisiensem
1900 2307 2140 2413 appellasset,
2158 2307 2297 2386 dictus-

876 2471 951 2550 que
964 2441 1176 2549 prepositus
1184 2440 1411 2529 Parisiensis,
1424 2440 1465 2515 in
1476 2467 1584 2516 eausa
1595 2439 1693 2516 dicte
1704 2437 1971 2545 appellaciouis
1985 2438 2207 2544 procedens,
2219 2468 2298 2546 pre-

877 2573 1020 2650 dictum
1028 2571 1241 2678 judicatum
1258 2570 1535 2662 confirmasset;
1551 2570 1724 2660 tandem,
1745 2597 1764 2646 a
1783 2569 1873 2646 dicti
1889 2570 2066 2678 prepositi
2082 2569 2299 2648 Parisiensis
2379 2618 2380 2621 =

871 2703 1039 2808 judicato
1067 2701 1287 2809 hujusmodi
1312 2699 1615 2788 confirmatorio,
1637 2717 1831 2806 tamquam
1855 2702 1948 2780 lalso
1970 2718 2007 2780 et
2023 2729 2155 2808 pravo,
2178 2702 2300 2778 dictus

875 2831 1104 2914 Guillelmus
1116 2832 1163 2907 de
1177 2832 1424 2907 Parvo-Ponte
1437 2831 1485 2907 ad
1502 2847 1668 2908 nostram
1682 2831 1825 2908 curiam
1840 2833 2062 2939 appellavit:
2078 2832 2227 2910 Auditis
2238 2831 2302 2939 igi-

876 2982 948 3052 tur,
969 2963 1009 3038 in
1030 2989 1139 3038 causa
1158 2960 1257 3039 dicte
1281 2961 1564 3067 appellationis,
1585 2962 1762 3067 predictis
1778 2963 1947 3068 partibus
1967 2981 2005 3041 et
2020 2963 2108 3041 visis
2124 2963 2303 3070 processi-

877 3095 950 3172 bus
965 3092 1181 3184 antedictis,
1197 3119 1267 3198 per
1285 3094 1387 3170 curie
1404 3110 1530 3170 nostre
1544 3093 1750 3199 judicium,
1770 3093 1915 3172 dictum
1930 3093 2001 3172 fuit
2014 3093 2204 3202 predictos
2218 3121 2302 3200 pre-

782 3270 787 3285 «
878 3225 1020 3332 positos
1035 3221 1134 3299 bene
1150 3222 1338 3327 judicasse
1359 3240 1397 3300 et
1418 3223 1561 3300 dictum
1584 3222 1837 3302 Guillelmum
1858 3225 1904 3302 de
1921 3227 2182 3303 Parvo-Ponte
2202 3222 2299 3300 male

880 3351 1101 3461 appellasse,
1122 3371 1161 3430 et
1179 3353 1284 3460 quod
1303 3353 1383 3460 ipse
1403 3354 1478 3430 boc
1501 3353 1729 3434 emendabit.

935 3483 1111 3565 Mercurii
1125 3502 1211 3591 post
1227 3484 1486 3564 Candelosam.

937 3614 1095 3696 Cuillier
1110 3617 1324 3723 reportarit.

934 3880 1042 3959 XVII.
1064 3879 1161 3957 Cum
1175 3896 1275 3956 mota
1289 3877 1420 3956 luisset
1434 3906 1543 3956 causa
1558 3907 1683 3956 coram
1697 3879 1887 3986 preposito
1902 3879 2094 3958 Parisiensi
2104 3942 2113 3971 ,
2125 3881 2225 3958 iuter
2234 3880 2305 3958 An·

880 4010 1044 4088 selmum
1063 4009 1110 4087 do
1131 4010 1327 4098 Hocherii,
1341 4010 1496 4086 nomine
1515 4011 1700 4104 Jobaune,
1718 4012 1846 4089 uxoris
1866 4040 1951 4104 sue,
1968 4042 2012 4090 ex
2032 4040 2107 4088 una
2125 4029 2246 4118 parte,
2267 4030 2305 4090 et

881 4141 1101 4249 magistrum
1120 4143 1288 4220 Yvonem
1304 4141 1530 4231 de·Herbet,
1548 4159 1740 4249 gerentem
1760 4171 1799 4220 se
1819 4171 1888 4248 pro
1909 4159 2077 4220 curatore
2093 4142 2180 4220 dato
2194 4143 2305 4221 bonis

880 4273 1014 4350 Hervei
1040 4273 1089 4350 de
1108 4273 1471 4362 Sancto-Renuncio,
1492 4291 1584 4351 tunc
1603 4275 1788 4366 absentis,
1813 4302 1858 4350 ex
1876 4273 2012 4363 altera,
2034 4302 2147 4380 super
2171 4273 2304 4352 saisina

879 4405 1133 4510 quorumdam
1155 4405 1344 4490 bonorum
1372 4405 1627 4484 immobilium
1650 4433 1724 4512 que
1748 4403 1903 4483 suerunt
1928 4404 2104 4483 defuncte
2129 4401 2301 4497 Aveline,

882 4534 1073 4642 quondam
1093 4533 1172 4616 lilie
1184 4535 1292 4615 ,dicte
1311 4536 1502 4625 Jobaune,
1521 4553 1559 4612 et
1576 4564 1690 4642 super
1708 4535 1893 4614 fructibus
1907 4555 1945 4616 et
1958 4536 2120 4616 exitibus
2138 4563 2181 4612 ex
2196 4536 2304 4613 dictis

879 4665 991 4747 bonis
1008 4695 1076 4773 per
1092 4664 1236 4743 dictum
1253 4665 1475 4746 Anselmum
1491 4669 1694 4774 perceptis,
1714 4686 1766 4759 ot,
1789 4667 1829 4744 in
1850 4697 1958 4746 causa
1972 4666 2206 4776 hujusmodi,
2226 4667 2303 4743 dic·

880 4814 941 4874 tus
957 4797 1170 4905 prepositus
1184 4797 1391 4905 procedens
1405 4797 1617 4907 judicatum
1638 4828 1751 4877 suum
1764 4799 1913 4877 tulisset
1924 4827 1993 4907 pro
2010 4799 2110 4876 dicto
2126 4799 2304 4906 magistro

880 4929 1007 5004 Yvone
1038 4946 1166 5005 contra
1193 4927 1414 5006 Anselmum
1437 4929 1670 5035 predictum,
1692 4948 1729 5008 et
1749 4959 1769 5006 a
1789 4928 1890 5008 dicto
1907 4930 2093 5039 judicato,
2113 4947 2306 5038 tamquam

880 5055 973 5134 salso
989 5073 1172 5175 etpravo,
1189 5057 1528 5146 dictusllnselmus
1542 5062 1587 5139 ad
1604 5079 1771 5142 nostram
1787 5061 1932 5138 curiam
1946 5061 2191 5168 appellasset:
2209 5061 2307 5139 Tan-

883 5186 991 5277 dem,
1011 5187 1052 5264 in
1077 5217 1184 5267 causa
1205 5189 1304 5268 dicte
1323 5190 1587 5297 appellacionis
1603 5193 1741 5271 auditis
1762 5191 1932 5299 partibus
1957 5208 1996 5270 et
2013 5193 2102 5271 visis
2121 5193 2304 5298 prooessi-

881 5315 956 5394 bus
969 5318 1184 5408 antedictis,
1199 5349 1266 5425 per
1280 5320 1383 5399 curie
1397 5339 1522 5401 nostre
1531 5323 1737 5432 judicium,
1749 5323 1900 5401 dictum
1911 5323 1983 5400 fuit
1994 5323 2206 5429 predictum
2219 5347 2305 5426 pre·

881 5448 1046 5554 positum
1073 5448 1171 5526 male
1192 5448 1396 5556 judicasse,
1418 5469 1457 5529 et
1481 5453 1622 5530 dictum
1648 5453 1869 5532 Anselmum
1895 5452 1994 5532 bene
2018 5451 2240 5560 appellasse,
2269 5467 2306 5529 et
