5817 7292
1047 1110 1314 1220 uuousrns
1339 1112 1635 1205 arenosus.
1977 1135 2051 1206 sis

634 1278 710 1363 cio,
727 1291 873 1352 retenta
887 1272 1003 1351 irrisae
1018 1301 1087 1381 per
1102 1274 1305 1380 Symonem
1320 1271 1570 1360 Ense-Teste,
1592 1269 1769 1359 militem,
1788 1272 1980 1378 qnondam
1996 1303 2054 1352 se-
2089 1285 2219 1338 rmum
2232 1285 2275 1346 W.

536 1485 544 1502 ,
634 1405 839 1484 nescallum
855 1403 1096 1491 Carcassone,
1117 1402 1243 1479 minus
1260 1402 1363 1509 juste
1382 1403 1479 1480 etin
1498 1400 1751 1508 prejudicium
1771 1400 1859 1481 dicti
1878 1403 2055 1482 Almarri-
2152 1377 2214 1419 '³⁰⁸'

635 1538 730 1628 neti,
747 1537 795 1614 ad
815 1551 982 1613 nostram
1003 1533 1144 1633 curiam
1166 1549 1366 1640 asportata,
1383 1533 1458 1610 visa
1474 1549 1512 1610 et
1530 1531 1729 1639 diligenter
1748 1533 1967 1626 examinata,
1988 1564 2056 1642 per

635 1667 740 1746 curie
752 1684 880 1744 nostre
888 1665 1093 1773 judicium,
1108 1664 1253 1742 dictum
1265 1664 1338 1742 fuit
1350 1664 1449 1744 dicta
1462 1681 1580 1742 castra
1590 1663 1692 1740 licite
1705 1662 1821 1740 luisse
1834 1693 1902 1772 per
1913 1665 2054 1744 dictum

635 1796 879 1876 senescallum
891 1813 1038 1873 retenta
1045 1821 1118 1900 pro
1131 1793 1257 1883 nobis,
1270 1811 1309 1872 et
1317 1795 1438 1902 quod,
1449 1796 1616 1901 inspecta
1625 1768 1835 1900 specialiler
1843 1797 1961 1902 patrie
1974 1825 2057 1874 oon·

635 1928 852 2015 suetudine,
867 1926 965 2003 dicta
975 1943 1092 2003 castra
1105 1942 1299 2031 tamquam
1313 1943 1439 2004 nostra
1448 1926 1551 2032 juste
1565 1953 1766 2031 possumus
1775 1924 2054 2034 imperpetuum

634 2059 814 2148 retinere,
828 2055 1019 2133 mediante
1030 2055 1159 2161 precio
1173 2083 1242 2161 pro
1257 2053 1368 2132 nobis
1376 2084 1449 2161 per
1461 2055 1606 2160 dictum
1617 2055 1863 2134 senescallum
1876 2056 1965 2134 inde
1976 2087 2057 2164 per-

528 2215 534 2224 ·
634 2187 760 2265 soluto
774 2188 816 2264 in
829 2185 991 2292 pecnnia
1008 2201 1205 2262 numerata
1220 2183 1378 2263 domino
1397 2184 1602 2264 Beruando
1616 2185 1816 2278 Bochardi,
1834 2188 1898 2293 qui
1916 2208 2057 2267 emerat

634 2318 733 2395 dicta
749 2333 882 2409 castra,
898 2315 998 2393 salvo
1016 2333 1145 2392 tamen
1157 2315 1245 2422 jure
1266 2315 1357 2392 dicti
1376 2315 1616 2394 Almarrineti
1640 2316 1679 2397 in
1698 2315 1871 2395 ducentis
1891 2335 1929 2395 et
1947 2322 2058 2426 quin·

633 2448 811 2554 quaginta
823 2446 932 2524 libris
948 2446 1140 2525 bonomm
1154 2447 1450 2534 Turonensium,
1468 2475 1537 2554 pro
1556 2446 1709 2525 residuo
1729 2449 1844 2555 precii
1866 2448 2055 2528 dictorum

634 2596 862 2669 castrorum,
892 2575 998 2683 quod
1023 2575 1221 2653 residuum
1249 2576 1373 2654 dictus
1404 2575 1630 2654 senescallus
1657 2577 1782 2654 eidem
1805 2576 2055 2658 Almarrirreto

634 2735 828 2813 nunquam
845 2706 1039 2814 persolvit,
1058 2705 1148 2782 licet
1163 2705 1236 2782 hoc
1249 2705 1322 2782 sibi
1342 2705 1584 2810 promisisset.

691 2837 856 2915 Sabbato
870 2852 957 2942 post
975 2834 1238 2914 Reminiscere.

690 2968 742 3044 Μ.
758 2970 801 3045 L.
815 2966 863 3046 de
875 2965 1006 3074 Voyssi
1018 2965 1229 3072 reportavit.

690 3230 813 3309 LVlll.
844 3228 944 3306 Cum
962 3228 1122 3306 ballivus
1141 3228 1433 3334 Andegsvensis,
1449 3231 1603 3306 nomine
1617 3231 1763 3309 domini
1784 3233 1926 3322 Karoli,
1942 3235 2057 3314 comi-

632 3363 680 3439 tis
695 3359 987 3469 Andegaveusis‚
1003 3387 1170 3436 asserens
1185 3358 1327 3436 dictum
1341 3359 1520 3438 comitem
1537 3377 1575 3437 et
1588 3361 1668 3468 ejus
1683 3362 1964 3468 predecessores
1977 3393 2055 3443 esse

634 3510 671 3569 et
688 3491 819 3581 fuisse,
840 3508 1034 3597 tamquam
1057 3489 1288 3597 superiores,
1306 3489 1346 3566 in
1365 3489 1498 3568 saisina
1511 3490 1729 3597 justiciandi
1747 3522 1808 3572 res
1828 3511 1866 3572 et
1885 3496 2058 3573 homines

632 3623 798 3732 magistri
818 3639 858 3699 et
876 3621 1032 3700 fratrum
1053 3621 1256 3728 Hospitalis
1275 3620 1603 3701 Sancti-iohannis
1621 3622 1912 3702 ierosolimitani
1937 3625 1977 3703 in
1997 3655 2054 3702 co·

633 3755 768 3832 mitatu
781 3753 1054 3862 Andegavensi,
1071 3780 1217 3829 necnon
1232 3768 1271 3828 et
1283 3753 1452 3830 habendi
1465 3769 1672 3830 ressortum
1688 3772 1727 3830 et
1738 3754 1891 3860 gardam
1909 3783 2058 3832 eorum·

634 3881 741 3972 dem,
762 3899 909 3989 peteret
931 3909 1086 3958 manum
1115 3898 1300 3970 nostram,
1321 3898 1513 3987 tamqnam
1539 3882 1761 3987 superioris,
1783 3882 1991 3987 appositam
2018 3886 2057 3960 iu

634 4012 749 4089 rebus
767 4039 861 4117 quas
881 4011 1023 4088 habent
1044 4028 1084 4088 et
1096 4026 1231 4089 tenent
1248 4010 1338 4087 dicti
1360 4010 1492 4088 fratres
1511 4010 1551 4086 in
1566 4009 1666 4087 dicto
1682 4009 1878 4099 comitatu,
1896 4017 2059 4091 amoveri

632 4143 685 4222 ita
696 4143 803 4249 quod
817 4143 897 4250 ipse
912 4171 1038 4221 comes
1055 4143 1174 4249 possit
1194 4142 1349 4251 gardare
1369 4161 1408 4220 et
1422 4142 1648 4249 expletum,
1668 4159 1859 4248 tamquam
1873 4145 2054 4248 superior,

634 4276 674 4350 in
694 4273 901 4381 premissis,
923 4291 1164 4380 procuratore
1189 4273 1379 4352 dictorum
1400 4272 1665 4380 religiosorum
1686 4274 1725 4350 in
1746 4273 1969 4350 contrarium
1993 4303 2059 4381 pe·

632 4423 737 4482 tente
759 4405 934 4483 homines
948 4431 1052 4493 suos,
1066 4404 1167 4482 bona
1180 4432 1247 4481 sna
1266 4421 1305 4482 et
1324 4404 1522 4482 hominum
1539 4431 1697 4482 suorum
1717 4421 1838 4512 capta,
1851 4402 1969 4482 levata
1987 4433 2056 4484 ssu

634 4535 815 4642 impedita
833 4534 873 4610 in
895 4533 996 4611 dicto
1015 4532 1195 4610 comitatu
1213 4562 1283 4640 per
1295 4532 1473 4612 comitem
1487 4532 1701 4639 predictum
1721 4563 1788 4612 seu
1807 4534 1888 4643 ejus
1908 4552 2053 4644 gentes,
2189 4559 2198 4582 “

634 4666 778 4774 quiete,
792 4664 912 4743 libere
932 4681 970 4742 et
985 4663 1128 4770 ‘absque
1143 4664 1415 4770 impedimento
1428 4662 1500 4742 sibi
1515 4663 1662 4742 restitui
1677 4691 1745 4771 per
1759 4692 1847 4753 nos,
1864 4681 2055 4772 tamquam

633 4797 870 4904 superiorem
884 4812 924 4873 et
940 4794 1192 4902 gardiatorem
1211 4822 1366 4874 eorum:
1380 4795 1467 4874 Visa
1484 4794 1657 4901 inquesta
1671 4774 1785 4901 snper
1799 4795 1873 4872 hoc
1885 4794 1935 4872 de
1953 4823 2056 4872 man-

635 4927 721 5040 dato
737 4928 841 5006 curie
860 4943 987 5006 nostre
1004 4926 1115 5014 facta,
1129 4952 1200 5033 per
1213 4926 1316 5004 curie
1335 4942 1462 5004 nostre
1477 4924 1682 5032 judicium,
1701 4925 1844 5004 dictum
1859 4923 1932 5007 fuit
1950 4925 2056 5032 quod

636 5058 734 5138 dicta
751 5059 941 5165 inquesta‚
967 5074 1123 5165 propter
1141 5057 1290 5164 aliquos
1309 5056 1478 5134 deiectus
1497 5056 1537 5134 in
1554 5084 1598 5134 ea
1616 5071 1800 5163 repertos,
1815 5065 1854 5133 et
1867 5055 1955 5162 quiq
1969 5055 2055 5134 nul-

634 5188 696 5266 lus
711 5188 920 5296 comparuit
934 5187 977 5265 in
990 5217 1034 5265 ea
1051 5216 1120 5296 pro
1135 5188 1293 5269 domino
1308 5190 1408 5295 Rege
1422 5185 1609 5278 defensor,
1625 5215 1703 5266 non
1710 5186 1954 5294 judicabitur,
1968 5186 2051 5272 sed,

635 5320 772 5396 vocatis
786 5316 983 5399 defensore
996 5318 1142 5397 domini
1155 5318 1268 5425 Regis
1284 5335 1322 5396 et
1338 5315 1422 5396 aliis
1436 5317 1648 5404 evocandis,
1666 5317 1714 5395 de
1731 5345 1827 5396 novo
1842 5314 2055 5422 inquiretur

637 5473 751 5552 snper
769 5448 958 5554 predictis.

723 5619 776 5661 tas
798 5620 883 5662 ostar.
908 5623 952 5662 ιιι.
1889 5599 1928 5662 io
