5817 7292
847 1135 891 1208 rs
1418 1137 1510 1209 nus
1546 1116 1688 1210 ortu.

610 1284 740 1418 mliii
760 1285 803 1350 IV.
842 1293 887 1353 et¹
906 1275 1235 1368 Lomberdellum,
1263 1276 1468 1356 servientes
1493 1277 1801 1367 Meledunenses,
1832 1275 1975 1355 dictum
2000 1292 2059 1356 est
2080 1281 2184 1384 quod
2205 1263 2265 1360 isti

843 1407 920 1484 suis
939 1407 1102 1486 serviciis
1121 1408 1326 1515 priventur.

899 1539 1093 1632 Quantum
1114 1539 1357 1645 adllgidium
1378 1538 1413 1616 le
1433 1538 1568 1631 Grant,
1584 1539 1796 1617 lohannem
1811 1540 1847 1617 la
1861 1540 2003 1631 Vaobe,
2020 1539 2287 1649 llegiualdum‘

843 1669 1020 1757 Faiutart,
1042 1671 1252 1747 Johanuem
1273 1671 1406 1746 Lescot
1419 1688 1457 1746 et
1471 1670 1688 1746 llicherium
1704 1671 1752 1747 de
1768 1670 2054 1762 Petra-Galteri,
2075 1687 2268 1752 tenentem

842 1798 966 1878 locum
988 1798 1167 1905 prepositi
1183 1798 1231 1874 de
1251 1797 1468 1888 Chasdelle,
1492 1798 1633 1875 dictum
1652 1797 1723 1877 luit
1743 1801 1847 1908 quod
1866 1800 1925 1879 isti
1939 1831 2075 1908 penam
2094 1805 2270 1910 pecunia-

841 1930 934 2006 riam
963 1929 1217 2016 sustiuebunt,
1248 1943 1285 2002 et
1313 1927 1418 2033 quod
1446 1927 1605 2006 ballivus
1627 1931 1853 2009 Senoneusis
1876 1931 2042 2039 inquirat
2068 1951 2105 2011 et
2132 1935 2268 2014 relerat

841 2060 1004 2136 valorem
1033 2058 1080 2136 de
1112 2055 1350 2136 facultatibus
1385 2087 1517 2136 eorum
1547 2070 1620 2165 pro'
1646 2060 1805 2138 emenda
1834 2061 1977 2140 cercius
2009 2079 2138 2142 contra
2166 2065 2267 2170 ipsos

840 2190 1009 2267 taxanda.

896 2322 953 2400 De
971 2322 1082 2398 Petro
1102 2317 1278 2398 Conversi
1298 2318 1415 2398 nichil
1435 2318 1507 2397 luit
1526 2319 1686 2414 dictum,
1708 2319 1798 2430 quia
1814 2349 1947 2428 parum
1967 2321 2136 2431 deliquit.

896 2453 952 2530 De
972 2449 1376 2542 GuillelmoMouacbi,
1394 2449 1667 2530 iuventumest
1683 2452 1724 2528 in
1738 2454 1909 2560 itiquesta
1925 2455 2030 2561 quod
2044 2454 2123 2561 ipse
2135 2482 2265 2532 emen-

843 2584 957 2673 davit,
988 2611 1112 2660 coram
1138 2580 1387 2671 auditoribus,
1413 2583 1457 2660 id
1482 2580 1657 2661 videlicet
1682 2585 1789 2690 quod
1818 2583 1898 2691 ipse
1927 2583 2163 2664 dectrectavit
2189 2603 2265 2666 tres

698 2727 701 2734 '
840 2714 989 2792 modios
1001 2712 1103 2791 bladi
1116 2727 1313 2790 arrestatos
1324 2741 1393 2818 pru
1406 2712 1687 2793 municionibus
1702 2713 1855 2806 nostris,
1868 2733 1921 2806 et,
1934 2735 2088 2823 propter
2097 2714 2187 2805 hoc,
2201 2717 2267 2792 ha·

840 2844 925 2922 buit
946 2845 1022 2920 duo
1050 2843 1205 2921 sexteria
1229 2842 1416 2949 pisorum3
1441 2843 1582 2922 dictum
1607 2843 1681 2922 fuit
1709 2845 1815 2951 quod
1839 2846 1909 2924 iste
1931 2845 2181 2952 pecuniariter
2202 2875 2269 2953 pu·

841 2977 976 3065 niatur,
1000 2991 1037 3052 et
1056 2975 1160 3081 quod
1179 2975 1316 3054 sciatur
1334 2977 1467 3054 veritas
1489 2977 1537 3054 de
1556 2976 1679 3055 valore
1698 2977 1890 3056 bonorum
1909 3005 2077 3056 suorum.

897 3107 1065 3213 lnjuucte
1083 3105 1156 3182 fuit
1172 3106 1309 3184 ballivo
1330 3106 1540 3185 Senonensi
1567 3107 1741 3185 erecucio
1767 3109 1850 3216 ejus
1861 3106 2038 3215 judicati,
2061 3123 2098 3185 et
2116 3135 2269 3214 precep-

841 3257 921 3316 tum
944 3237 1069 3315 eidem
1093 3235 1226 3314 ballivo
1253 3238 1358 3343 quod
1383 3253 1515 3314 contra
1539 3235 1726 3342 predictos
1753 3225 1958 3344 Symonem
1980 3254 2018 3314 et
2042 3238 2266 3328 Robertum,

841 3367 930 3474 ipsis
950 3367 1100 3455 vocatis,
1130 3366 1295 3472 inquirat
1313 3396 1427 3475 super
1446 3369 1519 3445 hoc
1539 3384 1576 3443 et
1594 3365 1748 3455 referat,
1769 3383 1813 3444 ut
1831 3369 1862 3445 si
1889 3368 1960 3478 ipsi
1980 3368 2021 3443 in
2045 3367 2264 3475 hujusmodi

841 3499 1098 3604 deliquerunt,
1120 3497 1372 3603 pecuniariter
1390 3498 1606 3604 puniantur.

897 3761 1005 3838 XXX.
1038 3761 1135 3840 Cum
1156 3758 1374 3869 Radulphus
1395 3760 1443 3838 de
1464 3757 1690 3854 Meullento,
1712 3757 1835 3849 miles,
1855 3755 2079 3837 obtinuisset
2102 3755 2264 3837 litteram

843 3919 863 3966 a
883 3893 982 3999 Rege
1001 3891 1105 3998 quod
1125 3892 1164 3969 in
1184 3893 1270 3970 villa
1288 3921 1354 3970 sua
1372 3893 1420 3970 de
1440 3891 1864 3998 Buieressupradllare,
1888 3889 2037 3969 ballivie
2057 3889 2268 3968 Cadomen·

842 4023 908 4110 sis,
937 4022 983 4100 de
1005 4051 1100 4101 novo
1120 4022 1241 4101 lacere
1266 4039 1392 4131 posset
1410 4040 1619 4102 mercatum
1638 4052 1713 4102 una
1732 4019 1795 4100 dic
1815 4023 1854 4099 in
1874 4019 2096 4130 septimana,
2119 4022 2149 4098 si
2171 4039 2269 4102 esset

841 4153 980 4230 utilitas
999 4152 1110 4261 Regis
1134 4170 1169 4230 et
1195 4155 1330 4260 patrie;
1353 4173 1391 4233 et
1409 4184 1523 4261 super
1541 4155 1615 4232 hoc
1635 4182 1675 4232 se
1694 4171 1904 4260 opponeret
1922 4153 2049 4232 eidem
2068 4153 2267 4260 liudulpho

841 4284 1076 4391 Radulphus,
1092 4285 1268 4364 dominus
1281 4287 1330 4366 de
1343 4287 1527 4376 Croeslio,
1544 4283 1674 4365 miles:
1692 4286 1881 4377 Tandem,
1900 4285 2041 4365 auditis
2051 4285 2266 4365 nacionibus

839 4413 1006 4516 parcium
1027 4415 1117 4490 hinc
1136 4433 1174 4490 et
1192 4418 1281 4494 inde
1303 4436 1340 4496 et
1357 4418 1431 4497 visa
1448 4418 1720 4497 informacione
1740 4445 1854 4526 super
1872 4419 1946 4498 hoc
1963 4419 2058 4497 lacta
2074 4447 2143 4525 per
2159 4416 2267 4495 balli·

839 4572 928 4619 vum
959 4541 1188 4648 predictum,
1220 4575 1289 4650 per
1310 4548 1497 4652 judicium
1527 4550 1649 4642 curie,
1670 4550 1817 4628 dictum
1842 4551 1932 4644 suit,
1957 4549 2044 4658 quia
2069 4547 2142 4626 hoc
2168 4561 2265 4624 esset

840 4674 1047 4780 dampnum
1065 4674 1175 4780 Regis
1192 4691 1227 4752 et
1238 4676 1373 4782 patrie,
1388 4680 1494 4784 quod
1508 4680 1587 4786 ipse
1600 4711 1676 4761 non
1694 4681 1804 4760 saciet
1820 4696 2027 4759 mercamm
2038 4675 2260 4783 predictum.

896 4937 1021 5015 XXXI.
1053 4937 1150 5018 Cum
1170 4939 1268 5018 inter
1291 4940 1471 5020 ballivum
1499 4940 1830 5030 silvanectensem,
1859 4966 1929 5045 pro
1956 4932 2082 5026 nobis,
2113 4962 2172 5014 ex.
2187 4960 2262 5014 una

839 5085 959 5174 parte,
990 5087 1027 5148 et
1046 5069 1228 5151 decanum
1256 5089 1293 5151 ct
1321 5073 1527 5182 capitulum
1555 5074 1710 5152 ecclesie
1739 5067 2040 5161 silvanectensis,
2062 5096 2107 5148 ex
2130 5067 2260 5159 altera,

840 5201 1037 5281 contencio
1056 5221 1263 5282 verteretur
1282 5233 1394 5310 super
1412 5233 1459 5282 eo
1480 5205 1586 5313 quod
1600 5201 1691 5281 dicti
1707 5201 1872 5280 decanus
1891 5215 1930 5279 et
1941 5199 2147 5307 capitulum
2165 5227 2263 5276 asse-

839 5332 972 5409 rebant
999 5361 1039 5410 se
1068 5363 1148 5410 esse
1181 5349 1218 5408 et
1244 5332 1357 5410 luisse
1383 5332 1422 5410 in
1451 5334 1590 5414 saisim
1613 5330 1734 5411 tocius
1759 5329 1868 5409 basse
1891 5330 2042 5440 justicie
2067 5326 2261 5437 hospitum

839 5489 1009 5552 suorum,
1026 5461 1346 5540 commorandum
1359 5463 1398 5540 iu
1412 5463 1495 5542 villa
1508 5465 1555 5541 de
1568 5462 1758 5549 Verrium,
1779 5478 1873 5540 etse
1886 5461 2047 5540 dnnom
2059 5461 2261 5569 impeditos
