5817 7292
851 1128 898 1207 in
1321 1121 1324 1128 ’
1432 1132 1523 1207 LES
1552 1131 1691 1210 oum.

626 1280 757 1338 ⁹¹¹¹&
769 1279 813 1344 tt,
849 1274 959 1356 sione
975 1302 1094 1382 quem
1110 1272 1149 1358 in
1167 1273 1412 1382 proprietate,
1427 1273 1618 1382 peticione
1628 1283 1711 1366 sira,
1727 1274 1759 1354 ai
1772 1274 2088 1384 superdictommr
2102 1275 2273 1360 iocorum

844 1405 998 1512 justicie
1014 1404 1203 1488 valuerint
1221 1404 1394 1512 experiri.
1430 1501 1434 1516 Ι
1535 1447 1539 1452 ·
1610 1445 1627 1457 ’·

859 1603 881 1614 ,.
906 1539 1013 1616 hune
1030 1553 1119 1645 post
1136 1534 1544 1630 Sanetumuindream,
1566 1565 1695 1618 mense
1713 1535 1945 1618 Decembris.
2163 1615 2168 1622 ,
2211 1625 2217 1632 ,

904 1670 997 1772 (Hic
1017 1667 1261 1746 debetecribi
1277 1667 1548 1775 jardieatumil’.
1570 1666 1625 1746 de
1639 1667 1837 1761 Buechner
1859 1665 2073 1773 poeniteri,¹
2094 1672 2201 1779 quod
2217 1667 2276 1752 est

850 1799 891 1878 in
909 1798 1128 1905 precedenti
1146 1797 1411 1906 prgmajitius
1424 1796 1570 1901 soliil..)
1682 1837 1686 1845 ’

683 1374 752 1418 Μ.

865 2073 872 2110 ²
903 2061 962 2140 IV.
993 2059 1094 2138 Cum
1112 2057 1276 2143 dilectus
1293 2075 1336 2137 et
1350 2056 1480 2139 fidelis
1490 2075 1619 2140 noster
1633 2058 1831 2170 episcopus
1844 2060 2127 2147 Cathalmensis
2140 2092 2273 2171 quam·

848 2191 937 2270 dam
957 2191 1170 2298 inquest'nm
1188 2188 1590 2277 seurinfiormac'ionem
1613 2190 1664 2270 ad
1676 2191 1765 2300 'ejus
1782 2193 2002 2273 instanciam
2024 2194 2072 2272 de
2093 2195 2271 2272 mandato

849 2339 977 2402 nostro
997 2321 1160 2410 ¹suetam,
1191 2339 1234 2398 nt
1257 2320 1419 2413 dicebat,
1445 2350 1513 2428 per
1541 2319 1722 2400 ballivum
1745 2322 1894 2403 Vitrinci
1917 2322 1981 2401 vei·
2002 2322 2199 2430 deputatos
2223 2324 2270 2400 ab

849 2454 1065 2560 ipro-super
1085 2451 1436 2546 menibumrortuis‚
1459 2477 1552 2559 qnos
1573 2452 1652 2559 ipse
1670 2451 1766 2559 petit
1786 2454 1831 2533 in
1846 2453 1936 2532 villa
1952 2453 2000 2534 de
2022 2454 2196 2545 Frrrino,
2216 2455 2271 2530 vi·

849 2585 929 2662 deri
957 2601 1102 2691 peteret
1126 2600 1164 2660 et
1186 2581 1365 2691 judicari,
1392 2599 1436 2660 etv
1449 2611 1485 2660 e·
1503 2598 1633 2662 contra
1658 2583 1778 2690 major
1802 2601 1841 2661 et
1856 2582 1973 2692 jurati
1991 2582 2093 2662 dicte
2111 2582 2269 2662 rilinde

847 2715 1021 2806 Fraxin0‚
1051 2713 1223 2820 pluribus
1250 2712 1480 2802 unionibus,
1508 2732 1763 2819 proponerent
1789 2714 1927 2792 dictam
1955 2715 2166 2822 inquestam
2194 2741 2272 2790 non

848 2844 1154 2926 ascendendam
1179 2842 1248 2922 eed
1265 2843 1409 2952 ,pocius
1430 2843 1696 2926 multandam:
1717 2843 1910 2935 Tandem,
1937 2843 2077 2922 ruditis
2103 2841 2272 2948 partibus

846 2975 937 3054 hine
956 2975 1121 3065 caindo,
1142 2976 1296 3082 visoque
1315 3003 1495 3082 processu
1514 2975 1619 3054 dicte·
1634 2975 1823 3082 inquere,
1846 2975 1981 3056 eadam
2000 2972 2189 3080 inquesta‚
2206 3003 2275 3079 per
2339 2989 2343 2994 ’

847 3107 949 3186 curie
970 3123 1100 3186 nostre
1112 3106 1317 3212 judicium,
1343 3105 1464 3183 extitit
1489 3104 1698 3194 annullata,
1720 3122 1774 3197 et,
1796 3106 1827 3186 si
1848 3105 1971 3184 dictus
1990 3106 2187 3210 episcopus
2205 3103 2273 3180 ali·

846 3238 938 3344 quid
960 3253 1094 3343 petere
1117 3235 1427 3316 voluerirmntra
1448 3235 1568 3316 dictos
1591 3237 1775 3343 majorem
1797 3253 1836 3316 at
1851 3234 2015 3343 juratos,
2040 3235 2271 3314 vocabuntur

846 3383 987 3473 partes,
1005 3383 1044 3444 et
1056 3365 1125 3444 fiet
1133 3365 1198 3472 jus
1216 3366 1315 3442 inter
1334 3393 1406 3446 eas.

904 3495 1068 3576 Sabbato
1086 3509 1171 3602 post
1191 3496 1596 3581 Sanctum-Nicolaum.

901 3759 945 3841 V.
975 3759 1072 3840 Cum
1098 3757 1273 3838 homines
1298 3757 1527 3841 habitatores
1546 3758 1806 3844 Vallis-Chatti
1834 3772 2040 3842 assererent
2061 3787 2100 3839 se
2128 3754 2267 3839 habere

846 3889 987 3972 litteras
1000 3889 1236 3972 continentes
1254 3889 1397 3998 aliquas
1411 3891 1630 3971 franchieias
1645 3893 1787 3972 eisdem
1805 3891 2024 3973 hominibus
2039 3923 2060 3970 a
2074 3893 2269 3999 predeces·

708 4055 711 4062 ·
845 4024 994 4102 soribus
1011 4027 1149 4104 nostris
1170 4021 1375 4102 comitibus
1386 4025 1596 4131 ·Campanie
1614 4053 1823 4114 concessae,
1844 4019 1991 4130 quibus
2008 4051 2047 4102 se
2062 4051 2151 4102 usos
2170 4052 2191 4100 a
2210 4054 2269 4101 re·

843 4155 996 4232 troactis
1021 4153 1257 4262 temporibus
1282 4153 1537 4246 affirmabant,
1564 4155 1731 4236 dicentes
1750 4155 1858 4264 quod
1879 4155 2100 4264 hujusmodi
2125 4154 2265 4261 littere,

844 4303 998 4392 propter
1026 4287 1085 4364 aui
1112 4303 1351 4377 vetustatem,
1381 4305 1488 4368 erant
1513 4286 1663 4378 viciata.
1694 4303 1733 4366 et
1758 4285 1944 4398 sigillum,
1976 4317 2064 4367 casu
2090 4287 2266 4374 fortuito,

755 4433 760 4444 '
843 4431 997 4522 propter
1017 4417 1233 4522 pergameni
1253 4420 1497 4524 putredinem
1516 4437 1555 4498 et
1574 4418 1846 4529 negligenciam
1864 4421 2083 4511 custodum,
2100 4447 2121 4496 a
2137 4447 2268 4526 parga-

845 4573 964 4624 meno·
986 4546 1185 4637 cecideram
1206 4549 1420 4628 asserebant
1443 4550 1597 4658 insuper
1616 4580 1658 4629 se
1684 4551 1871 4632 dictarum
1895 4552 2106 4631 litterarum
2126 4546 2265 4624 hebere

721 4689 724 4699 '
845 4677 922 4758 duo
936 4677 1238 4785 transcriptasub
1254 4679 1376 4788 sigillo
1392 4681 1493 4760 curie
1508 4683 1722 4772 Tremens,
1738 4681 1989 4789 supplicanter
2004 4675 2114 4756 nobis
2126 4689 2170 4752 ut
2183 4701 2264 4752 me-

844 4807 1437 4897 moratasiraneiiisiaavellemus
1452 4813 1507 4893 eis
1524 4814 1571 4892 de
1590 4843 1689 4893 novo
1704 4806 2092 4900 confirmareenoede
2110 4802 2183 4884 hiis
2199 4831 2264 4880 vo-

842 4937 964 5020 lantes
981 4941 1123 5021 habere
1145 4942 1324 5022 noticiam
1341 4943 1573 5051 pleniorem,
1591 4942 1851 5026 mandarimus
1868 4936 2007 5020 ballivo
2020 4953 2151 5016 nostro
2170 4933 2263 5014 Tre-

843 5072 944 5150 eensi
965 5090 1008 5150 ut
1028 5074 1075 5152 de
1093 5074 1201 5152 dictis
1220 5075 1354 5154 litteris
1373 5091 1412 5152 et
1428 5078 1668 5155 contentis=in
1686 5076 1759 5162 eie,
1776 5090 1814 5150 et
1831 5089 1964 5152 utrum
1979 5069 2068 5150 dieti
2085 5065 2262 5144 homines

841 5203 909 5282 usi·
924 5222 1047 5284 essent
1065 5205 1222 5312 pacifice
1246 5222 1284 5283 et
1302 5205 1429 5312 quiete
1445 5206 1717 5287 continuando·
1733 5201 1905 5282 saisinam
1932 5227 2039 5282 satam
2057 5225 2127 5278 seu
2149 5223 2263 5276 unum

842 5333 1140 5440 hujusmodi,·et
1167 5350 1293 5412 utrum
1318 5337 1487 5441 predicta
1515 5339 1733 5442 transcripta
1763 5349 1894 5412 essent
1916 5359 2018 5422 rem,
2049 5326 2263 5435 suspicione

884 5506 893 5539 ¹
914 5507 1008 5593 Voyea
1022 5509 1088 5593 pius
1103 5509 1187 5579 haut,
1202 5531 1230 5594 p.
1247 5510 1298 5595 39.
