5817 7292
1007 1106 1274 1213 recurres
1299 1124 1363 1197 rr
1390 1100 1603 1197 moces.
1943 1120 2016 1193 sos

596 1263 697 1341 tibus
723 1262 853 1370 plures
877 1264 1045 1344 raciones
1065 1265 1114 1343 ad
1138 1266 1252 1344 finem
1279 1266 1531 1355 centrarium
1557 1263 1698 1371 quibus
1718 1260 1934 1341 racionibus
1951 1290 2020 1367 per
2056 1274 2248 1339 rmmnrv,

596 1394 739 1471 dictum
755 1393 943 1473 Tbemam
961 1397 1103 1505 negatis
1121 1414 1159 1475 et
1174 1398 1236 1475 die
1254 1397 1432 1505 assignata
1449 1396 1547 1472 inter
1558 1410 1682 1501 partes
1695 1390 1883 1499 predictas
1898 1393 1947 1468 ad
1956 1395 2020 1500 ju·
2119 1366 2182 1409 Μ’

593 1526 755 1603 rendum
772 1553 885 1633 super
902 1528 1060 1634 negatis,
1077 1527 1155 1634 ipsa
1169 1527 1248 1617 die,
1264 1518 1567 1635 comparentibus
1582 1524 1683 1603 dicte
1699 1523 1864 1611 Thema,
1879 1550 1949 1628 pre
1963 1551 2018 1611 se,

594 1672 634 1733 et
654 1673 894 1762 procuratore
915 1658 1105 1737 dictorum
1127 1659 1406 1769 religiosorum,
1429 1656 1629 1765 predictis
1654 1654 1839 1763 religiosis
1862 1670 2022 1730 tantum·

597 1788 729 1877 medo,
748 1789 850 1866 dicto
863 1790 1040 1897 magistre
1059 1789 1232 1867 Alberico
1255 1790 1411 1867 minime
1432 1804 1690 1896 comparente,
1711 1785 1909 1893 prestitum
1931 1784 2019 1873 luit,

596 1946 664 2024 per
683 1919 803 1998 dictes
822 1938 1097 2026 comparentes,
1114 1922 1153 1997 in
1172 1922 1251 2027 ipsa
1267 1950 1393 2009 eausa,
1405 1921 1661 2028 juramentum
1683 1934 1720 1993 et
1740 1916 1821 1994 dies
1841 1916 2021 2024 assignata

596 2050 914 2155 adprobandum,
932 2052 1072 2157 primo,
1090 2081 1133 2129 ex
1148 2068 1252 2158 parte
1271 2032 1460 2129 dictorum
1476 2049 1758 2159 religiosorum,
1775 2045 1869 2124 lacta
1885 2076 2023 2154 propo·

595 2180 663 2255 sita
678 2208 747 2287 per
761 2183 932 2271 eosdem;
948 2210 1021 2287 qua
1037 2182 1111 2271 die,
1126 2198 1369 2289 procuratore
1384 2181 1572 2259 dictorum
1587 2179 1863 2287 religiosorum,
1875 2180 2023 2284 predic·

594 2310 642 2385 tis
666 2308 849 2419 religiosis
874 2328 913 2387 et
931 2310 1034 2389 dieto
1058 2312 1222 2401 Thema,
1244 2340 1313 2419 pre
1338 2340 1394 2401 se,
1417 2310 1737 2418 comparentibus,
1760 2309 1899 2387 obtulit
1917 2309 2020 2387 idem

595 2457 814 2546 procurator
835 2442 1022 2519 dictorum
1044 2441 1307 2551 religiosorum
1330 2442 1450 2520 lacere
1466 2443 1572 2549 quod
1593 2443 1671 2548 ipsa
1691 2440 1772 2519 dies
1787 2440 2019 2546 requirebat,

595 2571 697 2649 dicte
716 2572 863 2649 Thema
883 2573 1087 2677 procedere
1103 2574 1380 2651 contradicente
1396 2589 1434 2648 et
1448 2573 1668 2661 recedente,
1684 2588 1926 2676 procuratore
1942 2573 2022 2648 dic-

594 2718 722 2778 torum
740 2700 1003 2809 religiosorum
1022 2702 1171 2780 dicente
1191 2702 1312 2809 qued,
1333 2702 1372 2777 in
1392 2701 1490 2779 dieta
1508 2699 1772 2807 appellacionis
1792 2728 1915 2789 eausa,
1934 2702 2022 2777 sub-

596 2830 774 2907 cumbere
792 2829 954 2910 debebat
968 2832 1072 2909 idem
1083 2833 1261 2921 Theman,
1278 2849 1432 2938 prepter
1447 2831 1636 2909 delectum
1650 2830 1920 2937 supradictum,
1937 2848 2019 2907 tum

597 2960 685 3066 quia
702 2960 894 3071 negligens
913 2961 1154 3053 absolueret,
1172 2979 1215 3040 ut
1231 2962 1395 3051 dicebat,
1414 2963 1454 3039 in
1469 2963 1738 3069 presecuciene
1756 2960 2021 3068 appellacionis

596 3118 662 3167 sue
680 3092 906 3198 supradicte,
932 3092 1032 3171 dieto
1052 3094 1219 3183 Thema,
1238 3122 1258 3171 e
1278 3094 1467 3171 contrario
1482 3092 1746 3201 preponendo,
1763 3093 1868 3201 qued
1885 3078 1964 3199 ipse
1984 3109 2022 3169 et

595 3219 716 3299 dictus
729 3224 904 3330 magister
915 3224 1112 3303 Albericus
1127 3224 1442 3303 concordaverant
1454 3224 1560 3330 qued
1576 3222 1739 3302 dimissis
1755 3225 1931 3330 hoquetis
1945 3253 2022 3302 em·

593 3351 721 3442 nibus,
739 3370 840 3431 certa
855 3355 933 3443 die,
948 3356 1217 3461 procederetur
1232 3354 1280 3431 ad
1292 3354 1524 3433 decisionem
1537 3354 1654 3459 ipsius
1669 3383 1795 3443 cause,
1811 3357 2019 3433 secundum

594 3511 810 3587 processum
828 3486 998 3565 habitum
1021 3488 1060 3564 in
1080 3487 1184 3563 curia
1204 3485 1514 3595 Sancti-Maglerii
1532 3486 1716 3593 predicta,
1739 3487 1807 3593 qui
1824 3514 2020 3592 processus

595 3633 673 3692 erat
692 3617 732 3691 in
752 3617 917 3723 scriptis;
935 3618 1057 3695 dictus
1075 3646 1163 3694 vere
1183 3618 1396 3723 prepositus
1417 3616 1587 3695 raciones
1603 3616 1788 3721 predictas
1804 3644 1872 3721 per
1884 3646 2018 3722 precu-

596 3761 758 3821 raterem
779 3746 969 3824 dictorum
992 3745 1255 3852 religiosorum
1277 3746 1500 3854 prepositae,
1517 3773 1595 3822 nen
1612 3745 1849 3823 obstantibus
1862 3748 2021 3824 racioni-

596 3871 669 3949 bus
688 3874 882 3979 predictis,
903 3904 971 3981 per
994 3875 1135 3953 dictum
1157 3876 1344 3953 Themam
1361 3875 1581 3981 propositis,
1600 3903 1669 3980 per
1688 3902 1801 3951 sunm
1810 3873 2016 3981 judicium,

597 4002 749 4079 admisit
771 4003 818 4079 ad
840 4005 1096 4109 probandum,
1123 4035 1144 4082 a
1170 4032 1247 4112 que
1272 4004 1429 4111 quidem
1444 4004 1631 4112 judicato,
1659 4022 1838 4112 tanquam
1861 4004 1955 4083 falso
1982 4024 2019 4083 ct

596 4160 719 4237 prave,
740 4133 863 4212 dictus
877 4136 1042 4213 Thomas
1058 4135 1106 4213 ad
1121 4148 1287 4215 nostram
1303 4134 1445 4213 curiam
1461 4134 1679 4243 appellavit:
1695 4135 1792 4217 Visis
1807 4136 1921 4244 igitur
1933 4166 2021 4242 pre-

597 4262 762 4342 eessibus
781 4294 975 4343 causarum
999 4266 1272 4373 predictarum,
1290 4294 1360 4373 per
1380 4266 1484 4343 curie
1503 4283 1629 4344 nestre
1644 4266 1851 4375 judicium,
1874 4268 2018 4346 dictum

595 4392 668 4471 luit
686 4396 919 4501 prepositum
941 4398 1155 4503 predictum
1176 4400 1275 4476 bene
1287 4396 1476 4505 judicasse
1500 4413 1539 4475 et
1555 4399 1698 4477 dietum
1718 4399 1905 4477 Themam
1921 4400 2017 4477 male

596 4524 817 4629 appellasse,
838 4544 876 4605 et
894 4528 999 4635 qued
1018 4531 1096 4635 ipse
1117 4532 1191 4609 hoc
1213 4529 1440 4608 emendabit.

652 4656 827 4735 Mercurii
843 4676 927 4767 pest
943 4661 1123 4740 Sanctum
1138 4662 1361 4769 Georgium,
1379 4686 1478 4789 anpe
1492 4663 1758 4740 trecentesimo
1773 4662 1988 4740 undecimo.

651 4788 756 4867 Creci
777 4792 989 4896 reportavit.

651 5057 741 5133 LXl.
766 5056 849 5137 Lite
865 5076 984 5147 mota,
1003 5058 1156 5137 incuria
1178 5076 1320 5149 nostra,
1338 5060 1437 5138 inter
1449 5058 1614 5137 Aetidim
1629 5060 1678 5137 de
1692 5059 1880 5168 Verneye,
1899 5061 2020 5137 domi*

594 5213 680 5263 nam
698 5186 745 5264 de
762 5188 953 5297 Thureye,
969 5216 1013 5267 ex
1028 5206 1130 5297 parte
1148 5218 1239 5279 une,
1259 5208 1297 5268 et
1315 5189 1529 5269 Beraudum
1552 5190 1601 5267 de
1618 5190 1804 5269 Merserio
1831 5208 1869 5267 ct
1888 5192 2020 5267 llenri-

594 5344 681 5392 cum
697 5314 745 5393 de
760 5318 892 5426 Royre,
909 5319 1059 5409 milites,
1076 5348 1121 5397 cx
1141 5319 1269 5412 altera,
1285 5348 1460 5429 supereo
1479 5321 1585 5428 qued
1599 5320 1696 5399 dicta
1711 5319 1853 5401 Aelidis
1873 5318 2020 5396 dicebat

596 5443 739 5521 dietum
763 5448 976 5530 Beraudum
1007 5451 1194 5559 quandam
1221 5455 1449 5533 sentenciam
1480 5452 1694 5532 arbitralem
1724 5482 1791 5528 seu
1814 5447 2019 5527 ordinacio
