5817 7292
864 1101 933 1173 160
1383 1108 1385 1115 ’
1438 1099 1527 1175 Les
1559 1098 1703 1173 OLlM.

634 1254 819 1315 summu.
858 1240 989 1319 eundo
1014 1262 1100 1318 cunt
1129 1242 1319 1321 mercibus
1346 1242 1424 1319 suis
1449 1270 1518 1349 per
1543 1241 1623 1320 loca
1646 1240 1830 1348 predicta,
1850 1241 1989 1349 majori
2010 1258 2048 1319 et
2070 1244 2284 1321 communie

860 1373 1037 1481 predictis
1057 1374 1262 1451 dimidium
1280 1374 1485 1451 trauersum
1507 1374 1650 1454 solvere
1669 1389 1882 1451 teneantur.
2008 1400 2013 1408 ’

916 1504 1094 1583 Mercurii
1114 1504 1481 1611 postlnv'enoionem
1500 1506 1636 1583 Sancte
1654 1504 1797 1582 Crucis.

695 1348 759 1390 1³06.

1607 1671 1615 1705 ,
1641 1671 1643 1680 .

914 1768 958 1847 V.
990 1768 1087 1846 Cum
1102 1768 1210 1875 prior
1229 1765 1744 1874 Sancti-Germani-in-Laya
1769 1784 1998 1874 proponeret
2025 1770 2151 1847 coram
2176 1768 2286 1847 nobis

858 1900 962 2005 quod
993 1928 1037 1977 ex
1066 1897 1308 1977 edificacione
1339 1898 1556 1975 monasterii
1578 1898 1688 1975 nbeuti
1717 1898 1919 1991 Ludovici‚
1953 1900 2058 2007 quod
2087 1901 2128 1975 in
2160 1900 2285 1979 clauso

858 2048 989 2108 nostro
1012 2031 1160 2107 Pissiaci
1181 2027 1543 2118 lacimusedisrcari,
1569 2029 1672 2107 idem
1691 2031 1800 2137 prior·
1813 2030 1855 2107 in
1873 2029 2020 2109 decime
2044 2060 2111 2109 sue
2131 2060 2286 2138 percep-
2413 2043 2417 2048 ’

859 2162 965 2239 cione
989 2162 1197 2270 dampnum
1223 2189 1300 2238 aon
1326 2160 1522 2237 modicum
1546 2162 1775 2251 sustinebat,
1807 2190 1849 2239 ac
1871 2180 2017 2269 peteret
2035 2161 2107 2259 sibi
2127 2180 2166 2240 et
2183 2163 2286 2270 prio·

860 2293 956 2371 ratui
985 2322 1089 2384 suo„
1106 2293 1255 2373 racione
1283 2291 1480 2399 cujusdam
1500 2292 1659 2398 judicati
1684 2322 1799 2399 super
1822 2295 1899 2371 hoc
1923 2293 2014 2371 alias
2042 2324 2111 2402 per
2141 2293 2285 2373 curiam

830 2442 1024 2555 ,metram
1048 2423 1153 2513 sacti,
1181 2424 1253 2501 sibi
1278 2423 1360 2501 fieri
1385 2452 1500 2530 super
1524 2423 1597 2500 hoc
1619 2424 2015 2532 recompensacionem
2034 2424 2283 2531 condignam,

859 2556 1117 2634 commisimus
1142 2554 1335 2663 preposito
1356 2572 1486 2633 nostro
1509 2555 1707 2634 Parisiensi
1726 2556 1832 2663 quod
1851 2585 1966 2664 super
1984 2556 2094 2635 dictis
2114 2556 2287 2661 dampnis

859 2704 896 2763 et
915 2687 1083 2793 predicta
1103 2687 1454 2793 recompensacione
1479 2686 1668 2778 facienda,
1691 2690 1769 2767 viso
1789 2688 1891 2765 dicto
1905 2688 2076 2797 judicato
2095 2705 2133 2765 et
2148 2689 2287 2795 vocatis

858 2818 960 2895 dicto
980 2819 1117 2926 priore,
1138 2835 1380 2927 procuratore
1401 2834 1532 2897 nostro
1552 2837 1592 2897 et
1610 2819 1693 2897 aliis
1712 2820 1923 2908 evocandis,
1944 2819 2146 2925 diligenter
2164 2818 2288 2924 inqui-

858 2967 958 3026 reret
975 2950 1189 3028 veritatem:
1207 2951 1303 3031 Visis
1321 2952 1436 3058 igitur
1458 2952 1630 3058 inquesta
1643 2981 1758 3061 super
1775 2952 1847 3029 hoc
1862 2950 1955 3029 sacta
1970 2967 2008 3027 et
2019 2950 2189 3058 judicato
2204 2978 2288 3055 pre-

859 3082 976 3171 dicto,
1000 3083 1319 3189 consideratisque
1345 3083 1522 3160 omnibus
1546 3113 1622 3190 que
1647 3102 1816 3161 nostram
1840 3082 1983 3161 curiam
2006 3110 2158 3160 movere
2182 3096 2287 3187 pote-

858 3228 941 3287 rant
960 3229 997 3287 et
1016 3212 1227 3301 debebant,
1249 3241 1317 3317 per
1339 3214 1440 3291 curie
1462 3230 1590 3289 nostre
1605 3213 1797 3319 judicium
1816 3213 1960 3290 dictum
1980 3212 2053 3288 luit
2076 3239 2146 3287 nos
2164 3211 2287 3288 teneri

859 3340 960 3416 dicto
990 3340 1129 3444 priori,
1160 3342 1311 3419 racione
1336 3338 1703 3448 recompensacionis
1726 3341 1910 3449 predicte,
1940 3342 1979 3417 in
2006 3358 2152 3446 septem
2180 3341 2288 3418 libris

858 3469 1127 3585 Parisiensibus
1152 3472 1267 3549 annui
1294 3490 1332 3551 et
1357 3473 1531 3580 perpetui
1550 3473 1722 3552 redditus
1745 3473 2019 3580 persolvendis,
2042 3488 2080 3547 ct
2099 3472 2137 3546 in
2156 3471 2286 3579 viginti

859 3630 933 3679 una
953 3601 1059 3683 libris
1078 3632 1146 3711 pro
1166 3606 1360 3713 arreragiis
1381 3606 1479 3683 dicte
1499 3606 1645 3684 decime
1664 3606 1780 3684 trium
1795 3634 1980 3684 annorum
1992 3602 2192 3684 novissime
2206 3631 2288 3710 pre·

857 3734 1070 3831 teritorum.

914 3865 1015 3945 Jovis
1032 3884 1119 3971 post
1137 3867 1401 3947 Invencionem
1421 3870 1555 3949 Sancte
1576 3869 1720 3949 Crucis.

916 4132 976 4215 Vl.
1009 4132 1104 4213 Cum
1121 4133 1312 4213 lohannes
1325 4134 1373 4215 de
1388 4134 1718 4224 Sancto-Martino,
1737 4164 1976 4215 commorans
1990 4137 2092 4243 apud
2106 4134 2287 4215 Montem·

861 4265 966 4371 Argi,
987 4293 1056 4372 pro
1068 4266 1289 4373 'suspicione
1307 4266 1397 4345 salse
1413 4286 1583 4362 monete,
1601 4269 1648 4346 ad
1663 4269 1916 4377 quorumdam
1930 4270 2284 4354 denunciacionem,

861 4412 1076 4501 pergentes
1096 4416 1242 4477 nostras
1261 4417 1409 4507 captus,
1430 4430 1470 4479 se
1489 4426 1606 4507 super
1622 4401 1695 4478 hoc
1714 4403 1973 4509 supposuisset
1990 4402 2178 4509 inqueste,
2200 4400 2289 4477 leci-

862 4552 946 4600 mus
970 4553 1084 4630 super
1112 4527 1185 4605 hoc
1209 4530 1402 4607 veritatem
1421 4529 1582 4637 inquiri,
1601 4532 1741 4610 vocatis
1760 4533 1809 4610 ad
1833 4534 1907 4611 hoc
1930 4550 1969 4610 et
1991 4530 2129 4610 auditis
2152 4530 2287 4609 ballivo

861 4655 1120 4735 Aurelianensi
1146 4677 1184 4736 et
1207 4662 1401 4766 preposito
1429 4663 1692 4771 Montis-Argi,
1715 4665 1755 4741 in
1774 4664 2042 4771 prosecucione
2060 4663 2206 4769 negocii
2226 4690 2288 4738 su-

862 4785 1039 4891 pradicti,
1062 4804 1099 4863 et
1121 4787 1274 4866 interim
1294 4791 1439 4869 dictum
1458 4792 1669 4871 lohanuem
1691 4794 1837 4873 recredi
1854 4795 1964 4875 :Visa
1984 4794 2097 4901 igitur
2115 4792 2287 4899 inquesta

862 4944 975 5022 super
994 4916 1067 4997 hoc
1086 4916 1196 5011 lacta,
1224 4922 1328 4999 curia
1347 4938 1474 4999 nostra
1498 4924 1642 5002 dictum
1664 4926 1877 5004 iohannem
1902 4952 2016 5032 super
2039 4924 2113 5001 hoc
2137 4938 2288 5003 senten·

863 5046 1006 5126 cialiter
1025 5050 1202 5144 absolvit,
1225 5054 1392 5133 eundem
1408 5056 1621 5134 iohannem
1646 5074 1686 5135 et
1707 5056 1807 5135 bona
1827 5056 1962 5162 ipsius,
1983 5055 2133 5132 racione
2158 5054 2290 5162 hujus-

862 5179 967 5257 modi
1002 5180 1073 5259 sub
1100 5186 1337 5263 recredencia
1368 5188 1559 5279 detentos,
1585 5218 1627 5266 ac
1656 5187 1738 5297 ejus
1768 5186 2008 5295 fidejussores
2033 5202 2187 5293 propter
2216 5185 2289 5262 hoc

863 5309 985 5403 datos,
1007 5312 1173 5392 totaliter
1192 5314 1400 5395 liberando.

919 5443 1019 5521 lovis
1039 5462 1123 5551 post
1142 5446 1404 5527 lnvencionem
1428 5450 1561 5529 Sancte
1581 5451 1723 5529 Crucis.
