5817 7292
884 1114 957 1189 uto
1357 1140 1361 1169 ι
1473 1108 1566 1182 LES
1591 1108 1740 1180 omn:

660 1278 787 1328 enum
801 1270 843 1335 lv,
882 1258 985 1336 tibus
1005 1280 1077 1335 nos
1094 1255 1238 1335 ibidem
1262 1278 1410 1331 merum
1432 1268 1472 1329 et
1493 1252 1650 1328 mixtum
1671 1250 1879 1356 imperium·
1888 1249 2090 1328 :subimet
2100 1253 2305 1333 insolidum

719 1360 782 1403 Μ’
885 1390 1042 1479 habere,
1060 1387 1108 1467 ad
1122 1414 1255 1467 eorum
1272 1382 1563 1491 inquisicionem
1579 1399 1725 1460 certum
1740 1378 1982 1489 privilegium
1995 1384 2307 1463 concessissemus

886 1524 1048 1613 eisdem,
1069 1512 1241 1598 videlicet
1265 1514 1370 1624 quod
1390 1512 1546 1593 eosdem
1571 1528 1673 1589 extra
1691 1527 1847 1589 menum
1865 1530 2034 1591 nostram
2053 1513 2195 1621 regiam
2214 1533 2310 1609 nun-

827 1748 830 1755 ¹
885 1682 997 1762 mrem
1018 1640 1263 1761 poneremus,
1282 1638 1443 1753 'ipsique'
1457 1644 1567 1721 nobis
1588 1643 1849 1750 promisissent
1868 1644 1958 1739 dure
1976 1643 2082 1721 mille
2095 1643 2217 1722 libras
2234 1648 2311 1723 Tu-

884 1804 1065 1865 ronenses
1077 1780 1193 1860 semel
1210 1770 1407 1857 solvendas
1420 1793 1459 1853 et
1472 1775 1660 1884 sexaginta
1676 1773 1791 1853 libras
1805 1776 2047 1853 Turonenses
2060 1771 2177 1853 annui
2189 1777 2313 1855 reddi·

885 1936 947 1996 tus
963 1919 1001 1993 in
1018 1929 1260 2024 augmentum
1275 1909 1432 1986 alierum
1443 1906 1687 2014 quadraginta
1702 1907 1885 1985 librarum
1899 1906 2181 1985 Turonensium
2196 1909 2310 1985 annui

886 2048 1058 2126 redditus
1073 2071 1166 2154 quas
1179 2032 1322 2121 ibidem
1339 2041 1540 2128 habemus,
1552 2038 1769 2145 litterasque
1784 2055 2038 2146 reportassent
2050 2069 2070 2115 a
2081 2030 2310 2147 nobis'quod
2409 2136 2412 2141 Ι

887 2201 1020 2257 ornnes
1038 2197 1077 2256 et
1091 2164 1246 2285 singuli,
1263 2174 1329 2282 qui
1346 2170 1615 2250 communibus
1629 2169 1830 2247 dictorille
1843 2170 1957 2249 talliis
1971 2171 2211 2249 contribuens
2225 2197 2308 2249 con·

887 2327 1106 2403 sueverunt,
1126 2305 1444 2413 compellerentur
1463 2301 1706 2379 contribuere
1724 2302 1766 2379 in
1786 2302 1978 2380 solucione
1998 2300 2181 2379 dictarum
2202 2301 2307 2379 mille
2386 2382 2390 2388 ,

889 2443 1090 2530 librarum,
1108 2456 1145 2519 et
1163 2437 1268 2546 quod
1285 2428 1420 2515 omnes
1436 2434 1490 2512 illi
1514 2434 1579 2541 qui
1597 2429 1844 2511 contribuunt
1857 2434 1896 2510 in
1915 2432 2109 2511 solucione
2123 2433 2309 2513 dicturum

889 2573 1132 2683 quodraginta
1151 2560 1350 2659 librorum,
1366 2582 1588 2645 tenerentur
1600 2566 1849 2644 contribuere·
1860 2566 1900 2642 in
1915 2564 2108 2643 solucione
2123 2564 2309 2641 dictorum
2388 2598 2391 2603 ·

890 2705 1076 2812 sexaginta
1088 2702 1286 2789 librarum,
1302 2717 1354 2788 et,
1372 2726 1488 2806 super
1501 2697 1696 2803 predictis,
1711 2698 1821 2775 nobis
1834 2712 2065 2804 conquestus
2076 2694 2312 2773 fuissetDeo

889 2836 999 2912 datus
1023 2834 1071 2909 de
1096 2832 1275 2922 Bociucis',
1299 2828 1542 2921 domicellus,
1564 2828 1695 2907 dicens
1712 2828 1881 2935 predicta
1904 2833 1944 2904 in
1962 2828 2022 2906 sui
2047 2844 2087 2905 st
2104 2826 2312 2906 multorum

890 2964 1068 3057 aliorum,
1090 2965 1191 3041 bona
1210 2960 1436 3039 bubencium
1463 2961 1503 3036 in
1527 2955 1612 3036 villa
1640 2978 1677 3037 et
1705 2959 1897 3057 territorio
1921 2958 2012 3037 dicti
2038 2959 2131 3049 loci,
2152 2957 2313 3066 quinon

890 3111 1237 3195 consenserantnec
1253 3092 1468 3183 consentire
1477 3092 1654 3170 colebant
1665 3092 1705 3168 in
1718 3091 1940 3198 hujusmodi
1953 3087 2162 3198 dampnum
2180 3107 2217 3167 et
2231 3116 2316 3195 pre·

886 3228 1075 3336 judicium
1094 3224 1327 3314 redundare,
1345 3224 1527 3331 quodque
1543 3223 1686 3300 dictum
1704 3222 1960 3329 privilegium,
1977 3222 2088 3299 tacito
2107 3222 2260 3301 veritate
2275 3238 2314 3297 et

795 3436 797 3443 ,
891 3374 1063 3467 suggesta
1074 3356 1247 3444 salsitate,
1263 3355 1385 3431 luerat
1398 3356 1658 3462 impetratum,
1675 3372 1843 3431 amerens
1861 3353 2122 3431 omnimodam
2135 3350 2313 3458 jurisdic-

891 3490 1034 3568 tionem
1050 3486 1260 3595 simplicem
1277 3504 1316 3563 et
1328 3485 1492 3563 mixtum
1504 3484 1707 3595 imperium
1718 3482 1809 3561 dicti
1823 3483 1895 3562 loci
1911 3484 1961 3561 ad
1973 3482 2097 3591 ipsum
2107 3472 2310 3589 pertinere,

837 3696 839 3701 .
891 3619 1073 3728 quodque
1087 3618 1239 3696 indicta
1250 3616 1337 3694 villa
1358 3616 1670 3695 Pedii-Salioonis
1688 3642 1765 3693 non
1783 3633 1840 3695 est
1855 3610 2081 3693 universitas
2092 3640 2215 3720 nepte
2234 3640 2313 3690 cor·

891 3776 977 3857 pus,
1001 3767 1039 3827 et
1057 3749 1162 3856 quod
1181 3748 1436 3855 possessiones
1455 3747 1546 3826 dicti
1564 3746 1745 3825 territorii
1763 3746 1911 3854 abipso
1927 3763 1966 3823 et
1979 3745 2049 3823 sub
2068 3746 2149 3854 ejus
2169 3744 2312 3822 directo

892 3882 1060 3961 dominio
1080 3900 1271 3974 tenentur,
1294 3897 1332 3959 et
1352 3880 1423 3958 sibi
1446 3876 1557 3958 fieret
1575 3868 1850 3987 prejudicium,
1877 3879 1909 3957 si
1919 3874 2161 3985 possessores
2182 3904 2315 3955 earum

891 4013 1174 4093 contribuerent
1192 4014 1231 4089 in
1251 4012 1444 4092 solucione
1467 4011 1653 4088 dictarum
1678 4011 1865 4117 sexaginta
1891 4010 2091 4099 fibrarum,
2111 4037 2229 4117 quare
2248 4032 2316 4117 pe·

891 4145 993 4222 tebet
1008 4143 1153 4224 dictum
1164 4144 1402 4251 privilegium
1418 4144 1580 4221 revoesri
1596 4136 1654 4220 vel
1669 4143 1741 4221 sibi
1757 4169 1827 4251 per
1841 4170 1912 4220 nos
1928 4165 2042 4249 snper
2056 4142 2192 4219 bocde
2210 4160 2316 4246 opor·

892 4292 985 4352 tuno
1006 4275 1177 4353 remedio
1203 4273 1409 4381 provideri3
1422 4268 1542 4351 ¹dictis
1558 4274 1851 4381 impetrantibus
1862 4269 2166 4381 sc'pmcurstore
2185 4290 2314 4351 nostro

891 4404 999 4511 plura
1024 4405 1324 4512 proponentibus
1350 4434 1393 4486 ex
1419 4407 1592 4495 adverso,
1620 4407 1775 4484 tandem
1809 4432 1924 4514 super
1947 4405 2140 4513 premissis
2164 4404 2316 4481 manda·

891 4535 1013 4613 vimus
1029 4536 1185 4645 inquiri,
1199 4537 1338 4614 vocetis
1354 4538 1538 4643 partibus,
1552 4538 1765 4615 veritatem:
1781 4538 1866 4645 Visa
1884 4538 1999 4647 igitur
2012 4535 2183 4646 inqussu
2201 4560 2316 4640 super

891 4667 963 4743 hiis
984 4666 1031 4744 de
1047 4667 1224 4746 mandato
1246 4685 1374 4746 nostro
1391 4668 1503 4758 fectu,
1522 4695 1591 4775 per
1611 4670 1714 4746 curie
1729 4685 1856 4747 nostre
1872 4668 2062 4776 judicium
2084 4662 2229 4745 dictum
2244 4664 2314 4744 fuit

807 4888 811 4895 .
891 4813 929 4873 et
952 4797 1240 4902 pronunciatum
1267 4799 1480 4903 predictum
1500 4799 1753 4906 privilegium,
1776 4800 1886 4877 tacita
1906 4800 2061 4877 veritate
2082 4816 2121 4875 et
2142 4811 2315 4905 suggesta

890 4925 1064 5017 falsitate,
1086 4928 1331 5035 impetratum
1345 4928 1482 5043 luisse,
1502 4947 1541 5008 et
1559 4958 1637 5008 non
1659 4927 1800 5008 debere
1818 4931 1956 5022 teneri,
1980 4929 2128 5037 luitque
2146 4954 2216 5035 per
2224 4935 2317 5004 ‘nos-

837 5158 856 5183 ἢ
890 5074 985 5134 tram
999 5058 1141 5135 curiam
1155 5059 1322 5137 totaliter
1333 5060 1571 5151 annulatum,
1587 5078 1642 5152 et,
1658 5060 1749 5138 licet
1762 5060 1883 5139 dictos
1898 5062 2143 5167 impetrantes
2156 5059 2315 5167 proinde

885 5189 985 5297 juste
1001 5188 1138 5295 punire
1154 5216 1369 5295 possemus,
1384 5192 1433 5270 de
1451 5192 1710 5271 misericordia
1724 5209 1850 5270 tumen
1869 5209 2061 5299 parcentes
2076 5190 2234 5280 eisdem,
2247 5217 2317 5265 no·

890 5319 1017 5397 lumus
1038 5344 1102 5398 eos
1120 5321 1169 5398 ad
1190 5319 1374 5399 dictarum
1392 5323 1499 5401 mille
1518 5324 1702 5403 librarum
1720 5353 1764 5401 ac
1777 5307 1966 5431 sexaginte
1988 5323 2172 5401 librarum
2184 5318 2316 5398 reddi-

890 5451 1048 5529 tualium
1070 5453 1306 5532 solucionem
1326 5453 1515 5561 compelli.
