5817 7292
1056 1111 1324 1219 anutrns
1351 1129 1416 1201 ar
1443 1110 1644 1202 raucas.
1988 1133 2061 1204 aaa

641 1272 819 1348 sustinuit
839 1270 877 1345 in
897 1271 1166 1376 prosecuoioue
1186 1271 1285 1347 dicte
1299 1271 1493 1378 isqsrssm
1512 1298 1579 1376 pen
1593 1285 1722 1346 nosue
1740 1269 1842 1344 curie
1855 1270 2060 1375 judicium,
2101 1291 2230 1348 Parnm
2242 1293 2285 1356 tv,

642 1398 920 1478 sentencialiter
930 1399 1376 1506 condempnatus,solvo¹
1385 1403 1476 1509 jure
1484 1417 1616 1478 nostro
1627 1417 1666 1476 et
1676 1398 1836 1476 emenda
1848 1417 1969 1478 nostra
1982 1429 2065 1480 con·
2163 1387 2225 1431 ¹³⁰⁷·

640 1551 697 1611 tra
717 1532 861 1608 dictum
879 1532 1072 1609 Nicolaum
1092 1558 1205 1639 super
1223 1533 1441 1611 mostubus
1457 1532 1681 1640 supradictis
1700 1531 1751 1606 ad>
1766 1527 1881 1610 linem
1903 1531 2062 1610 civilem.

696 1665 804 1740 Luae
823 1679 910 1740 ante
931 1666 1145 1742 cathedram
1165 1669 1280 1742 saneti
1301 1667 1411 1742 Petri.

697 1795 902 1902 Nagareass
918 1797 1124 1901 reportavit
1140 1814 1181 1904 ea
1191 1797 1359 1903 promtis.

697 1925 912 2030 laqueatam
934 1925 1044 2001 istam
1062 1953 1147 2002 sorr
1160 1927 1286 2004 habui.

696 2187 786 2262 LVl.
809 2187 981 2293 luquesta
996 2189 1095 2264 inter
1105 2187 1317 2279 Nicolaum,
1330 2189 1440 2296 llegis
1450 2188 1694 2296 burgensem,
1708 2190 1964 2266 etPetnunde
1974 2190 2066 2268 Cor·

640 2334 776 2424 tenayo
789 2315 956 2422 judicata
977 2317 1048 2394 luit
1067 2320 1169 2424 apud
1190 2319 1363 2407 Lochias,
1386 2336 1425 2396 et
1444 2337 1500 2396 est
1518 2319 1731 2427 judicatum
1751 2320 1790 2395 in
1808 2320 1933 2398 rotulo
1953 2320 2067 2426 hujus

641 2446 872 2550 parlamenti.
893 2449 1004 2540 Quod
1016 2450 1246 2557 judicatum,
1264 2479 1378 2539 anno,
1395 2479 1463 2558 per
1481 2449 1680 2527 dominum
1697 2451 1836 2558 Regem
1854 2449 1924 2526 suit
1937 2450 2068 2526 mode-

640 2591 780 2662 ratum,
802 2593 841 2651 et
855 2577 1079 2682 huiusmodi
1093 2581 1308 2658 moderatio
1324 2579 1491 2657 nonfuit
1506 2579 1713 2684 publicata,
1734 2607 1805 2656 nen
1822 2579 1911 2657 inde
1927 2579 2066 2656 lactum

642 2703 715 2779 luit
733 2722 929 2782 arrestum.

696 2835 769 2909 Ista
788 2836 959 2939 inquaeta
979 2855 1035 2914 est
1055 2841 1098 2914 in
1115 2868 1223 2917 sacco
1240 2841 1500 2945 inquestarrm
1515 2839 1627 2944 hujus
1645 2839 1878 2943 parlamenti.

1193 3398 1511 3516 raouasrn

689 3673 735 3730 ar
765 3681 834 3732 am
861 3679 1059 3732 raooassus
1088 3679 1249 3731 tunicari
1278 3681 1312 3730 m
1344 3678 1518 3742 saansaan
1549 3677 1780 3732 raanaunrro
1811 3679 2019 3732 ocraneaua

1148 3809 1284 3861 ousion
1298 3831 1316 3843 ·
1331 3809 1557 3874 saucaoauu,

1167 4041 1248 4084 tulo
1268 4041 1376 4086 mm!
1398 4041 1527 4086 immi.

693 4279 720 4356 l.
752 4277 849 4354 Cum
875 4293 956 4352 orta
977 4293 1075 4353 asset
1093 4277 1279 4355 discordia
1300 4279 1400 4356 inter
1419 4277 1593 4355 abbatem
1618 4292 1655 4352 et
1676 4291 1899 4352 conventum
1916 4277 2065 4354 Sancta-

637 4407 830 4489 Genmefe
850 4407 1088 4496 Parisiensis,
1114 4435 1159 4484 ex
1181 4425 1400 4515 arnapam,
1427 4425 1467 4484 et
1488 4405 1715 4483 collectores·
1727 4423 1876 4482 nostros
1894 4433 2066 4484 mnemi-

638 4557 890 4626 murtuarum‚
906 4561 978 4644 pro
992 4537 1117 4627 nobis,
1135 4567 1182 4615 ex
1193 4539 1325 4631 altera,
1342 4567 1457 4646 super
1471 4539 1608 4616 saisina
1625 4535 1907 4645 cognicioniset
1917 4537 2064 4642 expleo-

636 4669 787 4747 tationis
809 4668 1037 4746 aubenamm
1054 4688 1092 4746 et
1106 4669 1386 4760 bastardorum‚
1406 4699 1454 4748 ao
1467 4669 1659 4747 honorum
1678 4667 1869 4774 ipsorum,
1889 4669 1928 4743 in
1947 4668 2064 4746 veteri

635 4818 733 4877 terra
752 4801 948 4877 Parisiensi
971 4800 1326 4893 Sanctelienovese‚
1345 4819 1382 4879 et
1402 4802 1448 4878 de
1469 4804 1541 4879 hoc
1561 4799 1723 4877 habendi
1746 4800 1889 4876 aarum
1904 4817 1944 4876 et
1964 4827 2064 4880 emo·

636 4929 822 5020 lumenta,
843 4947 1089 5038 peterentque
1106 4931 1196 5009 dicti
1211 4932 1377 5042 religiosi
1398 4932 1731 5038 impedimentum,
1748 4958 1816 5037 per
1833 4947 1963 5037 gentes
1978 4958 2064 5008 nos-

636 5074 710 5136 tras
725 5060 765 5136 in
778 5061 877 5138 dicta
892 5062 1026 5139 saisina
1042 5092 1107 5140 sua
1121 5091 1236 5169 super
1251 5065 1324 5141 hoc
1340 5064 1572 5172 appositum,
1588 5061 1751 5141 amoveri
1766 5093 1773 5136 ε
1791 5060 1878 5139 Visa
1891 5061 2063 5167 inquesta

636 5217 749 5294 super
766 5191 839 5267 hoc
856 5191 908 5268 da
921 5193 1100 5289 mandato
1110 5210 1244 5271 nostro
1255 5193 1369 5283 laeta,
1382 5211 1514 5272 vooato
1535 5193 1652 5270 eciam
1666 5210 1705 5269 at
1716 5219 1830 5299 super
1845 5191 1921 5269 hoc
1932 5189 2061 5268 audito

636 5320 815 5426 magistro
827 5321 973 5398 Thoana
988 5322 1036 5398 do
1055 5323 1235 5430 Sarnayo‚
1250 5323 1451 5401 oollmtore
1473 5340 1601 5402 nostro
1623 5337 2057 5406 nanuummortusmm.

679 5497 688 5527 ¹
711 5499 791 5562 laites
803 5495 890 5564 salvis.
