<?xml version="1.0" encoding="UTF-8"?>
<!DOCTYPE html PUBLIC "-//W3C//DTD XHTML 1.0 Transitional//EN"
    "http://www.w3.org/TR/xhtml1/DTD/xhtml1-transitional.dtd">
<html xmlns="http://www.w3.org/1999/xhtml" xml:lang="en" lang="en">
 <head>
  <title>
</title>
<meta http-equiv="Content-Type" content="text/html;charset=utf-8" />
  <meta name='ocr-system' content='tesseract 3.04.00' />
  <meta name='ocr-capabilities' content='ocr_page ocr_carea ocr_par ocr_line ocrx_word'/>
</head>
<body>
  <div class='ocr_page' id='page_1' title='image "./lesolimouregist00pargoog_0581.png"; bbox 0 0 5817 7292; ppageno 0'>
   <div class='ocr_carea' id='block_1_1' title="bbox 1042 1085 2046 1196">
    <p class='ocr_par' dir='ltr' id='par_1_1' title="bbox 1042 1085 2046 1196">
     <span class='ocr_line' id='line_1_1' title="bbox 1042 1085 2046 1196; baseline -0.002 -16"><span class='ocrx_word' id='word_1_1' title='bbox 1042 1087 1309 1196; x_wconf 77' lang='lat' dir='ltr'><strong>snoutrss</strong></span> <span class='ocrx_word' id='word_1_2' title='bbox 1336 1105 1399 1178; x_wconf 80' lang='lat' dir='ltr'><strong>nr</strong></span> <span class='ocrx_word' id='word_1_3' title='bbox 1427 1085 1634 1180; x_wconf 76' lang='lat' dir='ltr'><strong>raocts.</strong></span> <span class='ocrx_word' id='word_1_4' title='bbox 1975 1103 2046 1179; x_wconf 77' lang='lat' dir='ltr'><strong>arr</strong></span> 
     </span>
    </p>
   </div>
   <div class='ocr_carea' id='block_1_2' title="bbox 505 1247 2274 5535">
    <p class='ocr_par' dir='ltr' id='par_1_2' title="bbox 505 1247 2274 5535">
     <span class='ocr_line' id='line_1_2' title="bbox 629 1247 2274 1356; baseline 0.001 -31"><span class='ocrx_word' id='word_1_5' title='bbox 629 1249 706 1326; x_wconf 87' lang='lat' dir='ltr'><strong>rios</strong></span> <span class='ocrx_word' id='word_1_6' title='bbox 733 1247 983 1356; x_wconf 90' lang='lat' dir='ltr'><strong>imprisionari</strong></span> <span class='ocrx_word' id='word_1_7' title='bbox 1010 1266 1048 1325; x_wconf 89' lang='lat' dir='ltr'><strong>et</strong></span> <span class='ocrx_word' id='word_1_8' title='bbox 1069 1249 1345 1355; x_wconf 87' lang='lat' dir='ltr'><strong>imprisionatos</strong></span> <span class='ocrx_word' id='word_1_9' title='bbox 1371 1273 1440 1354; x_wconf 91' lang='lat' dir='ltr'><strong>per</strong></span> <span class='ocrx_word' id='word_1_10' title='bbox 1459 1248 1626 1353; x_wconf 90' lang='lat' dir='ltr'><strong>spacium</strong></span> <span class='ocrx_word' id='word_1_11' title='bbox 1652 1247 1937 1352; x_wconf 88' lang='lat' dir='ltr'><strong>quatuordecim</strong></span> <span class='ocrx_word' id='word_1_12' title='bbox 1964 1277 2049 1354; x_wconf 78' lang='lat' dir='ltr'><strong>sep</strong></span> <span class='ocrx_word' id='word_1_13' title='bbox 2089 1256 2219 1310; x_wconf 60' lang='lat' dir='ltr'><strong>P¹¹¹t¹⁹¹¹⁸</strong></span> <span class='ocrx_word' id='word_1_14' title='bbox 2232 1259 2274 1319; x_wconf 56' lang='grc' dir='ltr'><strong>Ν,</strong></span> 
     </span>
     <span class='ocr_line' id='line_1_3' title="bbox 627 1347 2213 1484; baseline 0 -30"><span class='ocrx_word' id='word_1_15' title='bbox 627 1380 853 1456; x_wconf 87' lang='lat' dir='ltr'><strong>timanarum</strong></span> <span class='ocrx_word' id='word_1_16' title='bbox 871 1377 1031 1455; x_wconf 77' lang='lat' dir='ltr'>detineri</span> <span class='ocrx_word' id='word_1_17' title='bbox 1052 1378 1158 1469; x_wconf 85' lang='lat' dir='ltr'><strong>lecit;</strong></span> <span class='ocrx_word' id='word_1_18' title='bbox 1176 1379 1285 1469; x_wconf 90' lang='lat' dir='ltr'><strong>item,</strong></span> <span class='ocrx_word' id='word_1_19' title='bbox 1306 1377 1482 1457; x_wconf 89' lang='lat' dir='ltr'><strong>dicebant</strong></span> <span class='ocrx_word' id='word_1_20' title='bbox 1499 1378 1658 1484; x_wconf 86' lang='lat' dir='ltr'><strong>predicti</strong></span> <span class='ocrx_word' id='word_1_21' title='bbox 1678 1376 1831 1454; x_wconf 87' lang='lat' dir='ltr'><strong>firmarii</strong></span> <span class='ocrx_word' id='word_1_22' title='bbox 1853 1377 1956 1481; x_wconf 90' lang='lat' dir='ltr'><strong>quod</strong></span> <span class='ocrx_word' id='word_1_23' title='bbox 1971 1380 2050 1484; x_wconf 91' lang='lat' dir='ltr'><strong>qui·</strong></span> <span class='ocrx_word' id='word_1_24' title='bbox 2151 1347 2213 1390; x_wconf 54' lang='grc' dir='ltr'><strong>Μ’</strong></span> 
     </span>
     <span class='ocr_line' id='line_1_4' title="bbox 628 1506 2050 1616; baseline 0.001 -32"><span class='ocrx_word' id='word_1_25' title='bbox 628 1508 731 1599; x_wconf 87' lang='lat' dir='ltr'><strong>dam,</strong></span> <span class='ocrx_word' id='word_1_26' title='bbox 754 1507 906 1586; x_wconf 91' lang='lat' dir='ltr'><strong>nomine</strong></span> <span class='ocrx_word' id='word_1_27' title='bbox 925 1508 1169 1600; x_wconf 87' lang='lat' dir='ltr'><strong>Blancardus,</strong></span> <span class='ocrx_word' id='word_1_28' title='bbox 1191 1509 1343 1616; x_wconf 88' lang='lat' dir='ltr'><strong>petebat</strong></span> <span class='ocrx_word' id='word_1_29' title='bbox 1362 1509 1408 1588; x_wconf 88' lang='lat' dir='ltr'><strong>ab</strong></span> <span class='ocrx_word' id='word_1_30' title='bbox 1431 1509 1576 1586; x_wconf 89' lang='lat' dir='ltr'><strong>eisdem</strong></span> <span class='ocrx_word' id='word_1_31' title='bbox 1597 1524 1741 1613; x_wconf 90' lang='lat' dir='ltr'><strong>partem</strong></span> <span class='ocrx_word' id='word_1_32' title='bbox 1763 1507 1852 1583; x_wconf 86' lang='lat' dir='ltr'><strong>dicti</strong></span> <span class='ocrx_word' id='word_1_33' title='bbox 1872 1506 1991 1595; x_wconf 92' lang='lat' dir='ltr'><strong>bladi,</strong></span> <span class='ocrx_word' id='word_1_34' title='bbox 2013 1526 2050 1585; x_wconf 94' lang='lat' dir='ltr'><strong>et</strong></span> 
     </span>
     <span class='ocr_line' id='line_1_5' title="bbox 626 1636 2049 1748; baseline -0.001 -33"><span class='ocrx_word' id='word_1_35' title='bbox 626 1639 774 1717; x_wconf 89' lang='lat' dir='ltr'><strong>dicebat</strong></span> <span class='ocrx_word' id='word_1_36' title='bbox 805 1638 852 1715; x_wconf 89' lang='lat' dir='ltr'><strong>ad</strong></span> <span class='ocrx_word' id='word_1_37' title='bbox 881 1669 969 1717; x_wconf 89' lang='lat' dir='ltr'><strong>eum</strong></span> <span class='ocrx_word' id='word_1_38' title='bbox 996 1640 1199 1747; x_wconf 88' lang='lat' dir='ltr'><strong>pertinere,</strong></span> <span class='ocrx_word' id='word_1_39' title='bbox 1227 1642 1376 1719; x_wconf 85' lang='lat' dir='ltr'><strong>racione</strong></span> <span class='ocrx_word' id='word_1_40' title='bbox 1410 1639 1604 1748; x_wconf 85' lang='lat' dir='ltr'><strong>cujusdam</strong></span> <span class='ocrx_word' id='word_1_41' title='bbox 1632 1665 1784 1715; x_wconf 87' lang='lat' dir='ltr'><strong>accense</strong></span> <span class='ocrx_word' id='word_1_42' title='bbox 1811 1637 1883 1714; x_wconf 90' lang='lat' dir='ltr'><strong>sibi</strong></span> <span class='ocrx_word' id='word_1_43' title='bbox 1908 1636 2049 1714; x_wconf 82' lang='lat' dir='ltr'><strong>lactea</strong></span> 
     </span>
     <span class='ocr_line' id='line_1_6' title="bbox 628 1766 2050 1879; baseline -0.002 -33"><span class='ocrx_word' id='word_1_44' title='bbox 628 1768 832 1848; x_wconf 77' lang='lat' dir='ltr'><strong>senescallo</strong></span> <span class='ocrx_word' id='word_1_45' title='bbox 850 1771 1121 1858; x_wconf 88' lang='lat' dir='ltr'><strong>Pictavenside</strong></span> <span class='ocrx_word' id='word_1_46' title='bbox 1140 1773 1375 1879; x_wconf 78' lang='lat' dir='ltr'>prepositura</span> <span class='ocrx_word' id='word_1_47' title='bbox 1397 1774 1444 1850; x_wconf 87' lang='lat' dir='ltr'><strong>de</strong></span> <span class='ocrx_word' id='word_1_48' title='bbox 1465 1769 1701 1876; x_wconf 85' lang='lat' dir='ltr'><strong>Chanvigne,</strong></span> <span class='ocrx_word' id='word_1_49' title='bbox 1728 1795 1843 1873; x_wconf 88' lang='lat' dir='ltr'><strong>quare</strong></span> <span class='ocrx_word' id='word_1_50' title='bbox 1871 1766 2050 1873; x_wconf 85' lang='lat' dir='ltr'><strong>petebant</strong></span> 
     </span>
     <span class='ocr_line' id='line_1_7' title="bbox 628 1896 2049 2008; baseline -0.001 -32"><span class='ocrx_word' id='word_1_51' title='bbox 628 1899 718 1977; x_wconf 92' lang='lat' dir='ltr'><strong>dicti</strong></span> <span class='ocrx_word' id='word_1_52' title='bbox 739 1898 892 1976; x_wconf 84' lang='lat' dir='ltr'><strong>firmarii</strong></span> <span class='ocrx_word' id='word_1_53' title='bbox 913 1900 1058 1978; x_wconf 85' lang='lat' dir='ltr'><strong>dictum</strong></span> <span class='ocrx_word' id='word_1_54' title='bbox 1075 1899 1254 1980; x_wconf 87' lang='lat' dir='ltr'><strong>Odonem</strong></span> <span class='ocrx_word' id='word_1_55' title='bbox 1274 1929 1342 2008; x_wconf 91' lang='lat' dir='ltr'><strong>per</strong></span> <span class='ocrx_word' id='word_1_56' title='bbox 1360 1929 1430 1978; x_wconf 92' lang='lat' dir='ltr'><strong>nos</strong></span> <span class='ocrx_word' id='word_1_57' title='bbox 1454 1899 1632 2006; x_wconf 87' lang='lat' dir='ltr'><strong>compelli</strong></span> <span class='ocrx_word' id='word_1_58' title='bbox 1652 1899 1701 1976; x_wconf 82' lang='lat' dir='ltr'><strong>ad</strong></span> <span class='ocrx_word' id='word_1_59' title='bbox 1717 1896 1959 1974; x_wconf 90' lang='lat' dir='ltr'><strong>reddendum</strong></span> <span class='ocrx_word' id='word_1_60' title='bbox 1977 1898 2049 1974; x_wconf 87' lang='lat' dir='ltr'><strong>eis·</strong></span> 
     </span>
     <span class='ocr_line' id='line_1_8' title="bbox 627 2027 2049 2137; baseline -0.001 -31"><span class='ocrx_word' id='word_1_61' title='bbox 627 2030 714 2106; x_wconf 89' lang='lat' dir='ltr'><strong>dem</strong></span> <span class='ocrx_word' id='word_1_62' title='bbox 733 2029 862 2136; x_wconf 83' lang='lat' dir='ltr'><strong>viginti</strong></span> <span class='ocrx_word' id='word_1_63' title='bbox 877 2028 990 2108; x_wconf 92' lang='lat' dir='ltr'><strong>libras</strong></span> <span class='ocrx_word' id='word_1_64' title='bbox 1003 2031 1205 2136; x_wconf 87' lang='lat' dir='ltr'><strong>predictas,</strong></span> <span class='ocrx_word' id='word_1_65' title='bbox 1228 2048 1266 2109; x_wconf 86' lang='lat' dir='ltr'><strong>et</strong></span> <span class='ocrx_word' id='word_1_66' title='bbox 1280 2030 1422 2108; x_wconf 82' lang='lat' dir='ltr'><strong>litteras</strong></span> <span class='ocrx_word' id='word_1_67' title='bbox 1437 2031 1477 2106; x_wconf 93' lang='lat' dir='ltr'><strong>in</strong></span> <span class='ocrx_word' id='word_1_68' title='bbox 1497 2029 1637 2136; x_wconf 90' lang='lat' dir='ltr'><strong>quibus</strong></span> <span class='ocrx_word' id='word_1_69' title='bbox 1654 2057 1693 2106; x_wconf 86' lang='lat' dir='ltr'><strong>se</strong></span> <span class='ocrx_word' id='word_1_70' title='bbox 1714 2027 1974 2137; x_wconf 81' lang='lat' dir='ltr'><strong>obligaverunt</strong></span> <span class='ocrx_word' id='word_1_71' title='bbox 1989 2057 2049 2106; x_wconf 75' lang='lat' dir='ltr'><strong>co</strong></span> 
     </span>
     <span class='ocr_line' id='line_1_9' title="bbox 625 2154 2045 2246; baseline 0.003 -14"><span class='ocrx_word' id='word_1_72' title='bbox 625 2185 704 2233; x_wconf 90' lang='lat' dir='ltr'><strong>ram</strong></span> <span class='ocrx_word' id='word_1_73' title='bbox 724 2157 881 2236; x_wconf 90' lang='lat' dir='ltr'><strong>officiale</strong></span> <span class='ocrx_word' id='word_1_74' title='bbox 901 2160 1107 2238; x_wconf 86' lang='lat' dir='ltr'><strong>Pictavensi</strong></span> <span class='ocrx_word' id='word_1_75' title='bbox 1127 2160 1174 2238; x_wconf 89' lang='lat' dir='ltr'><strong>ad</strong></span> <span class='ocrx_word' id='word_1_76' title='bbox 1202 2159 1425 2238; x_wconf 89' lang='lat' dir='ltr'><strong>solvendum</strong></span> <span class='ocrx_word' id='word_1_77' title='bbox 1447 2159 1572 2236; x_wconf 85' lang='lat' dir='ltr'><strong>eidem</strong></span> <span class='ocrx_word' id='word_1_78' title='bbox 1592 2154 1780 2236; x_wconf 89' lang='lat' dir='ltr'><strong>summam</strong></span> <span class='ocrx_word' id='word_1_79' title='bbox 1799 2157 2045 2246; x_wconf 80' lang='lat' dir='ltr'><strong>antedictam,</strong></span> 
     </span>
     <span class='ocr_line' id='line_1_10' title="bbox 624 2289 2050 2397; baseline 0.001 -34"><span class='ocrx_word' id='word_1_80' title='bbox 624 2315 771 2366; x_wconf 87' lang='lat' dir='ltr'><strong>necnon</strong></span> <span class='ocrx_word' id='word_1_81' title='bbox 783 2308 821 2367; x_wconf 86' lang='lat' dir='ltr'><strong>et</strong></span> <span class='ocrx_word' id='word_1_82' title='bbox 832 2291 1101 2397; x_wconf 83' lang='lat' dir='ltr'><strong>quinquaginta</strong></span> <span class='ocrx_word' id='word_1_83' title='bbox 1115 2291 1244 2379; x_wconf 89' lang='lat' dir='ltr'><strong>libras,</strong></span> <span class='ocrx_word' id='word_1_84' title='bbox 1262 2319 1330 2396; x_wconf 93' lang='lat' dir='ltr'><strong>pro</strong></span> <span class='ocrx_word' id='word_1_85' title='bbox 1342 2291 1516 2397; x_wconf 87' lang='lat' dir='ltr'><strong>dampnis</strong></span> <span class='ocrx_word' id='word_1_86' title='bbox 1526 2318 1602 2397; x_wconf 92' lang='lat' dir='ltr'><strong>que</strong></span> <span class='ocrx_word' id='word_1_87' title='bbox 1616 2290 1686 2395; x_wconf 92' lang='lat' dir='ltr'><strong>ipsi</strong></span> <span class='ocrx_word' id='word_1_88' title='bbox 1703 2289 1980 2376; x_wconf 87' lang='lat' dir='ltr'><strong>sustinuerunt,</strong></span> <span class='ocrx_word' id='word_1_89' title='bbox 1996 2318 2050 2366; x_wconf 88' lang='lat' dir='ltr'><strong>ra-</strong></span> 
     </span>
     <span class='ocr_line' id='line_1_11' title="bbox 624 2417 2048 2528; baseline 0.001 -34"><span class='ocrx_word' id='word_1_90' title='bbox 624 2417 731 2495; x_wconf 89' lang='lat' dir='ltr'><strong>cione</strong></span> <span class='ocrx_word' id='word_1_91' title='bbox 741 2419 929 2498; x_wconf 90' lang='lat' dir='ltr'><strong>dictorum</strong></span> <span class='ocrx_word' id='word_1_92' title='bbox 943 2419 1304 2527; x_wconf 84' lang='lat' dir='ltr'><strong>impedimentorum</strong></span> <span class='ocrx_word' id='word_1_93' title='bbox 1320 2438 1357 2498; x_wconf 88' lang='lat' dir='ltr'><strong>et</strong></span> <span class='ocrx_word' id='word_1_94' title='bbox 1366 2423 1543 2528; x_wconf 88' lang='lat' dir='ltr'><strong>prisionis</strong></span> <span class='ocrx_word' id='word_1_95' title='bbox 1555 2419 1754 2509; x_wconf 86' lang='lat' dir='ltr'><strong>antedicte,</strong></span> <span class='ocrx_word' id='word_1_96' title='bbox 1767 2436 1805 2496; x_wconf 91' lang='lat' dir='ltr'><strong>et</strong></span> <span class='ocrx_word' id='word_1_97' title='bbox 1815 2419 1945 2525; x_wconf 89' lang='lat' dir='ltr'><strong>viginti</strong></span> <span class='ocrx_word' id='word_1_98' title='bbox 1955 2421 2048 2496; x_wconf 91' lang='lat' dir='ltr'><strong>duas</strong></span> 
     </span>
     <span class='ocr_line' id='line_1_12' title="bbox 622 2547 2048 2657; baseline 0.003 -33"><span class='ocrx_word' id='word_1_99' title='bbox 622 2549 741 2626; x_wconf 90' lang='lat' dir='ltr'><strong>minas</strong></span> <span class='ocrx_word' id='word_1_100' title='bbox 753 2547 857 2627; x_wconf 90' lang='lat' dir='ltr'><strong>bladi</strong></span> <span class='ocrx_word' id='word_1_101' title='bbox 867 2613 875 2642; x_wconf 95' lang='lat'>‚</span> <span class='ocrx_word' id='word_1_102' title='bbox 885 2579 977 2657; x_wconf 88' lang='lat' dir='ltr'><strong>que,</strong></span> <span class='ocrx_word' id='word_1_103' title='bbox 989 2551 1088 2628; x_wconf 90' lang='lat' dir='ltr'><strong>ultra</strong></span> <span class='ocrx_word' id='word_1_104' title='bbox 1099 2577 1286 2629; x_wconf 90' lang='lat' dir='ltr'><strong>summam</strong></span> <span class='ocrx_word' id='word_1_105' title='bbox 1297 2550 1482 2638; x_wconf 85' lang='lat' dir='ltr'><strong>debitam,</strong></span> <span class='ocrx_word' id='word_1_106' title='bbox 1496 2567 1730 2656; x_wconf 88' lang='lat' dir='ltr'><strong>supererant,</strong></span> <span class='ocrx_word' id='word_1_107' title='bbox 1744 2567 1782 2625; x_wconf 90' lang='lat' dir='ltr'><strong>et</strong></span> <span class='ocrx_word' id='word_1_108' title='bbox 1792 2549 1937 2626; x_wconf 87' lang='lat' dir='ltr'><strong>eisdem</strong></span> <span class='ocrx_word' id='word_1_109' title='bbox 1946 2579 2048 2655; x_wconf 85' lang='lat' dir='ltr'><strong>pres·</strong></span> 
     </span>
     <span class='ocr_line' id='line_1_13' title="bbox 621 2676 2043 2785; baseline 0.001 -31"><span class='ocrx_word' id='word_1_110' title='bbox 621 2695 700 2754; x_wconf 86' lang='lat' dir='ltr'><strong>tare</strong></span> <span class='ocrx_word' id='word_1_111' title='bbox 720 2676 935 2785; x_wconf 88' lang='lat' dir='ltr'><strong>garendiam</strong></span> <span class='ocrx_word' id='word_1_112' title='bbox 957 2679 1135 2758; x_wconf 86' lang='lat' dir='ltr'><strong>adversus</strong></span> <span class='ocrx_word' id='word_1_113' title='bbox 1153 2680 1297 2758; x_wconf 89' lang='lat' dir='ltr'><strong>dictum</strong></span> <span class='ocrx_word' id='word_1_114' title='bbox 1314 2679 1487 2756; x_wconf 87' lang='lat' dir='ltr'><strong>Blancart</strong></span> <span class='ocrx_word' id='word_1_115' title='bbox 1499 2679 1547 2755; x_wconf 88' lang='lat' dir='ltr'><strong>de</strong></span> <span class='ocrx_word' id='word_1_116' title='bbox 1567 2679 1753 2784; x_wconf 81' lang='lat' dir='ltr'><strong>peticione</strong></span> <span class='ocrx_word' id='word_1_117' title='bbox 1773 2706 1838 2754; x_wconf 88' lang='lat' dir='ltr'><strong>sua</strong></span> <span class='ocrx_word' id='word_1_118' title='bbox 1859 2679 2043 2784; x_wconf 90' lang='lat' dir='ltr'><strong>predicta,</strong></span> 
     </span>
     <span class='ocr_line' id='line_1_14' title="bbox 622 2807 2043 2914; baseline 0.003 -32"><span class='ocrx_word' id='word_1_119' title='bbox 622 2824 660 2884; x_wconf 87' lang='lat' dir='ltr'><strong>et</strong></span> <span class='ocrx_word' id='word_1_120' title='bbox 674 2807 802 2913; x_wconf 84' lang='lat' dir='ltr'><strong>viginti</strong></span> <span class='ocrx_word' id='word_1_121' title='bbox 817 2808 986 2914; x_wconf 91' lang='lat' dir='ltr'><strong>quinque</strong></span> <span class='ocrx_word' id='word_1_122' title='bbox 999 2808 1112 2885; x_wconf 88' lang='lat' dir='ltr'><strong>libras</strong></span> <span class='ocrx_word' id='word_1_123' title='bbox 1124 2811 1366 2886; x_wconf 89' lang='lat' dir='ltr'><strong>Turonenses</strong></span> <span class='ocrx_word' id='word_1_124' title='bbox 1380 2809 1451 2886; x_wconf 92' lang='lat' dir='ltr'><strong>sibi</strong></span> <span class='ocrx_word' id='word_1_125' title='bbox 1467 2809 1578 2884; x_wconf 91' lang='lat' dir='ltr'><strong>reddi</strong></span> <span class='ocrx_word' id='word_1_126' title='bbox 1593 2837 1662 2914; x_wconf 92' lang='lat' dir='ltr'><strong>pro</strong></span> <span class='ocrx_word' id='word_1_127' title='bbox 1682 2808 1854 2913; x_wconf 86' lang='lat' dir='ltr'><strong>dampnis</strong></span> <span class='ocrx_word' id='word_1_128' title='bbox 1868 2837 1943 2914; x_wconf 90' lang='lat' dir='ltr'><strong>que</strong></span> <span class='ocrx_word' id='word_1_129' title='bbox 1955 2810 2043 2914; x_wconf 90' lang='lat' dir='ltr'><strong>ipsi,</strong></span> 
     </span>
     <span class='ocr_line' id='line_1_15' title="bbox 505 2936 2045 3048; baseline 0.002 -35"><span class='ocrx_word' id='word_1_130' title='bbox 505 3014 511 3025; x_wconf 84' lang='grc'>,</span> <span class='ocrx_word' id='word_1_131' title='bbox 620 2953 664 3013; x_wconf 90' lang='lat' dir='ltr'><strong>ut</strong></span> <span class='ocrx_word' id='word_1_132' title='bbox 674 2936 864 3029; x_wconf 88' lang='lat' dir='ltr'><strong>dicebant,</strong></span> <span class='ocrx_word' id='word_1_133' title='bbox 877 2938 1116 3016; x_wconf 91' lang='lat' dir='ltr'><strong>incurrerunt</strong></span> <span class='ocrx_word' id='word_1_134' title='bbox 1128 2938 1179 3016; x_wconf 92' lang='lat' dir='ltr'><strong>ob</strong></span> <span class='ocrx_word' id='word_1_135' title='bbox 1189 2937 1380 3016; x_wconf 87' lang='lat' dir='ltr'><strong>delectum</strong></span> <span class='ocrx_word' id='word_1_136' title='bbox 1390 2938 1568 3046; x_wconf 90' lang='lat' dir='ltr'><strong>garendie</strong></span> <span class='ocrx_word' id='word_1_137' title='bbox 1581 2938 1900 3025; x_wconf 77' lang='lat' dir='ltr'><strong>antedicte3dicto</strong></span> <span class='ocrx_word' id='word_1_138' title='bbox 1911 2940 2045 3048; x_wconf 89' lang='lat' dir='ltr'><strong>magis·</strong></span> 
     </span>
     <span class='ocr_line' id='line_1_16' title="bbox 619 3065 2044 3176; baseline 0.002 -33"><span class='ocrx_word' id='word_1_139' title='bbox 619 3084 681 3144; x_wconf 90' lang='lat' dir='ltr'><strong>tro</strong></span> <span class='ocrx_word' id='word_1_140' title='bbox 698 3065 835 3146; x_wconf 93' lang='lat' dir='ltr'><strong>Odone</strong></span> <span class='ocrx_word' id='word_1_141' title='bbox 855 3067 894 3144; x_wconf 89' lang='lat' dir='ltr'><strong>in</strong></span> <span class='ocrx_word' id='word_1_142' title='bbox 911 3069 1139 3146; x_wconf 89' lang='lat' dir='ltr'><strong>contrarium</strong></span> <span class='ocrx_word' id='word_1_143' title='bbox 1155 3086 1390 3176; x_wconf 87' lang='lat' dir='ltr'><strong>proponente</strong></span> <span class='ocrx_word' id='word_1_144' title='bbox 1411 3086 1449 3146; x_wconf 89' lang='lat' dir='ltr'><strong>et</strong></span> <span class='ocrx_word' id='word_1_145' title='bbox 1464 3069 1613 3146; x_wconf 84' lang='lat' dir='ltr'><strong>dicente</strong></span> <span class='ocrx_word' id='word_1_146' title='bbox 1632 3099 1672 3146; x_wconf 90' lang='lat' dir='ltr'><strong>se</strong></span> <span class='ocrx_word' id='word_1_147' title='bbox 1690 3069 1843 3146; x_wconf 87' lang='lat' dir='ltr'><strong>eosdem</strong></span> <span class='ocrx_word' id='word_1_148' title='bbox 1858 3069 2044 3176; x_wconf 88' lang='lat' dir='ltr'><strong>imprisio·</strong></span> 
     </span>
     <span class='ocr_line' id='line_1_17' title="bbox 618 3197 2040 3307; baseline 0.004 -35"><span class='ocrx_word' id='word_1_149' title='bbox 618 3225 725 3276; x_wconf 90' lang='lat' dir='ltr'><strong>nasse</strong></span> <span class='ocrx_word' id='word_1_150' title='bbox 739 3227 809 3304; x_wconf 93' lang='lat' dir='ltr'><strong>pro</strong></span> <span class='ocrx_word' id='word_1_151' title='bbox 826 3226 870 3278; x_wconf 93' lang='lat' dir='ltr'><strong>eo</strong></span> <span class='ocrx_word' id='word_1_152' title='bbox 886 3201 991 3305; x_wconf 92' lang='lat' dir='ltr'><strong>quod</strong></span> <span class='ocrx_word' id='word_1_153' title='bbox 1006 3201 1052 3278; x_wconf 93' lang='lat' dir='ltr'><strong>de</strong></span> <span class='ocrx_word' id='word_1_154' title='bbox 1067 3199 1165 3277; x_wconf 86' lang='lat' dir='ltr'><strong>dicta</strong></span> <span class='ocrx_word' id='word_1_155' title='bbox 1175 3199 1283 3276; x_wconf 88' lang='lat' dir='ltr'><strong>lirma</strong></span> <span class='ocrx_word' id='word_1_156' title='bbox 1297 3197 1420 3276; x_wconf 91' lang='lat' dir='ltr'><strong>eidem</strong></span> <span class='ocrx_word' id='word_1_157' title='bbox 1435 3201 1663 3307; x_wconf 89' lang='lat' dir='ltr'><strong>respondere</strong></span> <span class='ocrx_word' id='word_1_158' title='bbox 1679 3200 1920 3292; x_wconf 76' lang='lat' dir='ltr'><strong>recusabant3</strong></span> <span class='ocrx_word' id='word_1_159' title='bbox 1937 3201 2040 3288; x_wconf 92' lang='lat' dir='ltr'><strong>item,</strong></span> 
     </span>
     <span class='ocr_line' id='line_1_18' title="bbox 617 3329 2039 3438; baseline 0.002 -33"><span class='ocrx_word' id='word_1_160' title='bbox 617 3329 765 3408; x_wconf 85' lang='lat' dir='ltr'><strong>dicente</strong></span> <span class='ocrx_word' id='word_1_161' title='bbox 790 3357 829 3409; x_wconf 92' lang='lat' dir='ltr'><strong>se</strong></span> <span class='ocrx_word' id='word_1_162' title='bbox 855 3358 932 3408; x_wconf 93' lang='lat' dir='ltr'><strong>non</strong></span> <span class='ocrx_word' id='word_1_163' title='bbox 950 3331 1072 3408; x_wconf 91' lang='lat' dir='ltr'><strong>teneri</strong></span> <span class='ocrx_word' id='word_1_164' title='bbox 1098 3331 1145 3408; x_wconf 93' lang='lat' dir='ltr'><strong>ad</strong></span> <span class='ocrx_word' id='word_1_165' title='bbox 1169 3331 1452 3410; x_wconf 88' lang='lat' dir='ltr'><strong>restitucionem</strong></span> <span class='ocrx_word' id='word_1_166' title='bbox 1479 3330 1664 3408; x_wconf 85' lang='lat' dir='ltr'><strong>dictarum</strong></span> <span class='ocrx_word' id='word_1_167' title='bbox 1684 3331 1813 3438; x_wconf 84' lang='lat' dir='ltr'><strong>viginti</strong></span> <span class='ocrx_word' id='word_1_168' title='bbox 1839 3331 2039 3422; x_wconf 86' lang='lat' dir='ltr'><strong>librarum,</strong></span> 
     </span>
     <span class='ocr_line' id='line_1_19' title="bbox 616 3460 2042 3568; baseline 0 -30"><span class='ocrx_word' id='word_1_169' title='bbox 616 3490 702 3539; x_wconf 89' lang='lat' dir='ltr'><strong>cum</strong></span> <span class='ocrx_word' id='word_1_170' title='bbox 715 3525 723 3553; x_wconf 96' lang='lat'><strong>,</strong></span> <span class='ocrx_word' id='word_1_171' title='bbox 737 3462 785 3539; x_wconf 90' lang='lat' dir='ltr'><strong>de</strong></span> <span class='ocrx_word' id='word_1_172' title='bbox 801 3489 986 3540; x_wconf 88' lang='lat' dir='ltr'><strong>consensu</strong></span> <span class='ocrx_word' id='word_1_173' title='bbox 1007 3462 1196 3568; x_wconf 87' lang='lat' dir='ltr'><strong>ipsorum,</strong></span> <span class='ocrx_word' id='word_1_174' title='bbox 1213 3464 1355 3540; x_wconf 88' lang='lat' dir='ltr'><strong>dictum</strong></span> <span class='ocrx_word' id='word_1_175' title='bbox 1376 3461 1533 3540; x_wconf 91' lang='lat' dir='ltr'><strong>bladum</strong></span> <span class='ocrx_word' id='word_1_176' title='bbox 1551 3461 1683 3540; x_wconf 83' lang='lat' dir='ltr'><strong>luisset</strong></span> <span class='ocrx_word' id='word_1_177' title='bbox 1693 3462 1901 3567; x_wconf 87' lang='lat' dir='ltr'><strong>inspectum</strong></span> <span class='ocrx_word' id='word_1_178' title='bbox 1919 3479 1957 3540; x_wconf 85' lang='lat' dir='ltr'><strong>et</strong></span> <span class='ocrx_word' id='word_1_179' title='bbox 1970 3460 2042 3539; x_wconf 89' lang='lat' dir='ltr'><strong>luit</strong></span> 
     </span>
     <span class='ocr_line' id='line_1_20' title="bbox 616 3592 2041 3703; baseline 0 -32"><span class='ocrx_word' id='word_1_180' title='bbox 616 3611 808 3700; x_wconf 86' lang='lat' dir='ltr'><strong>repertum</strong></span> <span class='ocrx_word' id='word_1_181' title='bbox 829 3623 896 3701; x_wconf 88' lang='lat' dir='ltr'><strong>per</strong></span> <span class='ocrx_word' id='word_1_182' title='bbox 911 3596 1094 3701; x_wconf 90' lang='lat' dir='ltr'><strong>quosdam</strong></span> <span class='ocrx_word' id='word_1_183' title='bbox 1114 3593 1351 3703; x_wconf 90' lang='lat' dir='ltr'><strong>bolengarios</strong></span> <span class='ocrx_word' id='word_1_184' title='bbox 1369 3595 1497 3673; x_wconf 92' lang='lat' dir='ltr'><strong>minus</strong></span> <span class='ocrx_word' id='word_1_185' title='bbox 1517 3593 1641 3670; x_wconf 90' lang='lat' dir='ltr'><strong>valere</strong></span> <span class='ocrx_word' id='word_1_186' title='bbox 1663 3621 1776 3699; x_wconf 88' lang='lat' dir='ltr'><strong>quarn</strong></span> <span class='ocrx_word' id='word_1_187' title='bbox 1800 3592 1958 3670; x_wconf 81' lang='lat' dir='ltr'><strong>deberet</strong></span> <span class='ocrx_word' id='word_1_188' title='bbox 1979 3622 2041 3671; x_wconf 86' lang='lat' dir='ltr'><strong>us-</strong></span> 
     </span>
     <span class='ocr_line' id='line_1_21' title="bbox 615 3722 2040 3833; baseline 0.001 -33"><span class='ocrx_word' id='word_1_189' title='bbox 615 3751 690 3829; x_wconf 90' lang='lat' dir='ltr'><strong>que</strong></span> <span class='ocrx_word' id='word_1_190' title='bbox 711 3725 757 3800; x_wconf 89' lang='lat' dir='ltr'><strong>ad</strong></span> <span class='ocrx_word' id='word_1_191' title='bbox 778 3753 965 3802; x_wconf 88' lang='lat' dir='ltr'><strong>summam</strong></span> <span class='ocrx_word' id='word_1_192' title='bbox 987 3726 1115 3832; x_wconf 90' lang='lat' dir='ltr'><strong>viginti</strong></span> <span class='ocrx_word' id='word_1_193' title='bbox 1134 3726 1316 3804; x_wconf 88' lang='lat' dir='ltr'><strong>librarum</strong></span> <span class='ocrx_word' id='word_1_194' title='bbox 1336 3725 1613 3833; x_wconf 67' lang='lat' dir='ltr'><strong>predictarum</strong></span> <span class='ocrx_word' id='word_1_195' title='bbox 1635 3727 1748 3811; x_wconf 90' lang='lat' dir='ltr'><strong>item,</strong></span> <span class='ocrx_word' id='word_1_196' title='bbox 1769 3722 1917 3800; x_wconf 89' lang='lat' dir='ltr'><strong>dicebat</strong></span> <span class='ocrx_word' id='word_1_197' title='bbox 1935 3725 2040 3828; x_wconf 93' lang='lat' dir='ltr'><strong>quod</strong></span> 
     </span>
     <span class='ocr_line' id='line_1_22' title="bbox 617 3851 2038 3961; baseline -0.001 -34"><span class='ocrx_word' id='word_1_198' title='bbox 617 3851 754 3928; x_wconf 88' lang='lat' dir='ltr'><strong>dictam</strong></span> <span class='ocrx_word' id='word_1_199' title='bbox 771 3854 980 3961; x_wconf 83' lang='lat' dir='ltr'><strong>grangiam,</strong></span> <span class='ocrx_word' id='word_1_200' title='bbox 999 3882 1068 3930; x_wconf 88' lang='lat' dir='ltr'><strong>nec</strong></span> <span class='ocrx_word' id='word_1_201' title='bbox 1085 3883 1154 3961; x_wconf 89' lang='lat' dir='ltr'><strong>per</strong></span> <span class='ocrx_word' id='word_1_202' title='bbox 1166 3884 1205 3932; x_wconf 91' lang='lat' dir='ltr'><strong>se</strong></span> <span class='ocrx_word' id='word_1_203' title='bbox 1221 3883 1291 3931; x_wconf 90' lang='lat' dir='ltr'><strong>nec</strong></span> <span class='ocrx_word' id='word_1_204' title='bbox 1303 3883 1372 3959; x_wconf 90' lang='lat' dir='ltr'><strong>per</strong></span> <span class='ocrx_word' id='word_1_205' title='bbox 1386 3854 1503 3931; x_wconf 89' lang='lat' dir='ltr'><strong>alium</strong></span> <span class='ocrx_word' id='word_1_206' title='bbox 1526 3854 1615 3930; x_wconf 90' lang='lat' dir='ltr'><strong>lecit</strong></span> <span class='ocrx_word' id='word_1_207' title='bbox 1629 3852 1783 3958; x_wconf 88' lang='lat' dir='ltr'><strong>sigillari</strong></span> <span class='ocrx_word' id='word_1_208' title='bbox 1802 3851 1861 3926; x_wconf 90' lang='lat' dir='ltr'><strong>vel</strong></span> <span class='ocrx_word' id='word_1_209' title='bbox 1879 3851 2038 3936; x_wconf 86' lang='lat' dir='ltr'><strong>firmari,</strong></span> 
     </span>
     <span class='ocr_line' id='line_1_23' title="bbox 615 3977 2039 4092; baseline -0.001 -34"><span class='ocrx_word' id='word_1_210' title='bbox 615 4011 731 4089; x_wconf 89' lang='lat' dir='ltr'><strong>quare</strong></span> <span class='ocrx_word' id='word_1_211' title='bbox 745 3984 792 4059; x_wconf 89' lang='lat' dir='ltr'><strong>ad</strong></span> <span class='ocrx_word' id='word_1_212' title='bbox 804 3984 1038 4060; x_wconf 90' lang='lat' dir='ltr'><strong>resarcienda</strong></span> <span class='ocrx_word' id='word_1_213' title='bbox 1055 3977 1216 4092; x_wconf 91' lang='lat' dir='ltr'><strong>dampna</strong></span> <span class='ocrx_word' id='word_1_214' title='bbox 1228 3985 1396 4090; x_wconf 89' lang='lat' dir='ltr'><strong>predicta</strong></span> <span class='ocrx_word' id='word_1_215' title='bbox 1416 3986 1574 4061; x_wconf 89' lang='lat' dir='ltr'><strong>minime</strong></span> <span class='ocrx_word' id='word_1_216' title='bbox 1593 3982 1805 4074; x_wconf 84' lang='lat' dir='ltr'><strong>tenebatur,</strong></span> <span class='ocrx_word' id='word_1_217' title='bbox 1823 3998 1866 4059; x_wconf 91' lang='lat' dir='ltr'><strong>ut</strong></span> <span class='ocrx_word' id='word_1_218' title='bbox 1885 3982 1964 4088; x_wconf 90' lang='lat' dir='ltr'><strong>ipse</strong></span> <span class='ocrx_word' id='word_1_219' title='bbox 1981 3983 2039 4057; x_wconf 92' lang='lat' dir='ltr'><strong>di-</strong></span> 
     </span>
     <span class='ocr_line' id='line_1_24' title="bbox 614 4110 2036 4222; baseline -0.001 -32"><span class='ocrx_word' id='word_1_220' title='bbox 614 4113 721 4190; x_wconf 84' lang='lat' dir='ltr'><strong>cebat</strong></span> <span class='ocrx_word' id='word_1_221' title='bbox 732 4113 838 4193; x_wconf 83' lang='lat' dir='ltr'><strong>:Visa</strong></span> <span class='ocrx_word' id='word_1_222' title='bbox 853 4114 1027 4221; x_wconf 88' lang='lat' dir='ltr'><strong>inquesta</strong></span> <span class='ocrx_word' id='word_1_223' title='bbox 1046 4143 1161 4221; x_wconf 91' lang='lat' dir='ltr'><strong>super</strong></span> <span class='ocrx_word' id='word_1_224' title='bbox 1178 4115 1357 4222; x_wconf 77' lang='lat' dir='ltr'><strong>predictis</strong></span> <span class='ocrx_word' id='word_1_225' title='bbox 1371 4115 1480 4207; x_wconf 86' lang='lat' dir='ltr'><strong>facta,</strong></span> <span class='ocrx_word' id='word_1_226' title='bbox 1497 4143 1566 4220; x_wconf 91' lang='lat' dir='ltr'><strong>per</strong></span> <span class='ocrx_word' id='word_1_227' title='bbox 1580 4113 1684 4190; x_wconf 92' lang='lat' dir='ltr'><strong>curie</strong></span> <span class='ocrx_word' id='word_1_228' title='bbox 1703 4110 1830 4190; x_wconf 86' lang='lat' dir='ltr'><strong>nostre</strong></span> <span class='ocrx_word' id='word_1_229' title='bbox 1847 4113 2036 4221; x_wconf 86' lang='lat' dir='ltr'><strong>judicium</strong></span> 
     </span>
     <span class='ocr_line' id='line_1_25' title="bbox 614 4241 2037 4352; baseline 0.001 -33"><span class='ocrx_word' id='word_1_230' title='bbox 614 4243 764 4320; x_wconf 86' lang='lat' dir='ltr'><strong>dictum·</strong></span> <span class='ocrx_word' id='word_1_231' title='bbox 777 4241 850 4321; x_wconf 87' lang='lat' dir='ltr'><strong>luit</strong></span> <span class='ocrx_word' id='word_1_232' title='bbox 864 4245 970 4350; x_wconf 92' lang='lat' dir='ltr'><strong>quod</strong></span> <span class='ocrx_word' id='word_1_233' title='bbox 981 4246 1171 4350; x_wconf 88' lang='lat' dir='ltr'><strong>predictus</strong></span> <span class='ocrx_word' id='word_1_234' title='bbox 1186 4247 1363 4352; x_wconf 87' lang='lat' dir='ltr'><strong>magister</strong></span> <span class='ocrx_word' id='word_1_235' title='bbox 1378 4246 1465 4324; x_wconf 91' lang='lat' dir='ltr'><strong>Odo</strong></span> <span class='ocrx_word' id='word_1_236' title='bbox 1480 4245 1527 4321; x_wconf 90' lang='lat' dir='ltr'><strong>de</strong></span> <span class='ocrx_word' id='word_1_237' title='bbox 1542 4243 1739 4323; x_wconf 84' lang='lat' dir='ltr'><strong>Colomers</strong></span> <span class='ocrx_word' id='word_1_238' title='bbox 1758 4242 1896 4322; x_wconf 88' lang='lat' dir='ltr'><strong>reddet</strong></span> <span class='ocrx_word' id='word_1_239' title='bbox 1909 4261 1947 4320; x_wconf 88' lang='lat' dir='ltr'><strong>et</strong></span> <span class='ocrx_word' id='word_1_240' title='bbox 1962 4245 2037 4322; x_wconf 89' lang='lat' dir='ltr'><strong>sol·</strong></span> 
     </span>
     <span class='ocr_line' id='line_1_26' title="bbox 611 4370 2036 4486; baseline 0.001 -37"><span class='ocrx_word' id='word_1_241' title='bbox 611 4391 671 4452; x_wconf 76' lang='lat' dir='ltr'><strong>ret</strong></span> <span class='ocrx_word' id='word_1_242' title='bbox 685 4374 865 4481; x_wconf 88' lang='lat' dir='ltr'><strong>predictis</strong></span> <span class='ocrx_word' id='word_1_243' title='bbox 879 4376 918 4451; x_wconf 93' lang='lat' dir='ltr'><strong>P.</strong></span> <span class='ocrx_word' id='word_1_244' title='bbox 937 4393 974 4452; x_wconf 90' lang='lat' dir='ltr'><strong>et</strong></span> <span class='ocrx_word' id='word_1_245' title='bbox 990 4375 1034 4455; x_wconf 93' lang='lat' dir='ltr'><strong>G.</strong></span> <span class='ocrx_word' id='word_1_246' title='bbox 1051 4376 1182 4486; x_wconf 85' lang='lat' dir='ltr'><strong>viginti</strong></span> <span class='ocrx_word' id='word_1_247' title='bbox 1199 4374 1313 4454; x_wconf 92' lang='lat' dir='ltr'><strong>libras</strong></span> <span class='ocrx_word' id='word_1_248' title='bbox 1334 4370 1595 4465; x_wconf 84' lang='lat' dir='ltr'><strong>Tirronenses,</strong></span> <span class='ocrx_word' id='word_1_249' title='bbox 1613 4404 1721 4482; x_wconf 89' lang='lat' dir='ltr'><strong>quas,</strong></span> <span class='ocrx_word' id='word_1_250' title='bbox 1743 4403 1812 4482; x_wconf 91' lang='lat' dir='ltr'><strong>pro</strong></span> <span class='ocrx_word' id='word_1_251' title='bbox 1832 4374 2036 4452; x_wconf 78' lang='lat' dir='ltr'><strong>deteriora-</strong></span> 
     </span>
     <span class='ocr_line' id='line_1_27' title="bbox 553 4503 2034 4616; baseline 0.001 -34"><span class='ocrx_word' id='word_1_252' title='bbox 553 4609 556 4616; x_wconf 18' lang='grc' dir='ltr'>ι</span> <span class='ocrx_word' id='word_1_253' title='bbox 611 4507 719 4586; x_wconf 90' lang='lat' dir='ltr'><strong>cione</strong></span> <span class='ocrx_word' id='word_1_254' title='bbox 740 4505 829 4582; x_wconf 90' lang='lat' dir='ltr'><strong>dicti</strong></span> <span class='ocrx_word' id='word_1_255' title='bbox 848 4506 968 4595; x_wconf 89' lang='lat' dir='ltr'><strong>bladi,</strong></span> <span class='ocrx_word' id='word_1_256' title='bbox 988 4508 1034 4585; x_wconf 91' lang='lat' dir='ltr'><strong>ab</strong></span> <span class='ocrx_word' id='word_1_257' title='bbox 1056 4507 1199 4584; x_wconf 87' lang='lat' dir='ltr'><strong>eisdem</strong></span> <span class='ocrx_word' id='word_1_258' title='bbox 1219 4526 1411 4616; x_wconf 89' lang='lat' dir='ltr'><strong>receperat</strong></span> <span class='ocrx_word' id='word_1_259' title='bbox 1427 4508 1555 4584; x_wconf 91' lang='lat' dir='ltr'><strong>minos</strong></span> <span class='ocrx_word' id='word_1_260' title='bbox 1568 4508 1688 4616; x_wconf 83' lang='lat' dir='ltr'><strong>juste,</strong></span> <span class='ocrx_word' id='word_1_261' title='bbox 1709 4532 1858 4584; x_wconf 87' lang='lat' dir='ltr'><strong>necnon</strong></span> <span class='ocrx_word' id='word_1_262' title='bbox 1879 4521 1916 4582; x_wconf 90' lang='lat' dir='ltr'><strong>et</strong></span> <span class='ocrx_word' id='word_1_263' title='bbox 1936 4503 2034 4583; x_wconf 85' lang='lat' dir='ltr'><strong>litte·</strong></span> 
     </span>
     <span class='ocr_line' id='line_1_28' title="bbox 609 4637 2034 4746; baseline -0.002 -32"><span class='ocrx_word' id='word_1_264' title='bbox 609 4665 668 4716; x_wconf 89' lang='lat' dir='ltr'><strong>ras</strong></span> <span class='ocrx_word' id='word_1_265' title='bbox 688 4638 727 4714; x_wconf 89' lang='lat' dir='ltr'><strong>in</strong></span> <span class='ocrx_word' id='word_1_266' title='bbox 748 4637 888 4746; x_wconf 91' lang='lat' dir='ltr'><strong>quibus</strong></span> <span class='ocrx_word' id='word_1_267' title='bbox 903 4637 992 4715; x_wconf 89' lang='lat' dir='ltr'><strong>dicti</strong></span> <span class='ocrx_word' id='word_1_268' title='bbox 1010 4639 1050 4714; x_wconf 94' lang='lat' dir='ltr'><strong>P.</strong></span> <span class='ocrx_word' id='word_1_269' title='bbox 1068 4654 1106 4715; x_wconf 95' lang='lat' dir='ltr'><strong>et</strong></span> <span class='ocrx_word' id='word_1_270' title='bbox 1124 4637 1169 4717; x_wconf 92' lang='lat' dir='ltr'><strong>G.</strong></span> <span class='ocrx_word' id='word_1_271' title='bbox 1189 4667 1228 4716; x_wconf 89' lang='lat' dir='ltr'><strong>se</strong></span> <span class='ocrx_word' id='word_1_272' title='bbox 1246 4638 1502 4746; x_wconf 87' lang='lat' dir='ltr'><strong>obligaverant</strong></span> <span class='ocrx_word' id='word_1_273' title='bbox 1517 4663 1642 4715; x_wconf 88' lang='lat' dir='ltr'><strong>coram</strong></span> <span class='ocrx_word' id='word_1_274' title='bbox 1663 4637 1812 4716; x_wconf 87' lang='lat' dir='ltr'><strong>officiali</strong></span> <span class='ocrx_word' id='word_1_275' title='bbox 1833 4637 2034 4714; x_wconf 84' lang='lat' dir='ltr'><strong>Pictavensi</strong></span> 
     </span>
     <span class='ocr_line' id='line_1_29' title="bbox 608 4767 2032 4880; baseline -0.001 -35"><span class='ocrx_word' id='word_1_276' title='bbox 608 4768 655 4845; x_wconf 92' lang='lat' dir='ltr'><strong>ad</strong></span> <span class='ocrx_word' id='word_1_277' title='bbox 666 4768 887 4847; x_wconf 81' lang='lat' dir='ltr'><strong>solvendum</strong></span> <span class='ocrx_word' id='word_1_278' title='bbox 903 4767 1090 4875; x_wconf 88' lang='lat' dir='ltr'><strong>predictas</strong></span> <span class='ocrx_word' id='word_1_279' title='bbox 1101 4769 1229 4880; x_wconf 83' lang='lat' dir='ltr'><strong>viginti</strong></span> <span class='ocrx_word' id='word_1_280' title='bbox 1240 4769 1353 4846; x_wconf 81' lang='lat' dir='ltr'><strong>libras</strong></span> <span class='ocrx_word' id='word_1_281' title='bbox 1369 4770 1443 4874; x_wconf 80' lang='lat' dir='ltr'><strong>ipsi</strong></span> <span class='ocrx_word' id='word_1_282' title='bbox 1452 4769 1629 4876; x_wconf 90' lang='lat' dir='ltr'><strong>magistro</strong></span> <span class='ocrx_word' id='word_1_283' title='bbox 1639 4767 1785 4858; x_wconf 88' lang='lat' dir='ltr'><strong>Odoni;</strong></span> <span class='ocrx_word' id='word_1_284' title='bbox 1806 4767 1916 4856; x_wconf 85' lang='lat' dir='ltr'><strong>item,</strong></span> <span class='ocrx_word' id='word_1_285' title='bbox 1929 4767 2032 4873; x_wconf 93' lang='lat' dir='ltr'><strong>quod</strong></span> 
     </span>
     <span class='ocr_line' id='line_1_30' title="bbox 606 4897 2034 5007; baseline -0.002 -30"><span class='ocrx_word' id='word_1_286' title='bbox 606 4901 798 5006; x_wconf 78' lang='lat' dir='ltr'><strong>predictus</strong></span> <span class='ocrx_word' id='word_1_287' title='bbox 813 4900 899 4979; x_wconf 93' lang='lat' dir='ltr'><strong>Odo</strong></span> <span class='ocrx_word' id='word_1_288' title='bbox 914 4899 1030 4978; x_wconf 85' lang='lat' dir='ltr'><strong>solvet</strong></span> <span class='ocrx_word' id='word_1_289' title='bbox 1047 4901 1156 4978; x_wconf 90' lang='lat' dir='ltr'><strong>dictis</strong></span> <span class='ocrx_word' id='word_1_290' title='bbox 1171 4903 1210 4978; x_wconf 91' lang='lat' dir='ltr'><strong>P.</strong></span> <span class='ocrx_word' id='word_1_291' title='bbox 1225 4919 1263 4979; x_wconf 90' lang='lat' dir='ltr'><strong>et</strong></span> <span class='ocrx_word' id='word_1_292' title='bbox 1279 4902 1340 4990; x_wconf 92' lang='lat' dir='ltr'><strong>G.,</strong></span> <span class='ocrx_word' id='word_1_293' title='bbox 1352 4929 1421 5007; x_wconf 91' lang='lat' dir='ltr'><strong>pro</strong></span> <span class='ocrx_word' id='word_1_294' title='bbox 1435 4900 1609 5006; x_wconf 88' lang='lat' dir='ltr'><strong>dampnis</strong></span> <span class='ocrx_word' id='word_1_295' title='bbox 1628 4918 1667 4978; x_wconf 87' lang='lat' dir='ltr'><strong>et</strong></span> <span class='ocrx_word' id='word_1_296' title='bbox 1677 4901 1857 4978; x_wconf 83' lang='lat' dir='ltr'><strong>interesse</strong></span> <span class='ocrx_word' id='word_1_297' title='bbox 1875 4900 1969 4986; x_wconf 90' lang='lat' dir='ltr'><strong>suis,</strong></span> <span class='ocrx_word' id='word_1_298' title='bbox 1988 4897 2034 4974; x_wconf 92' lang='lat' dir='ltr'><strong>il-</strong></span> 
     </span>
     <span class='ocr_line' id='line_1_31' title="bbox 605 5029 2033 5141; baseline 0 -34"><span class='ocrx_word' id='word_1_299' title='bbox 605 5031 674 5108; x_wconf 92' lang='lat' dir='ltr'><strong>lud</strong></span> <span class='ocrx_word' id='word_1_300' title='bbox 693 5032 798 5139; x_wconf 91' lang='lat' dir='ltr'><strong>quod</strong></span> <span class='ocrx_word' id='word_1_301' title='bbox 819 5033 888 5138; x_wconf 91' lang='lat' dir='ltr'><strong>ipsi</strong></span> <span class='ocrx_word' id='word_1_302' title='bbox 904 5033 1113 5141; x_wconf 86' lang='lat' dir='ltr'><strong>juraverint</strong></span> <span class='ocrx_word' id='word_1_303' title='bbox 1133 5061 1254 5140; x_wconf 88' lang='lat' dir='ltr'><strong>usque</strong></span> <span class='ocrx_word' id='word_1_304' title='bbox 1275 5034 1323 5110; x_wconf 88' lang='lat' dir='ltr'><strong>ad</strong></span> <span class='ocrx_word' id='word_1_305' title='bbox 1343 5060 1533 5112; x_wconf 86' lang='lat' dir='ltr'><strong>summam</strong></span> <span class='ocrx_word' id='word_1_306' title='bbox 1558 5033 1831 5141; x_wconf 87' lang='lat' dir='ltr'><strong>quinquaginta</strong></span> <span class='ocrx_word' id='word_1_307' title='bbox 1850 5029 2033 5110; x_wconf 87' lang='lat' dir='ltr'><strong>librarum</strong></span> 
     </span>
     <span class='ocr_line' id='line_1_32' title="bbox 606 5163 2033 5273; baseline -0.002 -34"><span class='ocrx_word' id='word_1_308' title='bbox 606 5163 904 5254; x_wconf 76' lang='lat' dir='ltr'><strong>Turonensium3</strong></span> <span class='ocrx_word' id='word_1_309' title='bbox 926 5165 1035 5254; x_wconf 90' lang='lat' dir='ltr'><strong>item,</strong></span> <span class='ocrx_word' id='word_1_310' title='bbox 1055 5165 1161 5272; x_wconf 92' lang='lat' dir='ltr'><strong>quod</strong></span> <span class='ocrx_word' id='word_1_311' title='bbox 1172 5165 1366 5271; x_wconf 90' lang='lat' dir='ltr'><strong>predictus</strong></span> <span class='ocrx_word' id='word_1_312' title='bbox 1383 5166 1562 5273; x_wconf 84' lang='lat' dir='ltr'><strong>magister</strong></span> <span class='ocrx_word' id='word_1_313' title='bbox 1577 5164 1663 5244; x_wconf 93' lang='lat' dir='ltr'><strong>Odo</strong></span> <span class='ocrx_word' id='word_1_314' title='bbox 1677 5165 1798 5243; x_wconf 85' lang='lat' dir='ltr'><strong>solvet</strong></span> <span class='ocrx_word' id='word_1_315' title='bbox 1815 5163 1924 5242; x_wconf 85' lang='lat' dir='ltr'><strong>dictis</strong></span> <span class='ocrx_word' id='word_1_316' title='bbox 1936 5164 1977 5239; x_wconf 95' lang='lat' dir='ltr'><strong>P.</strong></span> <span class='ocrx_word' id='word_1_317' title='bbox 1995 5173 2033 5237; x_wconf 85' lang='lat' dir='ltr'><strong>ot</strong></span> 
     </span>
     <span class='ocr_line' id='line_1_33' title="bbox 606 5293 2028 5404; baseline -0.002 -34"><span class='ocrx_word' id='word_1_318' title='bbox 606 5293 651 5370; x_wconf 87' lang='lat' dir='ltr'><strong>G.</strong></span> <span class='ocrx_word' id='word_1_319' title='bbox 672 5309 730 5372; x_wconf 86' lang='lat' dir='ltr'><strong>tot</strong></span> <span class='ocrx_word' id='word_1_320' title='bbox 748 5295 868 5373; x_wconf 88' lang='lat' dir='ltr'><strong>minas</strong></span> <span class='ocrx_word' id='word_1_321' title='bbox 882 5296 985 5374; x_wconf 90' lang='lat' dir='ltr'><strong>bladi</strong></span> <span class='ocrx_word' id='word_1_322' title='bbox 1006 5313 1101 5404; x_wconf 89' lang='lat' dir='ltr'><strong>quot</strong></span> <span class='ocrx_word' id='word_1_323' title='bbox 1121 5297 1190 5404; x_wconf 90' lang='lat' dir='ltr'><strong>ipsi</strong></span> <span class='ocrx_word' id='word_1_324' title='bbox 1210 5313 1434 5387; x_wconf 80' lang='lat' dir='ltr'><strong>assererent,</strong></span> <span class='ocrx_word' id='word_1_325' title='bbox 1456 5323 1526 5404; x_wconf 86' lang='lat' dir='ltr'><strong>per</strong></span> <span class='ocrx_word' id='word_1_326' title='bbox 1542 5297 1738 5404; x_wconf 81' lang='lat' dir='ltr'><strong>proprium</strong></span> <span class='ocrx_word' id='word_1_327' title='bbox 1750 5297 2028 5404; x_wconf 83' lang='lat' dir='ltr'><strong>juramentum,</strong></span> 
     </span>
     <span class='ocr_line' id='line_1_34' title="bbox 606 5417 2030 5535; baseline -0.001 -38"><span class='ocrx_word' id='word_1_328' title='bbox 606 5450 725 5529; x_wconf 90' lang='lat' dir='ltr'><strong>usque</strong></span> <span class='ocrx_word' id='word_1_329' title='bbox 739 5425 786 5502; x_wconf 88' lang='lat' dir='ltr'><strong>ad</strong></span> <span class='ocrx_word' id='word_1_330' title='bbox 800 5417 985 5508; x_wconf 84' lang='lat' dir='ltr'><strong>summam</strong></span> <span class='ocrx_word' id='word_1_331' title='bbox 996 5428 1122 5535; x_wconf 89' lang='lat' dir='ltr'><strong>viginti</strong></span> <span class='ocrx_word' id='word_1_332' title='bbox 1139 5429 1298 5506; x_wconf 82' lang='lat' dir='ltr'><strong>duarum</strong></span> <span class='ocrx_word' id='word_1_333' title='bbox 1311 5428 1514 5518; x_wconf 88' lang='lat' dir='ltr'><strong>minarum,</strong></span> <span class='ocrx_word' id='word_1_334' title='bbox 1527 5429 1651 5534; x_wconf 88' lang='lat' dir='ltr'><strong>ipsum</strong></span> <span class='ocrx_word' id='word_1_335' title='bbox 1663 5427 1837 5506; x_wconf 87' lang='lat' dir='ltr'><strong>Odonem</strong></span> <span class='ocrx_word' id='word_1_336' title='bbox 1855 5421 2030 5500; x_wconf 84' lang='lat' dir='ltr'><strong>habuisse</strong></span> 
     </span>
    </p>
   </div>
   <div class='ocr_carea' id='block_1_3' title="bbox 0 0 2914 7292">
    <p class='ocr_par' dir='ltr' id='par_1_3' title="bbox 0 0 2914 7292">
     <span class='ocr_line' id='line_1_35' title="bbox 0 0 2914 7292; baseline 0 7"><span class='ocrx_word' id='word_1_337' title='bbox 0 0 2914 7292; x_wconf 95' lang='lat' dir='ltr'><strong> </strong></span> 
     </span>
    </p>
   </div>
  </div>
 </body>
</html>
