5817 7292
906 1137 980 1209 628
1489 1129 1579 1203 LES
1610 1129 1747 1204 OLIM.

682 1284 810 1340 rmum
824 1285 867 1349 tv,
904 1276 1133 1382 predictum,
1150 1274 1259 1355 dictis
1272 1271 1383 1351 sociis
1399 1270 1438 1349 in
1452 1270 1682 1351 contrarium
1693 1267 1924 1360 dicentibus,
1941 1266 2065 1375 qnod,
2083 1293 2154 1373 pro
2167 1268 2326 1348 evidenti

741 1376 804 1423 nn,
904 1404 1064 1483 utilitate
1085 1422 1124 1485 et
1142 1402 1289 1512 urgenti
1311 1402 1529 1480 necessitate
1547 1402 1637 1479 dicti
1653 1399 1805 1507 pupilli,
1819 1398 1993 1507 pluribus
2008 1397 2147 1479 debitis
2163 1402 2325 1489 onerati,

905 1535 1032 1613 debita
1056 1534 1334 1642 sollempnitate
1354 1532 1452 1641 juris
1472 1530 1681 1619 observata,
1704 1529 1828 1637 dictas
1852 1546 2065 1608 contractus
2090 1530 2214 1610 fuerat
2232 1530 2331 1608 cele—

902 1666 1046 1757 bratus,
1057 1694 1173 1774 qnare
1184 1662 1535 1769 dicebantpredicta
1550 1662 1681 1768 petita,
1694 1689 1762 1768 pro
1778 1661 1880 1739 dicto
1892 1661 2053 1769 pupillo,
2071 1662 2155 1740 fieri
2171 1690 2250 1739 non
2265 1661 2331 1738 dc-

901 1796 992 1874 bcre
1011 1830 1018 1873 :
1039 1799 1150 1875 Facta
1173 1795 1288 1903 igitur
1306 1822 1420 1902 super
1439 1793 1513 1871 hoc
1537 1792 1710 1899 inquesta
1727 1808 1764 1870 et
1784 1792 1831 1869 ad
1852 1808 2017 1871 nostram
2039 1793 2183 1870 curiam
2201 1818 2329 1899 repor-

902 1943 993 2017 tata,
1021 1956 1079 2016 ac,
1102 1926 1150 2004 de
1173 1923 1323 2033 speciali
1350 1923 1529 2001 mandato
1553 1940 1682 2003 nostro
1703 1939 1740 2000 et
1764 1948 1808 2000 ex
1827 1951 1955 2015 causa,
1978 1951 2208 2029 quamquam
2229 1939 2328 1999 extra

902 2056 1193 2162 parlamentum,
1221 2054 1269 2131 ad
1300 2054 1509 2131 videndum
1546 2070 1583 2131 et
1608 2052 1857 2161 judicandum
1881 2051 2034 2140 tradita,
2062 2052 2326 2159 dictorumque

903 2190 1084 2277 tutorum,
1105 2186 1364 2292 proximorum
1382 2201 1419 2261 ct
1438 2183 1663 2273 amicorum,
1686 2212 1730 2261 ex
1750 2212 1825 2261 una
1851 2200 1972 2290 parte,
1993 2182 2321 2290 predictorumque

904 2314 1112 2409 sociorum,
1135 2344 1178 2392 ex
1197 2315 1327 2403 altera,
1350 2314 1488 2392 auditis
1503 2313 1717 2392 nacionibus
1737 2314 1828 2391 hinc
1847 2331 1886 2392 et
1904 2313 2011 2405 inde,
2032 2328 2069 2389 et
2086 2312 2170 2389 visis
2187 2310 2323 2388 litteris

905 2463 942 2521 et
971 2446 1229 2524 instrumentis
1259 2444 1306 2523 ab
1335 2462 1494 2559 utraque
1521 2464 1624 2553 parte
1647 2445 1858 2553 productis,
1885 2444 2036 2552 visaque
2065 2459 2102 2519 et
2125 2441 2323 2549 diligenter

905 2577 1109 2654 examinata
1129 2578 1300 2684 inquesta
1320 2576 1504 2683 predicta,
1527 2606 1613 2652 eum
1629 2604 1793 2683 peream
1814 2576 2011 2654 inventum
2031 2572 2145 2651 fuerit
2163 2571 2278 2679 quod,
2300 2602 2323 2648 a

902 2705 1123 2785 vendicione
1143 2707 1191 2784 de
1213 2706 1322 2785 dictis
1340 2706 1554 2784 redditibus
1571 2706 1676 2812 prius
1695 2705 1790 2784 lacta
1803 2707 1913 2785 Petro
1933 2704 2089 2794 Donati,
2109 2732 2178 2810 pro
2198 2732 2237 2781 se
2252 2703 2327 2781 sin-

903 2835 1081 2942 gulariter
1109 2835 1360 2925 contrahenti,
1388 2837 1435 2912 de
1465 2836 1641 2913 societate
1666 2834 1831 2942 predicta
1857 2835 2107 2951 existenti,ip
2129 2863 2205 2941 qua
2230 2832 2326 2941 juris

903 2966 1159 3074 sollempnitas
1177 2966 1367 3043 observata
1387 2965 1501 3043 fuisse
1521 2964 1728 3057 videbatur,
1750 2964 1798 3042 de
1814 2994 1999 3044 consensu
2016 2966 2106 3043 dicti
2120 2965 2236 3053 Petri,
2257 2992 2325 3069 pro

903 3124 958 3185 se,
981 3115 1019 3175 et
1039 3099 1166 3176 matris
1187 3098 1277 3176 dicti
1294 3096 1440 3205 pupilli,
1454 3097 1624 3206 ejusdem
1640 3095 1798 3189 tutricis,
1810 3097 1976 3175 totaliter
1989 3095 2326 3186 baitrecessum,·et

901 3228 1006 3332 quod
1021 3228 1059 3303 in
1072 3245 1264 3306 contractu
1277 3228 1511 3305 vendicionis
1527 3227 1715 3305 dictorum
1726 3227 1963 3317 reddituum,
1978 3245 2106 3336 postea
2118 3226 2214 3304 lactc
2229 3252 2325 3301 mer-

862 3429 867 3437 .
902 3356 1089 3433 catoribus
1109 3358 1156 3434 de
1182 3358 1358 3434 societate
1378 3357 1561 3463 predicta,
1578 3357 1676 3464 juris
1700 3357 1956 3464 sollempnitas
1979 3356 2135 3436 omnino
2159 3355 2233 3433 fuit
2253 3353 2325 3433 ob·

901 3485 1024 3575 missa,
1046 3488 1226 3594 quodque
1247 3485 1337 3564 dicti
1361 3486 1552 3576 redditus,
1573 3504 1746 3594 tempore
1770 3488 1867 3565 dicte
1891 3487 2122 3565 vendicionis
2140 3484 2237 3562 lacte
2258 3512 2321 3562 so-

901 3616 1023 3693 cietati
1048 3617 1230 3724 predicte,
1254 3616 1425 3695 deductis
1447 3616 1691 3697 missionibus
1719 3638 1758 3698 et
1788 3620 1976 3728 expensis,
2004 3616 2191 3705 valebant,
2220 3642 2316 3692 anno

899 3746 1088 3853 quolibet,
1117 3748 1406 3857 quadringentas
1429 3747 1544 3827 libras
1560 3778 1761 3857 parvorum
1776 3752 2057 3832 Turonensium
2075 3749 2262 3829 bonorum
2280 3764 2319 3822 et

900 3879 1074 3985 amplius,
1096 3880 1162 3984 qui
1181 3862 1352 3958 redditus
1372 3880 1482 3957 dictis
1500 3880 1610 3959 sociis
1628 3882 1770 3960 venditi
1790 3881 1945 3961 fiaerunt
1969 3910 2089 3989 usque
2113 3880 2161 3957 ad
2178 3878 2321 3958 tresde·

900 4008 972 4085 cim
992 4037 1109 4086 annos
1128 4038 1197 4117 pro
1214 4026 1357 4117 septem
1375 4010 1480 4088 mille
1500 4010 1684 4089 librarum
1704 4013 1985 4091 Turonensium
2002 4011 2139 4090 debilis
2155 4027 2316 4097 monete,

898 4140 963 4245 qui
983 4139 1107 4218 valent
1135 4142 1173 4217 in
1195 4141 1295 4219 bona
1320 4159 1472 4219 moneta
1492 4142 1570 4220 duo
1593 4142 1712 4219 millia
1729 4162 1915 4222 trecentas
1937 4146 2087 4254 triginta
2107 4162 2183 4221 tres
2204 4141 2318 4219 libras

786 4279 792 4293 ’
898 4298 961 4346 sex
979 4269 1120 4348 solidos
1147 4289 1185 4349 et
1205 4289 1291 4349 octo
1315 4271 1488 4351 denarios
1514 4274 1772 4367 Turonenses,
1798 4291 1836 4352 et
1855 4303 1924 4382 pro
1948 4274 2193 4382 quadraginta
2212 4271 2319 4349 libris

897 4402 1177 4481 Turonensium
1212 4402 1415 4494 debilium,
1447 4432 1563 4510 quas,
1595 4433 1694 4482 anno
1729 4404 1902 4514 quolibet
1933 4406 2190 4514 predictorum
2226 4422 2320 4482 tres-

898 4530 1019 4609 decim
1038 4561 1223 4612 annorum
1243 4534 1312 4640 ipsi
1333 4534 1475 4613 solvere
1502 4533 1692 4613 debebant
1711 4536 1819 4614 matri
1844 4536 1931 4614 dicti
1951 4522 2105 4643 pupilli,
2128 4561 2199 4641 pro
2219 4535 2317 4611 victu

896 4688 984 4751 suo,
1010 4692 1078 4770 per
1103 4691 1177 4769 que
1202 4662 1348 4771 liquido
1374 4682 1528 4771 apparet
1552 4665 1695 4743 dictum
1722 4666 1913 4773 pupillum
1937 4667 1977 4743 in
1998 4666 2166 4774 predicta
2189 4664 2315 4743 vendi-

896 4792 1018 4882 cione,
1048 4793 1163 4871 eciam
1184 4794 1214 4872 si
1234 4811 1398 4886 teneret,
1422 4795 1538 4875 luisse
1560 4813 1597 4874 et
1617 4825 1697 4874 esse
1720 4796 1925 4875 enormiter
1945 4796 2090 4887 lesum,
2118 4825 2186 4904 per
2210 4793 2314 4872 curie
2444 4772 2449 4777 .

894 4940 1020 5001 nostre
1029 4923 1235 5030 judicium,
1253 4925 1395 5003 dictum
1416 4925 1491 5005 fuit
1503 4926 1715 5033 predictum
1734 4945 1965 5007 contractum
1981 4926 2209 5005 vendicionis
2224 4924 2316 5002 nul·

893 5052 974 5131 lum
995 5082 1074 5133 esse
1095 5073 1133 5133 et
1152 5084 1230 5133 non
1245 5056 1382 5133 debere
1403 5073 1553 5149 tenere3
1571 5075 1625 5148 et,
1645 5086 1713 5164 per
1731 5059 1832 5137 idem
1845 5058 2052 5167 judicium,
2078 5056 2150 5135 suit
2169 5057 2315 5133 dictum

892 5184 997 5291 quod
1013 5186 1169 5291 predicti
1187 5185 1276 5262 socii
1294 5214 1425 5264 omnes
1444 5186 1589 5267 fructus
1604 5207 1642 5267 et
1661 5190 1781 5268 exitus
1803 5190 1851 5288 ab
1871 5190 2013 5269 eisdem
2032 5190 2079 5269 de
2099 5188 2315 5267 redditibus

893 5314 981 5396 dicti
1000 5314 1073 5394 loci
1093 5333 1305 5424 perceptos,
1324 5319 1440 5424 etqui
1460 5319 1602 5428 percipi
1622 5337 1829 5428 potuerunt
1846 5350 1915 5429 per
1931 5321 2100 5429 qninqm
2116 5346 2231 5397 annos
2246 5346 2316 5397 no

824 5536 826 5541 ι
891 5445 1038 5525 vissime
1061 5447 1260 5552 preteritos
1281 5448 1423 5556 quibus
1442 5450 1513 5557 ipsi
1539 5468 1726 5556 emptores
1748 5453 1868 5531 dictos
1893 5452 2064 5531 redditus
2085 5451 2317 5558 explectave·
