<?xml version="1.0" encoding="UTF-8"?>
<!DOCTYPE html PUBLIC "-//W3C//DTD XHTML 1.0 Transitional//EN"
    "http://www.w3.org/TR/xhtml1/DTD/xhtml1-transitional.dtd">
<html xmlns="http://www.w3.org/1999/xhtml" xml:lang="en" lang="en">
 <head>
  <title>
</title>
<meta http-equiv="Content-Type" content="text/html;charset=utf-8" />
  <meta name='ocr-system' content='tesseract 3.04.00' />
  <meta name='ocr-capabilities' content='ocr_page ocr_carea ocr_par ocr_line ocrx_word'/>
</head>
<body>
  <div class='ocr_page' id='page_1' title='image "./lesolimouregist00pargoog_0142.png"; bbox 0 0 5817 7292; ppageno 0'>
   <div class='ocr_carea' id='block_1_1' title="bbox 625 1309 811 1444">
    <p class='ocr_par' dir='ltr' id='par_1_1' title="bbox 625 1309 811 1444">
     <span class='ocr_line' id='line_1_1' title="bbox 625 1309 811 1374; baseline 0 -10"><span class='ocrx_word' id='word_1_1' title='bbox 625 1309 755 1364; x_wconf 73' lang='lat' dir='ltr'><strong>Pataram</strong></span> <span class='ocrx_word' id='word_1_2' title='bbox 768 1309 811 1374; x_wconf 77' lang='lat' dir='ltr'><strong>tv,</strong></span> 
     </span>
     <span class='ocr_line' id='line_1_2' title="bbox 684 1401 747 1444; baseline 0.032 -2"><span class='ocrx_word' id='word_1_3' title='bbox 684 1401 747 1444; x_wconf 76' lang='lat'>1³00.</span> 
     </span>
    </p>
   </div>
   <div class='ocr_carea' id='block_1_2' title="bbox 851 1151 1689 1266">
    <p class='ocr_par' dir='ltr' id='par_1_2' title="bbox 851 1151 1689 1266">
     <span class='ocr_line' id='line_1_3' title="bbox 851 1151 1689 1266; baseline 0.001 -38"><span class='ocrx_word' id='word_1_4' title='bbox 851 1151 899 1229; x_wconf 80' lang='lat' dir='ltr'><strong>rc</strong></span> <span class='ocrx_word' id='word_1_5' title='bbox 1344 1219 1348 1232; x_wconf 84' lang='grc'><em>.</em></span> <span class='ocrx_word' id='word_1_6' title='bbox 1431 1157 1521 1238; x_wconf 71' lang='lat' dir='ltr'><strong>aas</strong></span> <span class='ocrx_word' id='word_1_7' title='bbox 1550 1156 1689 1266; x_wconf 75' lang='lat' dir='ltr'><strong>omn</strong></span> 
     </span>
    </p>
   </div>
   <div class='ocr_carea' id='block_1_3' title="bbox 847 1294 2262 1414">
    <p class='ocr_par' dir='ltr' id='par_1_3' title="bbox 847 1294 2262 1414">
     <span class='ocr_line' id='line_1_4' title="bbox 847 1294 2262 1414; baseline 0.003 -40"><span class='ocrx_word' id='word_1_8' title='bbox 847 1294 939 1404; x_wconf 81' lang='lat' dir='ltr'><strong>gillo</strong></span> <span class='ocrx_word' id='word_1_9' title='bbox 966 1297 1210 1403; x_wconf 88' lang='lat' dir='ltr'><strong>precarissimi</strong></span> <span class='ocrx_word' id='word_1_10' title='bbox 1236 1297 1380 1377; x_wconf 84' lang='lat' dir='ltr'><strong>domini</strong></span> <span class='ocrx_word' id='word_1_11' title='bbox 1401 1316 1439 1376; x_wconf 93' lang='lat' dir='ltr'><strong>et</strong></span> <span class='ocrx_word' id='word_1_12' title='bbox 1460 1299 1631 1408; x_wconf 77' lang='lat' dir='ltr'><strong>conjugis</strong></span> <span class='ocrx_word' id='word_1_13' title='bbox 1656 1297 1774 1376; x_wconf 89' lang='lat' dir='ltr'><strong>nostri</strong></span> <span class='ocrx_word' id='word_1_14' title='bbox 1793 1296 1946 1377; x_wconf 80' lang='lat' dir='ltr'><strong>Francia</strong></span> <span class='ocrx_word' id='word_1_15' title='bbox 1970 1296 2068 1414; x_wconf 84' lang='lat' dir='ltr'><strong>regis</strong></span> <span class='ocrx_word' id='word_1_16' title='bbox 2091 1298 2262 1405; x_wconf 80' lang='lat' dir='ltr'><strong>predicti.</strong></span> 
     </span>
    </p>
   </div>
   <div class='ocr_carea' id='block_1_4' title="bbox 841 1556 2267 2449">
    <p class='ocr_par' dir='ltr' id='par_1_4' title="bbox 841 1556 2267 2322">
     <span class='ocr_line' id='line_1_5' title="bbox 901 1556 2266 1669; baseline -0.001 -29"><span class='ocrx_word' id='word_1_17' title='bbox 901 1559 960 1640; x_wconf 90' lang='lat' dir='ltr'><strong>VI.</strong></span> <span class='ocrx_word' id='word_1_18' title='bbox 991 1561 1075 1640; x_wconf 89' lang='lat' dir='ltr'><strong>Visa</strong></span> <span class='ocrx_word' id='word_1_19' title='bbox 1100 1560 1369 1639; x_wconf 80' lang='lat' dir='ltr'><strong>informacionc</strong></span> <span class='ocrx_word' id='word_1_20' title='bbox 1391 1557 1486 1638; x_wconf 81' lang='lat' dir='ltr'><strong>lacta</strong></span> <span class='ocrx_word' id='word_1_21' title='bbox 1504 1559 1552 1638; x_wconf 90' lang='lat' dir='ltr'><strong>de</strong></span> <span class='ocrx_word' id='word_1_22' title='bbox 1573 1558 1750 1638; x_wconf 89' lang='lat' dir='ltr'><strong>mandato</strong></span> <span class='ocrx_word' id='word_1_23' title='bbox 1771 1556 1917 1637; x_wconf 89' lang='lat' dir='ltr'><strong>domini</strong></span> <span class='ocrx_word' id='word_1_24' title='bbox 1936 1560 2055 1636; x_wconf 84' lang='lat' dir='ltr'><strong>nostri</strong></span> <span class='ocrx_word' id='word_1_25' title='bbox 2073 1561 2184 1669; x_wconf 83' lang='lat' dir='ltr'><strong>Regis</strong></span> <span class='ocrx_word' id='word_1_26' title='bbox 2202 1590 2266 1639; x_wconf 87' lang='lat' dir='ltr'><strong>su·</strong></span> 
     </span>
     <span class='ocr_line' id='line_1_6' title="bbox 844 1690 2267 1798; baseline 0.001 -30"><span class='ocrx_word' id='word_1_27' title='bbox 844 1691 1007 1798; x_wconf 84' lang='lat' dir='ltr'><strong>perjure</strong></span> <span class='ocrx_word' id='word_1_28' title='bbox 1024 1690 1237 1769; x_wconf 86' lang='lat' dir='ltr'><strong>collacionis</strong></span> <span class='ocrx_word' id='word_1_29' title='bbox 1250 1692 1530 1798; x_wconf 88' lang='lat' dir='ltr'><strong>prebendarum</strong></span> <span class='ocrx_word' id='word_1_30' title='bbox 1545 1691 1820 1769; x_wconf 71' lang='lat' dir='ltr'><strong>SancteCrucis</strong></span> <span class='ocrx_word' id='word_1_31' title='bbox 1833 1691 2077 1796; x_wconf 73' lang='lat' dir='ltr'><strong>Stampensis,</strong></span> <span class='ocrx_word' id='word_1_32' title='bbox 2090 1691 2267 1770; x_wconf 85' lang='lat' dir='ltr'><strong>dixcnmt</strong></span> 
     </span>
     <span class='ocr_line' id='line_1_7' title="bbox 843 1820 2265 1932; baseline 0.001 -32"><span class='ocrx_word' id='word_1_33' title='bbox 843 1822 1008 1932; x_wconf 82' lang='lat' dir='ltr'><strong>magistri</strong></span> <span class='ocrx_word' id='word_1_34' title='bbox 1023 1823 1128 1929; x_wconf 92' lang='lat' dir='ltr'><strong>quod</strong></span> <span class='ocrx_word' id='word_1_35' title='bbox 1142 1823 1323 1901; x_wconf 89' lang='lat' dir='ltr'><strong>dominus</strong></span> <span class='ocrx_word' id='word_1_36' title='bbox 1343 1821 1573 1912; x_wconf 89' lang='lat' dir='ltr'><strong>Ludovicus,</strong></span> <span class='ocrx_word' id='word_1_37' title='bbox 1596 1820 1772 1900; x_wconf 86' lang='lat' dir='ltr'><strong>dominus</strong></span> <span class='ocrx_word' id='word_1_38' title='bbox 1792 1821 2037 1926; x_wconf 82' lang='lat' dir='ltr'><strong>Stampensis,</strong></span> <span class='ocrx_word' id='word_1_39' title='bbox 2055 1823 2195 1927; x_wconf 85' lang='lat' dir='ltr'><strong>poterit</strong></span> <span class='ocrx_word' id='word_1_40' title='bbox 2212 1822 2265 1901; x_wconf 81' lang='lat' dir='ltr'><strong>la-</strong></span> 
     </span>
     <span class='ocr_line' id='line_1_8' title="bbox 843 1951 2261 2060; baseline 0.001 -30"><span class='ocrx_word' id='word_1_41' title='bbox 843 1982 928 2032; x_wconf 90' lang='lat' dir='ltr'><strong>cere</strong></span> <span class='ocrx_word' id='word_1_42' title='bbox 948 1953 1087 2060; x_wconf 84' lang='lat' dir='ltr'><strong>inquiri</strong></span> <span class='ocrx_word' id='word_1_43' title='bbox 1104 1952 1150 2030; x_wconf 90' lang='lat' dir='ltr'><strong>de</strong></span> <span class='ocrx_word' id='word_1_44' title='bbox 1161 1953 1247 2059; x_wconf 88' lang='lat' dir='ltr'><strong>jure</strong></span> <span class='ocrx_word' id='word_1_45' title='bbox 1264 1981 1332 2030; x_wconf 86' lang='lat' dir='ltr'><strong>suo</strong></span> <span class='ocrx_word' id='word_1_46' title='bbox 1347 1979 1460 2058; x_wconf 82' lang='lat' dir='ltr'><strong>super</strong></span> <span class='ocrx_word' id='word_1_47' title='bbox 1479 1951 1683 2030; x_wconf 84' lang='lat' dir='ltr'><strong>collacione</strong></span> <span class='ocrx_word' id='word_1_48' title='bbox 1698 1951 1951 2056; x_wconf 83' lang='lat' dir='ltr'><strong>predictarum</strong></span> <span class='ocrx_word' id='word_1_49' title='bbox 1964 1952 2261 2057; x_wconf 86' lang='lat' dir='ltr'><strong>prebendarum,</strong></span> 
     </span>
     <span class='ocr_line' id='line_1_9' title="bbox 842 2081 2263 2191; baseline -0.001 -30"><span class='ocrx_word' id='word_1_50' title='bbox 842 2083 993 2191; x_wconf 88' lang='lat' dir='ltr'><strong>quando</strong></span> <span class='ocrx_word' id='word_1_51' title='bbox 1018 2083 1181 2189; x_wconf 83' lang='lat' dir='ltr'><strong>placebit</strong></span> <span class='ocrx_word' id='word_1_52' title='bbox 1205 2084 1255 2171; x_wconf 86' lang='lat' dir='ltr'><strong>ei,</strong></span> <span class='ocrx_word' id='word_1_53' title='bbox 1281 2099 1320 2159; x_wconf 92' lang='lat' dir='ltr'><strong>et</strong></span> <span class='ocrx_word' id='word_1_54' title='bbox 1343 2099 1524 2190; x_wconf 79' lang='lat' dir='ltr'><strong>vocentur</strong></span> <span class='ocrx_word' id='word_1_55' title='bbox 1546 2100 1637 2161; x_wconf 87' lang='lat' dir='ltr'><strong>tunc</strong></span> <span class='ocrx_word' id='word_1_56' title='bbox 1663 2083 1729 2189; x_wconf 86' lang='lat' dir='ltr'><strong>qni</strong></span> <span class='ocrx_word' id='word_1_57' title='bbox 1750 2081 1892 2160; x_wconf 87' lang='lat' dir='ltr'><strong>suerint</strong></span> <span class='ocrx_word' id='word_1_58' title='bbox 1910 2083 2106 2172; x_wconf 88' lang='lat' dir='ltr'><strong>evocandi,</strong></span> <span class='ocrx_word' id='word_1_59' title='bbox 2129 2102 2167 2161; x_wconf 90' lang='lat' dir='ltr'><strong>et</strong></span> <span class='ocrx_word' id='word_1_60' title='bbox 2185 2113 2263 2162; x_wconf 89' lang='lat' dir='ltr'><strong>non</strong></span> 
     </span>
     <span class='ocr_line' id='line_1_10' title="bbox 841 2212 2202 2322; baseline 0.001 -32"><span class='ocrx_word' id='word_1_61' title='bbox 841 2213 914 2292; x_wconf 84' lang='lat' dir='ltr'><strong>suit</strong></span> <span class='ocrx_word' id='word_1_62' title='bbox 925 2214 1092 2322; x_wconf 87' lang='lat' dir='ltr'><strong>judicata</strong></span> <span class='ocrx_word' id='word_1_63' title='bbox 1111 2214 1180 2292; x_wconf 88' lang='lat' dir='ltr'><strong>ista</strong></span> <span class='ocrx_word' id='word_1_64' title='bbox 1199 2213 1438 2302; x_wconf 72' lang='lat' dir='ltr'><strong>insomnem,</strong></span> <span class='ocrx_word' id='word_1_65' title='bbox 1460 2214 1547 2321; x_wconf 89' lang='lat' dir='ltr'><strong>quia</strong></span> <span class='ocrx_word' id='word_1_66' title='bbox 1565 2214 1661 2290; x_wconf 88' lang='lat' dir='ltr'><strong>faeta</strong></span> <span class='ocrx_word' id='word_1_67' title='bbox 1680 2212 1752 2291; x_wconf 85' lang='lat' dir='ltr'><strong>fuit</strong></span> <span class='ocrx_word' id='word_1_68' title='bbox 1771 2213 1940 2318; x_wconf 87' lang='lat' dir='ltr'><strong>partibus</strong></span> <span class='ocrx_word' id='word_1_69' title='bbox 1958 2242 2035 2292; x_wconf 91' lang='lat' dir='ltr'><strong>non</strong></span> <span class='ocrx_word' id='word_1_70' title='bbox 2055 2215 2202 2292; x_wconf 86' lang='lat' dir='ltr'><strong>vocatis.</strong></span> 
     </span>
    </p>

    <p class='ocr_par' dir='ltr' id='par_1_5' title="bbox 898 2343 1718 2449">
     <span class='ocr_line' id='line_1_11' title="bbox 898 2343 1718 2449; baseline -0.005 -27"><span class='ocrx_word' id='word_1_71' title='bbox 898 2345 1074 2423; x_wconf 83' lang='lat' dir='ltr'><strong>Mercurii</strong></span> <span class='ocrx_word' id='word_1_72' title='bbox 1091 2362 1179 2449; x_wconf 89' lang='lat' dir='ltr'><strong>post</strong></span> <span class='ocrx_word' id='word_1_73' title='bbox 1197 2344 1532 2424; x_wconf 83' lang='lat' dir='ltr'><strong>Circumcisionem</strong></span> <span class='ocrx_word' id='word_1_74' title='bbox 1552 2343 1718 2421; x_wconf 84' lang='lat' dir='ltr'><strong>Domini.</strong></span> 
     </span>
    </p>
   </div>
   <div class='ocr_carea' id='block_1_5' title="bbox 832 2577 2333 4674">
    <p class='ocr_par' dir='ltr' id='par_1_6' title="bbox 832 2577 2333 3996">
     <span class='ocr_line' id='line_1_12' title="bbox 895 2577 2258 2718; baseline -0.001 -30"><span class='ocrx_word' id='word_1_75' title='bbox 895 2607 970 2688; x_wconf 88' lang='lat' dir='ltr'>VII.</span> <span class='ocrx_word' id='word_1_76' title='bbox 1002 2610 1099 2689; x_wconf 91' lang='lat' dir='ltr'><strong>Cum</strong></span> <span class='ocrx_word' id='word_1_77' title='bbox 1115 2609 1214 2688; x_wconf 89' lang='lat' dir='ltr'><strong>inter</strong></span> <span class='ocrx_word' id='word_1_78' title='bbox 1222 2577 1402 2688; x_wconf 80' lang='lat' dir='ltr'><strong>ballivum</strong></span> <span class='ocrx_word' id='word_1_79' title='bbox 1420 2608 1761 2718; x_wconf 76' lang='lat' dir='ltr'><strong>sylvanectensem,</strong></span> <span class='ocrx_word' id='word_1_80' title='bbox 1773 2637 1842 2716; x_wconf 91' lang='lat' dir='ltr'><strong>pro</strong></span> <span class='ocrx_word' id='word_1_81' title='bbox 1857 2606 1983 2700; x_wconf 86' lang='lat' dir='ltr'><strong>nobis,</strong></span> <span class='ocrx_word' id='word_1_82' title='bbox 1996 2637 2040 2687; x_wconf 81' lang='lat' dir='ltr'><strong>ex</strong></span> <span class='ocrx_word' id='word_1_83' title='bbox 2053 2637 2127 2688; x_wconf 88' lang='lat' dir='ltr'><strong>una</strong></span> <span class='ocrx_word' id='word_1_84' title='bbox 2137 2621 2258 2715; x_wconf 87' lang='lat' dir='ltr'><strong>parte,</strong></span> 
     </span>
     <span class='ocr_line' id='line_1_13' title="bbox 840 2723 2263 2848; baseline -0.001 -32"><span class='ocrx_word' id='word_1_85' title='bbox 840 2758 878 2816; x_wconf 90' lang='lat' dir='ltr'><strong>et</strong></span> <span class='ocrx_word' id='word_1_86' title='bbox 902 2740 1098 2848; x_wconf 82' lang='lat' dir='ltr'><strong>religiosos</strong></span> <span class='ocrx_word' id='word_1_87' title='bbox 1119 2742 1218 2819; x_wconf 86' lang='lat' dir='ltr'><strong>viros</strong></span> <span class='ocrx_word' id='word_1_88' title='bbox 1242 2743 1414 2820; x_wconf 86' lang='lat' dir='ltr'><strong>abbatem</strong></span> <span class='ocrx_word' id='word_1_89' title='bbox 1443 2723 1484 2818; x_wconf 82' lang='lat' dir='ltr'><strong>et</strong></span> <span class='ocrx_word' id='word_1_90' title='bbox 1507 2759 1733 2820; x_wconf 85' lang='lat' dir='ltr'><strong>conventum</strong></span> <span class='ocrx_word' id='word_1_91' title='bbox 1758 2741 1976 2819; x_wconf 85' lang='lat' dir='ltr'><strong>monasterii</strong></span> <span class='ocrx_word' id='word_1_92' title='bbox 2002 2739 2263 2818; x_wconf 83' lang='lat' dir='ltr'><strong>Sancti-Gere-</strong></span> 
     </span>
     <span class='ocr_line' id='line_1_14' title="bbox 837 2868 2263 2978; baseline -0.001 -31"><span class='ocrx_word' id='word_1_93' title='bbox 837 2871 929 2947; x_wconf 87' lang='lat' dir='ltr'><strong>mari</strong></span> <span class='ocrx_word' id='word_1_94' title='bbox 961 2872 1222 2963; x_wconf 88' lang='lat' dir='ltr'><strong>Flaviaccnsis,</strong></span> <span class='ocrx_word' id='word_1_95' title='bbox 1253 2899 1297 2949; x_wconf 85' lang='lat' dir='ltr'><strong>ex</strong></span> <span class='ocrx_word' id='word_1_96' title='bbox 1322 2873 1456 2960; x_wconf 79' lang='lat' dir='ltr'><strong>altera,</strong></span> <span class='ocrx_word' id='word_1_97' title='bbox 1485 2889 1589 2949; x_wconf 86' lang='lat' dir='ltr'><strong>mota</strong></span> <span class='ocrx_word' id='word_1_98' title='bbox 1615 2872 1745 2950; x_wconf 82' lang='lat' dir='ltr'><strong>luisset</strong></span> <span class='ocrx_word' id='word_1_99' title='bbox 1770 2873 1919 2977; x_wconf 88' lang='lat' dir='ltr'><strong>questio</strong></span> <span class='ocrx_word' id='word_1_100' title='bbox 1946 2899 2059 2976; x_wconf 89' lang='lat' dir='ltr'><strong>super</strong></span> <span class='ocrx_word' id='word_1_101' title='bbox 2088 2899 2133 2948; x_wconf 90' lang='lat' dir='ltr'><strong>eo</strong></span> <span class='ocrx_word' id='word_1_102' title='bbox 2157 2868 2263 2978; x_wconf 92' lang='lat' dir='ltr'><strong>quod</strong></span> 
     </span>
     <span class='ocr_line' id='line_1_15' title="bbox 838 2999 2333 3108; baseline 0.001 -31"><span class='ocrx_word' id='word_1_103' title='bbox 838 3001 959 3081; x_wconf 89' lang='lat' dir='ltr'><strong>dictus</strong></span> <span class='ocrx_word' id='word_1_104' title='bbox 977 3002 1136 3081; x_wconf 84' lang='lat' dir='ltr'><strong>ballivus</strong></span> <span class='ocrx_word' id='word_1_105' title='bbox 1155 3004 1305 3081; x_wconf 90' lang='lat' dir='ltr'><strong>dicebat</strong></span> <span class='ocrx_word' id='word_1_106' title='bbox 1319 3031 1388 3080; x_wconf 89' lang='lat' dir='ltr'><strong>nos</strong></span> <span class='ocrx_word' id='word_1_107' title='bbox 1408 3031 1488 3082; x_wconf 88' lang='lat' dir='ltr'><strong>esse</strong></span> <span class='ocrx_word' id='word_1_108' title='bbox 1509 3020 1547 3080; x_wconf 87' lang='lat' dir='ltr'><strong>et</strong></span> <span class='ocrx_word' id='word_1_109' title='bbox 1566 3001 1680 3080; x_wconf 79' lang='lat' dir='ltr'><strong>baisse</strong></span> <span class='ocrx_word' id='word_1_110' title='bbox 1699 3003 1739 3078; x_wconf 92' lang='lat' dir='ltr'><strong>in</strong></span> <span class='ocrx_word' id='word_1_111' title='bbox 1757 3003 1993 3108; x_wconf 86' lang='lat' dir='ltr'><strong>possessione</strong></span> <span class='ocrx_word' id='word_1_112' title='bbox 2012 2999 2085 3079; x_wconf 90' lang='lat' dir='ltr'><strong>alte</strong></span> <span class='ocrx_word' id='word_1_113' title='bbox 2106 3020 2143 3079; x_wconf 88' lang='lat' dir='ltr'><strong>et</strong></span> <span class='ocrx_word' id='word_1_114' title='bbox 2155 3001 2261 3080; x_wconf 87' lang='lat' dir='ltr'><strong>basse</strong></span> <span class='ocrx_word' id='word_1_115' title='bbox 2326 3019 2333 3032; x_wconf 83' lang='lat'><strong>·</strong></span> 
     </span>
     <span class='ocr_line' id='line_1_16' title="bbox 832 3132 2261 3239; baseline -0.003 -28"><span class='ocrx_word' id='word_1_116' title='bbox 832 3132 982 3239; x_wconf 91' lang='lat' dir='ltr'><strong>justicie</strong></span> <span class='ocrx_word' id='word_1_117' title='bbox 1001 3134 1175 3210; x_wconf 87' lang='lat' dir='ltr'><strong>villarum</strong></span> <span class='ocrx_word' id='word_1_118' title='bbox 1196 3134 1243 3211; x_wconf 90' lang='lat' dir='ltr'><strong>de</strong></span> <span class='ocrx_word' id='word_1_119' title='bbox 1263 3134 1474 3224; x_wconf 83' lang='lat' dir='ltr'><strong>Condreto,</strong></span> <span class='ocrx_word' id='word_1_120' title='bbox 1498 3132 1546 3209; x_wconf 90' lang='lat' dir='ltr'><strong>de</strong></span> <span class='ocrx_word' id='word_1_121' title='bbox 1565 3133 1735 3210; x_wconf 91' lang='lat' dir='ltr'><strong>Puteolis</strong></span> <span class='ocrx_word' id='word_1_122' title='bbox 1754 3149 1793 3208; x_wconf 92' lang='lat' dir='ltr'><strong>et</strong></span> <span class='ocrx_word' id='word_1_123' title='bbox 1813 3133 1860 3210; x_wconf 92' lang='lat' dir='ltr'><strong>de</strong></span> <span class='ocrx_word' id='word_1_124' title='bbox 1881 3133 2155 3223; x_wconf 77' lang='lat' dir='ltr'><strong>Sourmarlrais3</strong></span> <span class='ocrx_word' id='word_1_125' title='bbox 2175 3160 2261 3236; x_wconf 91' lang='lat' dir='ltr'><strong>pre·</strong></span> 
     </span>
     <span class='ocr_line' id='line_1_17' title="bbox 838 3262 2261 3370; baseline -0.002 -28"><span class='ocrx_word' id='word_1_126' title='bbox 838 3265 947 3342; x_wconf 88' lang='lat' dir='ltr'><strong>dictis</strong></span> <span class='ocrx_word' id='word_1_127' title='bbox 968 3264 1152 3370; x_wconf 83' lang='lat' dir='ltr'><strong>religiosis</strong></span> <span class='ocrx_word' id='word_1_128' title='bbox 1174 3263 1213 3338; x_wconf 91' lang='lat' dir='ltr'><strong>in</strong></span> <span class='ocrx_word' id='word_1_129' title='bbox 1237 3263 1466 3340; x_wconf 87' lang='lat' dir='ltr'><strong>contrarium</strong></span> <span class='ocrx_word' id='word_1_130' title='bbox 1489 3262 1741 3340; x_wconf 85' lang='lat' dir='ltr'><strong>asserentibus</strong></span> <span class='ocrx_word' id='word_1_131' title='bbox 1762 3292 1804 3340; x_wconf 91' lang='lat' dir='ltr'><strong>se</strong></span> <span class='ocrx_word' id='word_1_132' title='bbox 1822 3292 1903 3343; x_wconf 87' lang='lat' dir='ltr'><strong>esse</strong></span> <span class='ocrx_word' id='word_1_133' title='bbox 1923 3282 1961 3342; x_wconf 90' lang='lat' dir='ltr'><strong>ct</strong></span> <span class='ocrx_word' id='word_1_134' title='bbox 1979 3263 2092 3342; x_wconf 82' lang='lat' dir='ltr'><strong>luisse</strong></span> <span class='ocrx_word' id='word_1_135' title='bbox 2112 3264 2151 3337; x_wconf 93' lang='lat' dir='ltr'><strong>iu</strong></span> <span class='ocrx_word' id='word_1_136' title='bbox 2172 3291 2261 3366; x_wconf 84' lang='lat' dir='ltr'><strong>pos-</strong></span> 
     </span>
     <span class='ocr_line' id='line_1_18' title="bbox 836 3391 2260 3500; baseline -0.003 -28"><span class='ocrx_word' id='word_1_137' title='bbox 836 3394 1001 3472; x_wconf 91' lang='lat' dir='ltr'><strong>sessione</strong></span> <span class='ocrx_word' id='word_1_138' title='bbox 1021 3392 1095 3469; x_wconf 87' lang='lat' dir='ltr'><strong>alte</strong></span> <span class='ocrx_word' id='word_1_139' title='bbox 1117 3409 1154 3470; x_wconf 86' lang='lat' dir='ltr'><strong>et</strong></span> <span class='ocrx_word' id='word_1_140' title='bbox 1170 3391 1277 3469; x_wconf 90' lang='lat' dir='ltr'><strong>basse</strong></span> <span class='ocrx_word' id='word_1_141' title='bbox 1288 3392 1439 3498; x_wconf 88' lang='lat' dir='ltr'><strong>justicie</strong></span> <span class='ocrx_word' id='word_1_142' title='bbox 1454 3392 1707 3500; x_wconf 87' lang='lat' dir='ltr'><strong>predictarum</strong></span> <span class='ocrx_word' id='word_1_143' title='bbox 1726 3392 1900 3470; x_wconf 83' lang='lat' dir='ltr'><strong>villarum</strong></span> <span class='ocrx_word' id='word_1_144' title='bbox 1916 3425 1925 3470; x_wconf 74' lang='grc' dir='ltr'><strong>ι</strong></span> <span class='ocrx_word' id='word_1_145' title='bbox 1942 3394 2129 3482; x_wconf 87' lang='lat' dir='ltr'><strong>Tandem,</strong></span> <span class='ocrx_word' id='word_1_146' title='bbox 2147 3419 2260 3496; x_wconf 90' lang='lat' dir='ltr'><strong>super</strong></span> 
     </span>
     <span class='ocr_line' id='line_1_19' title="bbox 833 3521 2259 3632; baseline 0.001 -34"><span class='ocrx_word' id='word_1_147' title='bbox 833 3521 1042 3630; x_wconf 89' lang='lat' dir='ltr'><strong>premissis,</strong></span> <span class='ocrx_word' id='word_1_148' title='bbox 1063 3523 1110 3599; x_wconf 90' lang='lat' dir='ltr'><strong>de</strong></span> <span class='ocrx_word' id='word_1_149' title='bbox 1129 3523 1306 3600; x_wconf 89' lang='lat' dir='ltr'><strong>mandato</strong></span> <span class='ocrx_word' id='word_1_150' title='bbox 1322 3523 1423 3600; x_wconf 90' lang='lat' dir='ltr'><strong>curie</strong></span> <span class='ocrx_word' id='word_1_151' title='bbox 1442 3539 1586 3612; x_wconf 85' lang='lat' dir='ltr'><strong>nostre,</strong></span> <span class='ocrx_word' id='word_1_152' title='bbox 1604 3525 1778 3632; x_wconf 89' lang='lat' dir='ltr'><strong>inquesta</strong></span> <span class='ocrx_word' id='word_1_153' title='bbox 1791 3524 1903 3612; x_wconf 84' lang='lat' dir='ltr'><strong>sacta,</strong></span> <span class='ocrx_word' id='word_1_154' title='bbox 1919 3525 1993 3600; x_wconf 86' lang='lat' dir='ltr'><strong>visa</strong></span> <span class='ocrx_word' id='word_1_155' title='bbox 2007 3540 2045 3599; x_wconf 88' lang='lat' dir='ltr'><strong>et</strong></span> <span class='ocrx_word' id='word_1_156' title='bbox 2060 3521 2259 3629; x_wconf 86' lang='lat' dir='ltr'><strong>diligenter</strong></span> 
     </span>
     <span class='ocr_line' id='line_1_20' title="bbox 835 3653 2258 3761; baseline -0.001 -30"><span class='ocrx_word' id='word_1_157' title='bbox 835 3654 1057 3742; x_wconf 81' lang='lat' dir='ltr'><strong>examinata,</strong></span> <span class='ocrx_word' id='word_1_158' title='bbox 1077 3654 1368 3759; x_wconf 86' lang='lat' dir='ltr'><strong>pronunciatum</strong></span> <span class='ocrx_word' id='word_1_159' title='bbox 1388 3653 1475 3744; x_wconf 85' lang='lat' dir='ltr'><strong>fuit,</strong></span> <span class='ocrx_word' id='word_1_160' title='bbox 1497 3683 1565 3760; x_wconf 92' lang='lat' dir='ltr'><strong>per</strong></span> <span class='ocrx_word' id='word_1_161' title='bbox 1583 3655 1686 3732; x_wconf 90' lang='lat' dir='ltr'><strong>curie</strong></span> <span class='ocrx_word' id='word_1_162' title='bbox 1705 3671 1831 3734; x_wconf 89' lang='lat' dir='ltr'><strong>nostre</strong></span> <span class='ocrx_word' id='word_1_163' title='bbox 1845 3653 2048 3761; x_wconf 89' lang='lat' dir='ltr'><strong>judicium,</strong></span> <span class='ocrx_word' id='word_1_164' title='bbox 2069 3653 2258 3758; x_wconf 88' lang='lat' dir='ltr'><strong>predictos</strong></span> 
     </span>
     <span class='ocr_line' id='line_1_21' title="bbox 834 3783 2258 3894; baseline -0.001 -32"><span class='ocrx_word' id='word_1_165' title='bbox 834 3786 1028 3894; x_wconf 78' lang='lat' dir='ltr'><strong>religiosos</strong></span> <span class='ocrx_word' id='word_1_166' title='bbox 1047 3784 1186 3862; x_wconf 89' lang='lat' dir='ltr'><strong>debere</strong></span> <span class='ocrx_word' id='word_1_167' title='bbox 1206 3813 1401 3862; x_wconf 87' lang='lat' dir='ltr'><strong>remanere</strong></span> <span class='ocrx_word' id='word_1_168' title='bbox 1420 3786 1461 3860; x_wconf 92' lang='lat' dir='ltr'><strong>in</strong></span> <span class='ocrx_word' id='word_1_169' title='bbox 1480 3787 1715 3891; x_wconf 89' lang='lat' dir='ltr'><strong>possessione</strong></span> <span class='ocrx_word' id='word_1_170' title='bbox 1732 3785 1806 3862; x_wconf 90' lang='lat' dir='ltr'><strong>alte</strong></span> <span class='ocrx_word' id='word_1_171' title='bbox 1822 3803 1861 3863; x_wconf 91' lang='lat' dir='ltr'><strong>et</strong></span> <span class='ocrx_word' id='word_1_172' title='bbox 1877 3785 1984 3864; x_wconf 85' lang='lat' dir='ltr'><strong>basse</strong></span> <span class='ocrx_word' id='word_1_173' title='bbox 1999 3783 2151 3892; x_wconf 86' lang='lat' dir='ltr'><strong>justicie</strong></span> <span class='ocrx_word' id='word_1_174' title='bbox 2172 3812 2258 3890; x_wconf 89' lang='lat' dir='ltr'><strong>pre·</strong></span> 
     </span>
     <span class='ocr_line' id='line_1_22' title="bbox 836 3915 1903 3996; baseline 0 -3"><span class='ocrx_word' id='word_1_175' title='bbox 836 3917 1019 3994; x_wconf 88' lang='lat' dir='ltr'><strong>dictarum</strong></span> <span class='ocrx_word' id='word_1_176' title='bbox 1039 3915 1213 3994; x_wconf 88' lang='lat' dir='ltr'><strong>villarum</strong></span> <span class='ocrx_word' id='word_1_177' title='bbox 1234 3917 1282 3993; x_wconf 90' lang='lat' dir='ltr'><strong>de</strong></span> <span class='ocrx_word' id='word_1_178' title='bbox 1303 3917 1496 3995; x_wconf 82' lang='lat' dir='ltr'><strong>Condreto</strong></span> <span class='ocrx_word' id='word_1_179' title='bbox 1513 3918 1614 3994; x_wconf 89' lang='lat' dir='ltr'><strong>etde</strong></span> <span class='ocrx_word' id='word_1_180' title='bbox 1634 3916 1903 3996; x_wconf 80' lang='lat' dir='ltr'><strong>Sourmarlrais.</strong></span> 
     </span>
    </p>

    <p class='ocr_par' dir='ltr' id='par_1_7' title="bbox 832 4043 2306 4548">
     <span class='ocr_line' id='line_1_23' title="bbox 889 4043 2306 4155; baseline -0.004 -31"><span class='ocrx_word' id='word_1_181' title='bbox 889 4049 983 4125; x_wconf 90' lang='lat' dir='ltr'><strong>Item</strong></span> <span class='ocrx_word' id='word_1_182' title='bbox 1002 4047 1042 4124; x_wconf 93' lang='lat' dir='ltr'><strong>in</strong></span> <span class='ocrx_word' id='word_1_183' title='bbox 1063 4049 1298 4153; x_wconf 90' lang='lat' dir='ltr'><strong>possessione</strong></span> <span class='ocrx_word' id='word_1_184' title='bbox 1318 4047 1424 4125; x_wconf 87' lang='lat' dir='ltr'><strong>basse</strong></span> <span class='ocrx_word' id='word_1_185' title='bbox 1439 4047 1591 4155; x_wconf 89' lang='lat' dir='ltr'><strong>justicie</strong></span> <span class='ocrx_word' id='word_1_186' title='bbox 1611 4065 1650 4126; x_wconf 89' lang='lat' dir='ltr'><strong>et</strong></span> <span class='ocrx_word' id='word_1_187' title='bbox 1668 4047 1857 4153; x_wconf 80' lang='lat' dir='ltr'><strong>sanguinis</strong></span> <span class='ocrx_word' id='word_1_188' title='bbox 1878 4066 1917 4126; x_wconf 88' lang='lat' dir='ltr'><strong>et</strong></span> <span class='ocrx_word' id='word_1_189' title='bbox 1934 4045 2090 4124; x_wconf 74' lang='lat' dir='ltr'><strong>lenonis</strong></span> <span class='ocrx_word' id='word_1_190' title='bbox 2109 4045 2149 4122; x_wconf 91' lang='lat' dir='ltr'><strong>in</strong></span> <span class='ocrx_word' id='word_1_191' title='bbox 2170 4043 2258 4124; x_wconf 84' lang='lat' dir='ltr'><strong>villa</strong></span> <span class='ocrx_word' id='word_1_192' title='bbox 2303 4111 2306 4118; x_wconf 92' lang='lat'>.</span> 
     </span>
     <span class='ocr_line' id='line_1_24' title="bbox 834 4177 2259 4287; baseline -0.003 -31"><span class='ocrx_word' id='word_1_193' title='bbox 834 4179 882 4256; x_wconf 89' lang='lat' dir='ltr'><strong>de</strong></span> <span class='ocrx_word' id='word_1_194' title='bbox 908 4179 1092 4272; x_wconf 88' lang='lat' dir='ltr'><strong>Puteolis,</strong></span> <span class='ocrx_word' id='word_1_195' title='bbox 1121 4179 1221 4257; x_wconf 87' lang='lat' dir='ltr'><strong>salvo</strong></span> <span class='ocrx_word' id='word_1_196' title='bbox 1249 4177 1366 4256; x_wconf 83' lang='lat' dir='ltr'><strong>nobis</strong></span> <span class='ocrx_word' id='word_1_197' title='bbox 1379 4179 1466 4286; x_wconf 86' lang='lat' dir='ltr'><strong>jure</strong></span> <span class='ocrx_word' id='word_1_198' title='bbox 1493 4207 1607 4285; x_wconf 88' lang='lat' dir='ltr'><strong>super</strong></span> <span class='ocrx_word' id='word_1_199' title='bbox 1630 4179 1828 4286; x_wconf 88' lang='lat' dir='ltr'><strong>questione</strong></span> <span class='ocrx_word' id='word_1_200' title='bbox 1853 4178 2091 4287; x_wconf 85' lang='lat' dir='ltr'><strong>proprietatis</strong></span> <span class='ocrx_word' id='word_1_201' title='bbox 2118 4177 2193 4255; x_wconf 91' lang='lat' dir='ltr'><strong>alte</strong></span> <span class='ocrx_word' id='word_1_202' title='bbox 2220 4193 2259 4252; x_wconf 91' lang='lat' dir='ltr'><strong>et</strong></span> 
     </span>
     <span class='ocr_line' id='line_1_25' title="bbox 832 4309 2258 4422; baseline -0.004 -34"><span class='ocrx_word' id='word_1_203' title='bbox 832 4311 940 4388; x_wconf 85' lang='lat' dir='ltr'><strong>basse</strong></span> <span class='ocrx_word' id='word_1_204' title='bbox 948 4311 1099 4417; x_wconf 88' lang='lat' dir='ltr'><strong>justicie</strong></span> <span class='ocrx_word' id='word_1_205' title='bbox 1118 4311 1370 4417; x_wconf 89' lang='lat' dir='ltr'><strong>predictarum</strong></span> <span class='ocrx_word' id='word_1_206' title='bbox 1385 4309 1559 4388; x_wconf 89' lang='lat' dir='ltr'><strong>villarum</strong></span> <span class='ocrx_word' id='word_1_207' title='bbox 1574 4338 1735 4417; x_wconf 86' lang='lat' dir='ltr'><strong>quarum</strong></span> <span class='ocrx_word' id='word_1_208' title='bbox 1750 4311 1887 4392; x_wconf 90' lang='lat' dir='ltr'><strong>saisina</strong></span> <span class='ocrx_word' id='word_1_209' title='bbox 1903 4311 2114 4422; x_wconf 88' lang='lat' dir='ltr'><strong>adjudicata</strong></span> <span class='ocrx_word' id='word_1_210' title='bbox 2129 4325 2185 4388; x_wconf 90' lang='lat' dir='ltr'><strong>est</strong></span> <span class='ocrx_word' id='word_1_211' title='bbox 2198 4334 2258 4384; x_wconf 90' lang='lat' dir='ltr'><strong>re·</strong></span> 
     </span>
     <span class='ocr_line' id='line_1_26' title="bbox 835 4439 1184 4548; baseline 0 -32"><span class='ocrx_word' id='word_1_212' title='bbox 835 4440 977 4548; x_wconf 85' lang='lat' dir='ltr'><strong>ligiosis</strong></span> <span class='ocrx_word' id='word_1_213' title='bbox 996 4439 1184 4546; x_wconf 90' lang='lat' dir='ltr'><strong>predictis.</strong></span> 
     </span>
    </p>

    <p class='ocr_par' dir='ltr' id='par_1_8' title="bbox 890 4569 1713 4674">
     <span class='ocr_line' id='line_1_27' title="bbox 890 4569 1713 4674; baseline 0.005 -27"><span class='ocrx_word' id='word_1_214' title='bbox 890 4570 1066 4648; x_wconf 87' lang='lat' dir='ltr'><strong>Mercurii</strong></span> <span class='ocrx_word' id='word_1_215' title='bbox 1085 4588 1173 4674; x_wconf 89' lang='lat' dir='ltr'><strong>post</strong></span> <span class='ocrx_word' id='word_1_216' title='bbox 1190 4569 1525 4652; x_wconf 87' lang='lat' dir='ltr'><strong>Circumcisionem</strong></span> <span class='ocrx_word' id='word_1_217' title='bbox 1545 4574 1713 4654; x_wconf 88' lang='lat' dir='ltr'><strong>Domini.</strong></span> 
     </span>
    </p>
   </div>
   <div class='ocr_carea' id='block_1_6' title="bbox 848 4825 2252 4950">
    <p class='ocr_par' dir='ltr' id='par_1_9' title="bbox 848 4825 2252 4950">
     <span class='ocr_line' id='line_1_28' title="bbox 848 4825 2252 4950; baseline -0.007 -35"><span class='ocrx_word' id='word_1_218' title='bbox 848 4888 851 4898; x_wconf 51' lang='grc' dir='ltr'><em>ι</em></span> <span class='ocrx_word' id='word_1_219' title='bbox 888 4833 977 4915; x_wconf 86' lang='lat' dir='ltr'>VIII.</span> <span class='ocrx_word' id='word_1_220' title='bbox 1009 4835 1108 4916; x_wconf 89' lang='lat' dir='ltr'><strong>Cum</strong></span> <span class='ocrx_word' id='word_1_221' title='bbox 1133 4834 1291 4918; x_wconf 86' lang='lat' dir='ltr'><strong>dilectus</strong></span> <span class='ocrx_word' id='word_1_222' title='bbox 1311 4837 1613 4950; x_wconf 85' lang='lat' dir='ltr'><strong>consanguineus</strong></span> <span class='ocrx_word' id='word_1_223' title='bbox 1632 4858 1672 4918; x_wconf 88' lang='lat' dir='ltr'><strong>et</strong></span> <span class='ocrx_word' id='word_1_224' title='bbox 1693 4837 1820 4920; x_wconf 87' lang='lat' dir='ltr'><strong>fidelis</strong></span> <span class='ocrx_word' id='word_1_225' title='bbox 1838 4853 1966 4919; x_wconf 86' lang='lat' dir='ltr'><strong>noster</strong></span> <span class='ocrx_word' id='word_1_226' title='bbox 1988 4857 2114 4912; x_wconf 88' lang='lat' dir='ltr'><strong>comcs</strong></span> <span class='ocrx_word' id='word_1_227' title='bbox 2130 4825 2252 4908; x_wconf 79' lang='lat' dir='ltr'><strong>littra·</strong></span> 
     </span>
    </p>
   </div>
   <div class='ocr_carea' id='block_1_7' title="bbox 731 4959 2254 5079">
    <p class='ocr_par' dir='ltr' id='par_1_10' title="bbox 731 4959 2254 5079">
     <span class='ocr_line' id='line_1_29' title="bbox 731 4959 2254 5079; baseline -0.009 -31"><span class='ocrx_word' id='word_1_228' title='bbox 731 5039 735 5048; x_wconf 93' lang='lat'>.</span> <span class='ocrx_word' id='word_1_229' title='bbox 830 4965 995 5046; x_wconf 89' lang='lat' dir='ltr'><strong>batensis</strong></span> <span class='ocrx_word' id='word_1_230' title='bbox 1018 4989 1244 5077; x_wconf 87' lang='lat' dir='ltr'><strong>conquestus</strong></span> <span class='ocrx_word' id='word_1_231' title='bbox 1263 4972 1394 5050; x_wconf 84' lang='lat' dir='ltr'><strong>fuisset</strong></span> <span class='ocrx_word' id='word_1_232' title='bbox 1414 4974 1452 5049; x_wconf 92' lang='lat' dir='ltr'><strong>in</strong></span> <span class='ocrx_word' id='word_1_233' title='bbox 1478 4968 1729 5051; x_wconf 78' lang='lat' dir='ltr'><strong>curia&#39;nostra</strong></span> <span class='ocrx_word' id='word_1_234' title='bbox 1752 4971 1857 5079; x_wconf 93' lang='lat' dir='ltr'><strong>quod</strong></span> <span class='ocrx_word' id='word_1_235' title='bbox 1875 4969 2038 5046; x_wconf 85' lang='lat' dir='ltr'><strong>decanus</strong></span> <span class='ocrx_word' id='word_1_236' title='bbox 2056 4979 2094 5040; x_wconf 84' lang='lat' dir='ltr'><strong>et</strong></span> <span class='ocrx_word' id='word_1_237' title='bbox 2111 4959 2254 5067; x_wconf 86' lang='lat' dir='ltr'><strong>capitu·</strong></span> 
     </span>
    </p>
   </div>
   <div class='ocr_carea' id='block_1_8' title="bbox 827 5091 2255 5600">
    <p class='ocr_par' dir='ltr' id='par_1_11' title="bbox 827 5091 2255 5600">
     <span class='ocr_line' id='line_1_30' title="bbox 830 5091 2253 5190; baseline -0.006 -14"><span class='ocrx_word' id='word_1_238' title='bbox 830 5097 912 5176; x_wconf 90' lang='lat' dir='ltr'><strong>lum</strong></span> <span class='ocrx_word' id='word_1_239' title='bbox 937 5099 1205 5181; x_wconf 82' lang='lat' dir='ltr'><strong>Attrabatensis</strong></span> <span class='ocrx_word' id='word_1_240' title='bbox 1239 5103 1412 5190; x_wconf 85' lang='lat' dir='ltr'><strong>ecclesie,</strong></span> <span class='ocrx_word' id='word_1_241' title='bbox 1441 5103 1481 5178; x_wconf 91' lang='lat' dir='ltr'><strong>in</strong></span> <span class='ocrx_word' id='word_1_242' title='bbox 1510 5103 1672 5182; x_wconf 88' lang='lat' dir='ltr'><strong>clanstro</strong></span> <span class='ocrx_word' id='word_1_243' title='bbox 1698 5121 1737 5180; x_wconf 92' lang='lat' dir='ltr'><strong>ct</strong></span> <span class='ocrx_word' id='word_1_244' title='bbox 1760 5101 1905 5178; x_wconf 89' lang='lat' dir='ltr'><strong>civitate</strong></span> <span class='ocrx_word' id='word_1_245' title='bbox 1929 5091 2253 5178; x_wconf 78' lang='lat' dir='ltr'><strong>Attrabatensibus</strong></span> 
     </span>
     <span class='ocr_line' id='line_1_31' title="bbox 830 5225 2255 5339; baseline -0.006 -31"><span class='ocrx_word' id='word_1_246' title='bbox 830 5229 960 5337; x_wconf 86' lang='lat' dir='ltr'><strong>aliqua·</strong></span> <span class='ocrx_word' id='word_1_247' title='bbox 977 5230 1203 5332; x_wconf 76' lang='lat' dir='ltr'><strong>lacerantin</strong></span> <span class='ocrx_word' id='word_1_248' title='bbox 1227 5234 1377 5339; x_wconf 81' lang='lat' dir='ltr'><strong>signum</strong></span> <span class='ocrx_word' id='word_1_249' title='bbox 1400 5234 1660 5312; x_wconf 85' lang='lat' dir='ltr'><strong>novimercati</strong></span> <span class='ocrx_word' id='word_1_250' title='bbox 1684 5229 1920 5337; x_wconf 60' lang='lat' dir='ltr'><strong>senatique</strong></span> <span class='ocrx_word' id='word_1_251' title='bbox 1939 5226 2125 5306; x_wconf 86' lang='lat' dir='ltr'><strong>indebitas</strong></span> <span class='ocrx_word' id='word_1_252' title='bbox 2149 5225 2255 5303; x_wconf 83' lang='lat' dir='ltr'><strong>novi·</strong></span> 
     </span>
     <span class='ocr_line' id='line_1_32' title="bbox 827 5355 2253 5471; baseline -0.004 -32"><span class='ocrx_word' id='word_1_253' title='bbox 827 5379 938 5455; x_wconf 87' lang='lat' dir='ltr'><strong>tates,</strong></span> <span class='ocrx_word' id='word_1_254' title='bbox 962 5365 1167 5470; x_wconf 81' lang='lat' dir='ltr'><strong>requirens</strong></span> <span class='ocrx_word' id='word_1_255' title='bbox 1178 5363 1282 5469; x_wconf 90' lang='lat' dir='ltr'><strong>quod</strong></span> <span class='ocrx_word' id='word_1_256' title='bbox 1297 5360 1505 5464; x_wconf 78' lang='lat' dir='ltr'><strong>faceremus</strong></span> <span class='ocrx_word' id='word_1_257' title='bbox 1523 5367 1690 5471; x_wconf 80' lang='lat' dir='ltr'><strong>predicta</strong></span> <span class='ocrx_word' id='word_1_258' title='bbox 1709 5360 1842 5446; x_wconf 86' lang='lat' dir='ltr'><strong>cadere</strong></span> <span class='ocrx_word' id='word_1_259' title='bbox 1861 5377 1902 5438; x_wconf 90' lang='lat' dir='ltr'><strong>et</strong></span> <span class='ocrx_word' id='word_1_260' title='bbox 1921 5361 1970 5438; x_wconf 88' lang='lat' dir='ltr'><strong>ad</strong></span> <span class='ocrx_word' id='word_1_261' title='bbox 1986 5377 2126 5438; x_wconf 69' lang='lat' dir='ltr'><strong>statum</strong></span> <span class='ocrx_word' id='word_1_262' title='bbox 2144 5355 2253 5435; x_wconf 82' lang='lat' dir='ltr'><strong>debi-</strong></span> 
     </span>
     <span class='ocr_line' id='line_1_33' title="bbox 827 5487 2252 5600; baseline -0.004 -30"><span class='ocrx_word' id='word_1_263' title='bbox 827 5511 911 5572; x_wconf 88' lang='lat' dir='ltr'><strong>tum</strong></span> <span class='ocrx_word' id='word_1_264' title='bbox 923 5495 1076 5572; x_wconf 85' lang='lat' dir='ltr'><strong>reduci:</strong></span> <span class='ocrx_word' id='word_1_265' title='bbox 1097 5491 1286 5582; x_wconf 83' lang='lat' dir='ltr'><strong>Tandem,</strong></span> <span class='ocrx_word' id='word_1_266' title='bbox 1302 5496 1620 5600; x_wconf 54' lang='lat' dir='ltr'><strong>superrprcmissis</strong></span> <span class='ocrx_word' id='word_1_267' title='bbox 1632 5492 1876 5572; x_wconf 84' lang='lat' dir='ltr'><strong>demandato</strong></span> <span class='ocrx_word' id='word_1_268' title='bbox 1891 5491 1995 5570; x_wconf 87' lang='lat' dir='ltr'><strong>curie</strong></span> <span class='ocrx_word' id='word_1_269' title='bbox 2015 5506 2142 5568; x_wconf 89' lang='lat' dir='ltr'><strong>nostre</strong></span> <span class='ocrx_word' id='word_1_270' title='bbox 2157 5487 2252 5566; x_wconf 84' lang='lat' dir='ltr'><strong>facta</strong></span> 
     </span>
    </p>
   </div>
   <div class='ocr_carea' id='block_1_9' title="bbox 0 0 2914 7288">
    <p class='ocr_par' dir='ltr' id='par_1_12' title="bbox 0 0 2914 7288">
     <span class='ocr_line' id='line_1_34' title="bbox 0 0 2914 7288; baseline 0 0"><span class='ocrx_word' id='word_1_271' title='bbox 0 0 2914 7288; x_wconf 95' lang='lat' dir='ltr'><strong> </strong></span> 
     </span>
    </p>
   </div>
  </div>
 </body>
</html>
