5817 7292
848 1151 895 1226 36
1286 1199 1292 1217 ·
1323 1195 1336 1219 ··
1365 1154 1520 1229 .2.LES.
1549 1153 1691 1233 omn,

622 1299 811 1362 Putuussllv
860 1350 875 1361 -·
904 1293 1723 1409 subbatoante2mcdiard10mdmgesimam.

681 1392 745 1434 ω’
904 1423 1117 1521 senescallo
1137 1426 1363 1532 dgennensit
1392 1474 1409 1485 ·-

1209 1571 1212 1607 1
1303 1586 1335 1638 ι’.
1369 1609 1373 1619 ·
1401 1577 1409 1631 l
1457 1599 1510 1669 1
1625 1627 1631 1640 ,
1655 1632 1660 1640 .

901 1692 1039 1800 Xtttll.
1052 1693 1168 1782 Cum,
1178 1718 1245 1796 per
1254 1692 1569 1798 informacionem
1578 1692 1753 1798 gencium
1769 1708 1984 1769 nostrarum
1993 1721 2036 1769 ac
2044 1693 2272 1771 relacionem

845 1851 958 1929 super
977 1823 1050 1900 boc
1066 1821 1121 1898 'ab
1149 1822 1333 1928 eisscririe
1357 1831 1484 1899 nostre
1508 1820 1660 1910 tactam,
1682 1822 1876 1898 inventum
1900 1821 2017 1900 fuerit
2043 1822 2273 1902 sufficienter

844 1954 945 2060 quod
961 1953 1331 2057 AruaudusTopinc,
1348 1955 1507 2030 durante
1521 1981 1656 2060 guerra
1666 1969 1792 2030 nostra
1805 1953 2022 2041 Wasconie,
2038 1953 2086 2030 ad
2096 1955 2270 2032 inimicos

844 2102 993 2164 nostros
1012 2113 1051 2162 ss
1074 2082 1281 2176 transtulit,
1304 2113 1345 2162 ac
1364 2083 1626 2188 posmodum,
1641 2081 1760 2162 ⁴tacita
1780 2111 1893 2187 super
1923 2084 1995 2194 hoc
2014 2084 2185 2173 veritate,
2208 2085 2269 2163 Iit-

843 2235 941 2296 teras
960 2216 999 2294 in
1009 2215 1267 2323 ‘nostrascuria
1285 2214 1501 2320 impetravit
1516 2214 1623 2319 quod
1641 2213 1741 2293 bona
1755 2241 1841 2306 sua,
1858 2213 1907 2290 ad
1922 2241 2078 2293 manum
2093 2232 2265 2293 nostram

844 2364 999 2453 propter
1025 2345 1159 2423 dictam
1177 2344 1269 2450 injus
1293 2343 1544 2424 rebellionem
1569 2345 1706 2449 posita,
1729 2344 2032 2422 deliberarentur
2052 2345 2177 2424 eidem
2197 2374 2267 2422 seu

845 2476 1190 2556 adrecredenciam
1209 2475 1457 2581 truderentur,
1475 2504 1550 2581 que
1564 2474 1666 2555 bona
1684 2502 1761 2551 non
1782 2491 1838 2554 cst
1855 2476 2018 2554 dubium
2039 2504 2120 2554 esse
2141 2494 2266 2554 nostra

846 2626 884 2686 et
906 2608 1016 2686 nobis
1041 2607 1255 2693 commissa,
1272 2605 1500 2684 *mandamus
1518 2605 1624 2685 vobis
1640 2606 1845 2715 quatinus,
1867 2606 2049 2712 predictis
2061 2606 2198 2684 litteris
2218 2607 2265 2682 ab

845 2741 979 2818 eodem
1000 2737 1194 2825 Arnaudo,
1215 2737 1373 2816 veritato
1386 2737 1516 2826 tec'ita,
1533 2750 1577 2812 ut
1590 2737 1905 2842 premissumost,
1927 2763 2040 2850 super
2055 2737 2130 2814 hoc
2144 2738 2268 2842 impe-

843 2871 947 2948 tratis
961 2897 1051 2948 =oon
1080 2868 1335 2959 obstantibus,
1362 2868 1442 2974 ipso
1468 2867 1569 2946 bona
1597 2868 1646 2944 nd
1674 2896 1830 2946 manum
1860 2884 2027 2978 nostram
2055 2867 2202 2974 ponatis
2231 2886 2269 2944 et

842 3003 1017 3092 teneatis,
1038 3019 1076 3078 et
1095 3029 1155 3086 ea,
1177 3030 1263 3077 cum
1285 3001 1358 3077 sint
1380 3017 1507 3077 nostra
1525 3016 1564 3076 et
1582 2998 1695 3078 uobis
1713 3000 1928 3090 commissa,
1944 2998 2071 3078 taliter
2090 2999 2268 3105 explecte·

843 3135 892 3212 tis
910 3163 979 3240 pro
1000 3131 1110 3209 nobis
1128 3131 1234 3236 quod
1260 3131 1347 3206 inde
1363 3130 1474 3206 nobis
1493 3130 1643 3234 possitis
1662 3129 1862 3206 efficaciter
1882 3129 2042 3210 reddere
2063 3129 2263 3208 racionem.

903 3263 1066 3342 Sabbato
1087 3277 1172 3337 ante
1190 3259 1354 3336 mediam
1376 3259 1720 3364 Quadragosimam.

859 3435 865 3455 ι
902 3390 1117 3476 Senescallo
1136 3389 1359 3498 Agenncnsi.
1491 3437 1495 3446 ·

901 3659 1055 3738 XLVIII.
1085 3659 1184 3736 Cum
1216 3656 1380 3744 dudum,
1412 3658 1509 3734 sicut
1545 3658 1817 3748 intelleximus,
1854 3656 2102 3767 significatum
2134 3656 2267 3732 hrisset

846 3790 1065 3869 custodibus
1090 3789 1344 3866 nundinarum
1376 3806 1588 3867 nostrarum
1613 3791 1818 3898 Campanis
1839 3791 1945 3897 quod
1965 3790 2156 3866 Iohannes
2179 3785 2266 3866 Cla-

846 3920 950 4014 velli‚
965 3919 1067 3998 lilius
1078 3920 1256 3998 lobannis
1270 3919 1422 3999 Clavelli
1439 3921 1487 3997 de
1501 3921 1717 4008 Albenacio,
1733 3923 1829 3999 duos
1840 3949 1984 4028 pannos
1994 3919 2129 3997 furtive
2146 3947 2268 4026 aspor-

845 4068 986 4130 taverat
996 4053 1043 4129 de
1054 4050 1281 4160 quibusdam
1297 4051 1477 4156 nundinis
1490 4051 1538 4129 do
1552 4052 1732 4143 Pruvino,
1745 4054 1926 4158 quodque
1942 4051 2046 4128 idem
2055 4051 2262 4137 Iohannes,

845 4185 885 4260 in
908 4185 1009 4262 curia
1033 4184 1163 4261 dilecti
1183 4200 1221 4261 et
1245 4181 1375 4261 fidelis
1392 4183 1510 4261 nostri
1532 4183 1677 4260 domini
1693 4184 1982 4274 Montis-Lauri,
2007 4183 2146 4260 factum
2164 4183 2267 4261 istud

846 4333 1110 4420 recognoverat
1129 4321 1329 4421 spontanea
1347 4315 1554 4406 voluntate,
1574 4331 1613 4391 et
1630 4343 1744 4420 super
1762 4317 2025 4424 recognicione
2045 4313 2264 4423 hujusmodi

843 4443 967 4520 fuerat
988 4445 1201 4520 confectum
1219 4445 1414 4552 publicum
1437 4447 1749 4541 instrumentum
1770 4448 2067 4556 propterquod,
2089 4446 2266 4523 addicto

844 4602 929 4650 rum
941 4573 1150 4650 ‘custodum
1160 4575 1395 4663 instanciam,
1412 4576 1640 4654 senescallus
1652 4578 1878 4657 Belli-Cadri
1891 4578 1949 4655 vel
1965 4577 2047 4683 ejus
2062 4575 2189 4652 locum
2206 4592 2264 4649 te-

844 4731 939 4782 nens
951 4703 1161 4808 predictum
1174 4704 1404 4798 Iohannem,
1422 4735 1536 4813 super
1548 4709 1622 4786 hoc
1636 4710 1759 4819 adjus
1775 4725 1964 4793 vocatum,
1977 4702 2161 4792 bannivit,
2181 4702 2263 4806 ejus
2389 4749 2395 4756 -

843 4832 943 4913 bona
966 4833 1014 4910 ad
1038 4861 1194 4912 manum
1218 4851 1383 4914 nostram
1408 4837 1551 4944 posuit,
1572 4837 1668 4918 Iacto
1693 4837 1900 4916 inventario
1920 4835 1969 4910 de
1994 4831 2154 4916 eisdem,
2175 4828 2264 4936 plu-

844 4993 979 5070 resque
1000 4993 1196 5069 processus
1214 4967 1303 5044 secit
1318 4995 1433 5072 super
1451 4967 1525 5046 hoc
1540 4987 1668 5048 contra
1681 4971 1822 5075 ipsum,
1840 4964 1980 5042 deinde
1992 4961 2166 5040 custodes
2179 4987 2265 5067 pre-

845 5093 1136 5176 diotioumdem
1155 5099 1385 5190 Iohannem,
1407 5128 1533 5178 coram
1562 5103 1617 5180 eis
1644 5117 1799 5208 propter
1824 5099 1898 5174 hoc
1921 5109 2202 5201 comparentem
2226 5108 2264 5168 et

844 5254 948 5304 suam
966 5228 1189 5334 superfacto
1208 5227 1428 5336 hujusmodi
1449 5232 1706 5310 innocencium
1723 5228 1968 5332 allegantem,
1985 5223 2160 5302 carcerali
2181 5251 2266 5301 cus·

843 5359 945 5436 todie
962 5360 1221 5466 manoIparrrnt
1235 5390 1244 5435 ε
1259 5360 1449 5449 Tandem,
1467 5363 1516 5439 ad
1531 5359 1818 5467 requisicionem
1834 5357 1927 5436 dicti
1941 5355 2138 5445 Iohannis,
2156 5381 2263 5432 suam

843 5489 1231 5596 innocenciamsnper
1247 5491 1321 5568 hoc
1340 5488 1600 5594 multipliciter
1612 5487 1889 5595 pretendentis,
1905 5491 1987 5596 ipso
2009 5488 2057 5564 de
2074 5485 2175 5566 dicto
2190 5514 2265 5563 car·
