5817 7292
1026 1120 1294 1227 suoutres
1319 1137 1383 1208 rr
1410 1120 1619 1212 ruocts.
1958 1143 2033 1214 am

613 1299 784 1360 curatore
804 1297 933 1359 nostro
951 1296 991 1356 et
1008 1279 1092 1357 aliis
1111 1277 1328 1366 evocandis,
1345 1307 1460 1385 super
1472 1280 1664 1386 premissis
1678 1278 1770 1357 laeta
1794 1282 1867 1360 visa
1891 1302 1928 1360 et
1946 1283 2035 1361 dili·
2076 1293 2205 1348 Pmum
2219 1296 2260 1358 tv,

614 1432 746 1522 genter
763 1412 985 1503 examinata,
1000 1440 1071 1520 per
1089 1413 1193 1488 curie
1210 1429 1337 1490 nostre
1347 1411 1553 1518 judicium,
1569 1410 1710 1489 dictum
1726 1411 1801 1491 fuit
1815 1430 1853 1490 et
1868 1443 2036 1520 pronun·
2137 1387 2199 1428 Μ’

614 1546 752 1624 ciatum
771 1545 985 1653 predictum
1005 1543 1319 1652 impedimentum
1335 1543 1475 1622 debere
1496 1544 1674 1635 amoveri,
1697 1562 1736 1622 et
1756 1545 1900 1622 dietum
1922 1547 2036 1622 comi-

613 1695 691 1754 tem
708 1677 849 1754 debere
866 1703 1061 1754 remanere
1082 1675 1236 1781 pacifice
1258 1675 1297 1751 in
1322 1675 1454 1752 saisina
1475 1701 1539 1751 sua
1560 1675 1749 1782 predicta,
1769 1703 1845 1754 non
1866 1675 2036 1753 obstante

615 1807 841 1886 advoacione
854 1806 1086 1913 supradicta,
1108 1805 1208 1884 salva
1226 1834 1340 1914 snper
1363 1807 1435 1884 boc
1450 1805 1650 1912 questione
1669 1807 1908 1913 proprietatis
1929 1807 2037 1885 nobis

614 1955 652 2016 et
664 1937 848 2044 religiosis
859 1935 1048 2044 predictis.

669 2067 867 2145 Dominica
886 2059 960 2172 qna
980 2082 1174 2144 cantatur:
1190 2068 1322 2144 Letare
1339 2065 1558 2143 Jerusalem.

668 2195 892 2302 Pasquerius
909 2194 1120 2300 reportavit.

670 2457 791 2535 LXVI.
823 2455 938 2543 Cum,
950 2472 1053 2532 mota
1063 2455 1262 2561 questione
1276 2456 1376 2534 inter
1387 2455 1536 2533 nobiles
1547 2474 1585 2532 et
1599 2457 1787 2535 innobiles
1798 2461 1905 2535 castri
1920 2477 1956 2536 et
1967 2489 2038 2538 cas-

613 2585 765 2665 tellanie
781 2584 1075 2696 Sancti-Angeli,
1097 2613 1141 2662 er
1156 2613 1231 2664 una
1250 2603 1373 2690 parte,
1395 2603 1435 2662 et
1453 2585 1683 2663 abbatemet
1702 2605 1926 2666 conventum
1949 2591 2037 2668 Car-

614 2715 781 2794 rolenses
798 2733 838 2792 et
855 2743 987 2792 comm
1004 2717 1171 2821 priorem
1192 2714 1485 2820 Sancti-Angeli,
1505 2713 1696 2808 exaltem,
1718 2745 1832 2823 super
1851 2745 1895 2795 eo
1914 2723 2035 2825 quod,

615 2845 703 2924 licet
728 2845 798 2952 ipsi
822 2846 898 2922 sint
919 2863 957 2923 et
975 2841 1136 2936 luerint,
1163 2863 1208 2922 nt
1232 2844 1383 2932 dicitur,
1411 2845 1458 2923 ab
1482 2845 1639 2951 antiquo
1658 2846 1706 2922 de
1725 2865 1887 2925 ressorto
1908 2865 2036 2926 nostro

613 2975 764 3054 ballivie
779 2976 828 3052 de
842 2974 965 3064 Briva,
984 3003 1060 3082 que
1073 3002 1151 3054 non
1167 2975 1281 3051 distat
1294 3003 1315 3050 a
1329 2990 1449 3051 castro
1466 2973 1637 3080 predicto
1653 2975 1924 3086 Sancti-Angeli
1940 2979 2038 3056 ultra

613 3135 728 3183 unam
755 3105 896 3182 dietam
921 3107 961 3180 in
985 3131 1060 3212 qua
1085 3105 1204 3182 eciam
1228 3124 1339 3181 tense
1360 3105 1448 3211 jure
1478 3104 1617 3210 scripto
1644 3105 1882 3195 deciduntur,
1911 3125 2037 3187 tamen

613 3237 718 3341 prior
730 3237 923 3342 predictus
937 3235 1112 3313 hominos
1130 3235 1237 3311 castri
1253 3251 1292 3312 et
1314 3233 1526 3311 castellanie
1549 3235 1824 3340 predictorum,
1846 3237 1885 3313 in
1905 3266 2038 3318 eorum

613 3365 865 3475 prejudicium
880 3383 920 3442 et
934 3362 1150 3474 gravamen,
1171 3365 1211 3440 in
1231 3363 1378 3442 casibus
1394 3365 1564 3452 ressorti,
1588 3366 1636 3442 de
1655 3393 1752 3444 novo
1773 3367 1921 3444 trahere
1941 3371 2039 3446 nite-

613 3496 724 3574 batur
742 3498 790 3572 ad
805 3515 1012 3573 ressortum
1032 3495 1183 3572 ballivie
1199 3491 1535 3583 Montis-Maurilii,
1550 3494 1616 3601 qui
1637 3493 1744 3571 locus
1765 3496 1878 3573 distat
1896 3525 1917 3572 a
1938 3499 2037 3576 dicto

614 3645 733 3706 castro
751 3625 1021 3734 Sancti-Angeli
1037 3655 1107 3733 per
1119 3644 1195 3703 tres
1208 3625 1342 3714 dietas,
1360 3642 1399 3702 et
1417 3625 1457 3700 in
1473 3653 1550 3732 quo
1567 3625 1651 3702 loco
1665 3653 1772 3702 cause
1785 3627 1872 3733 jure
1889 3656 2039 3706 cousue-

613 3759 805 3836 tudinario
824 3775 1020 3865 regrmtnr,
1041 3773 1186 3863 peteret
1210 3772 1429 3862 procurator
1448 3755 1637 3833 dictorum
1663 3753 1851 3832 nobilium
1871 3773 1910 3832 et
1929 3760 2039 3834 inno-

614 3887 750 3964 bilium
766 3887 967 3993 superbiis
980 3915 1049 3994 per
1065 3914 1135 3965 nos
1149 3886 1363 3963 remedium
1382 3885 1541 3991 apponi;
1557 3883 1658 3961 dicto
1672 3884 1798 3990 priore
1815 3888 2037 3962 econtrario

615 4034 851 4123 proponente
860 4019 1030 4123 predicta
1049 4015 1131 4094 lieri
1147 4044 1226 4094 non
1241 4015 1404 4093 debere:
1418 4011 1505 4094 Visa
1518 4014 1633 4118 igitur
1647 4014 1837 4119 inquesta,
1860 4042 1928 4119 per
1942 4043 2039 4091 com·
2087 4037 2095 4052 ·

615 4147 837 4226 missariosa
855 4148 966 4227 nobis
980 4148 1183 4254 deputatos
1200 4173 1316 4252 snper
1329 4144 1526 4236 horiente,
1541 4161 1671 4222 vocato
1689 4143 1893 4222 senescallo
1913 4147 2039 4222 Petra·

614 4279 807 4385 goricense
829 4265 969 4354 etaliis
986 4276 1202 4365 evocandis,
1223 4276 1310 4354 visis
1328 4276 1446 4352 eciam
1465 4275 1693 4382 quibusdam
1715 4273 1849 4352 litteris
1871 4303 1915 4351 er
1934 4293 2037 4382 parte

617 4407 706 4484 dicti
719 4406 856 4514 prioris
869 4405 1063 4495 exhibitis,
1080 4408 1160 4484 viso
1173 4406 1290 4483 eciam
1304 4404 1470 4511 quodam
1486 4421 1626 4480 arrosto
1640 4405 1678 4480 in
1694 4403 1926 4510 parlamento
1940 4405 2039 4483 Tho

615 4539 745 4616 losano
771 4537 917 4616 dudum
942 4536 1058 4625 lacto,
1086 4562 1155 4642 per
1180 4536 1282 4614 curie
1308 4551 1435 4612 nostre
1453 4533 1643 4642 judicium
1667 4534 1810 4612 dictum
1835 4533 1907 4612 luit
1932 4538 2038 4642 quod

616 4670 788 4747 homines
805 4669 895 4746 dicti
913 4667 1021 4745 castri
1038 4664 1312 4774 Sancti-Angeli
1335 4682 1373 4743 et
1391 4665 1473 4772 ejus
1490 4663 1700 4742 castellanie
1722 4665 1771 4742 ad
1786 4691 1940 4742 examen
1957 4665 2037 4744 bal-

615 4797 702 4874 livie
723 4799 771 4878 de
792 4797 898 4875 Briva
921 4801 962 4876 in
984 4795 1134 4876 casibus
1155 4797 1305 4874 ressorti
1331 4796 1582 4884 remittentur,
1606 4797 1817 4874 secundum
1841 4797 1946 4902 quod
1966 4795 2038 4873 luit

616 4929 780 5036 antiquis
793 4929 1029 5035 temporibus
1039 4929 1289 5008 observatum.

670 5059 868 5137 Dominica
885 5060 1064 5167 predicta.

670 5189 830 5268 Cnillier
845 5190 1058 5298 reportavit.

673 5448 810 5526 LXVll.
842 5448 939 5525 Cum
954 5451 1087 5528 Petrus
1107 5449 1154 5526 de
1175 5449 1383 5558 Cligniaeo,
1401 5449 1630 5530 Guillelmus
1649 5449 1834 5555 Trilegot,
1856 5451 1895 5524 Β.
1917 5450 2033 5526 Cons-
