5817 7292
1007 1044 1273 1151 rrectius
1299 1064 1362 1136 ur
1388 1049 1596 1137 procus.
1937 1066 2011 1137 sos
2091 1048 2098 1059 “

594 1216 727 1275 ventus
754 1198 1109 1306 Flavigniacensium
1130 1218 1366 1308 pervenerat,
1388 1202 1720 1281 nonobstantibus
1740 1205 1949 1283 rationibus
1968 1233 2013 1285 ex
2049 1214 2180 1271 mmm
2193 1216 2227 1271 tv

595 1326 748 1405 adverso
767 1329 986 1435 propositis,
1009 1358 1080 1409 nos
1102 1332 1142 1407 in
1167 1332 1290 1439 ipsum
1311 1332 1465 1423 ducem,
1487 1332 1598 1411 titulo
1620 1332 1840 1411 donacionis
1860 1351 2010 1426 nostre,
2111 1304 2175 1347 lm

597 1454 645 1533 do
664 1456 752 1563 jure
776 1456 940 1563 potuisse
958 1458 1178 1553 transferre,
1201 1478 1238 1538 et
1265 1462 1421 1553 deinde,
1446 1463 1614 1569 partibus
1630 1490 1743 1569 super
1762 1463 1836 1541 hoc
1853 1462 2010 1551 auditis,

596 1586 857 1693 perjudicium
872 1589 975 1665 curie
988 1606 1136 1679 nostre,
1154 1591 1253 1667 inter
1266 1607 1404 1681 cetera,
1427 1592 1571 1671 dictum
1583 1592 1716 1669 iirisset
1727 1590 1853 1669 villam
1863 1593 1911 1669 de
1923 1591 2014 1671 Col·

596 1714 695 1803 chis,
716 1744 894 1823 personas
911 1734 950 1795 et
966 1717 1046 1796 loca
1068 1720 1259 1825 potestatis
1279 1722 1450 1827 ejusdem
1466 1720 1554 1799 ville
1570 1720 1717 1798 ballivis
1733 1722 2013 1803 Matisconensis

596 1862 634 1922 et
652 1845 826 1925 homines
844 1846 962 1955 ipsius
981 1849 1082 1936 ville,
1103 1850 1142 1926 in
1163 1867 1288 1927 nostra
1306 1851 1455 1958 speciali
1478 1852 1729 1956 protectione,
1750 1851 1863 1961 garda
1885 1867 1923 1931 et
1941 1855 2014 1931 sul·

596 1993 767 2053 ramento
788 2005 982 2053 remanere
1008 1978 1162 2067 debere,
1188 2006 1397 2085 eorumque
1421 1978 1639 2058 franchisias
1659 1999 1698 2057 et
1723 1981 1916 2062 libertates
1941 2012 2013 2061 nos

595 2102 791 2181 observare
813 2104 951 2183 debere
975 2123 1012 2182 et
1032 2106 1153 2182 facere
1173 2106 1375 2195 observari,
1395 2109 1581 2212 predictas
1603 2110 1721 2185 eciam
1741 2112 1912 2217 gardam,
1928 2140 2014 2220 pro-

595 2232 812 2323 tectionem,
839 2232 1108 2309 salvamentum
1132 2249 1169 2308 et
1187 2234 1378 2339 justiciam
1400 2237 1642 2325 eorumdem,
1669 2266 1815 2316 necnon
1840 2240 2013 2318 redditus

595 2361 661 2469 qui
679 2361 891 2467 apredictis
907 2360 1127 2439 hominibus
1140 2388 1209 2467 pro
1222 2363 1412 2468 premissis
1427 2365 1537 2442 nobis
1556 2366 1756 2456 debentur,
1772 2385 1810 2444 et
1822 2368 2014 2475 justiciam

596 2492 816 2569 eorumdem
832 2508 931 2569 extra
951 2519 1106 2568 manum
1127 2508 1290 2567 nostram
1308 2520 1448 2597 ponere
1465 2520 1666 2599 nonposse
1687 2525 1757 2572 nec
1770 2500 1958 2601 potuissc;
1976 2522 2014 2581 et

594 2638 740 2727 postea,
753 2649 867 2728 super
882 2620 982 2698 dicto
992 2620 1161 2725 judicato
1174 2618 1338 2727 quedam
1353 2619 1575 2709 declaracio,
1590 2650 1659 2727 per
1672 2624 1813 2699 curiam
1827 2646 2009 2721 nostram,

595 2750 688 2828 facta
715 2750 862 2839 suisset,
894 2778 1008 2856 super
1031 2749 1170 2857 quihus
1200 2750 1332 2826 iterato
1360 2750 1554 2857 conquesti
1581 2750 1732 2828 suerunt
1753 2753 2013 2860 multipliciter

596 2880 772 2960 homines
781 2881 879 2958 dicte
893 2879 997 2972 ville,
1016 2880 1188 2969 demum,
1205 2908 1318 2987 super
1331 2879 1466 2957 debato
1479 2880 1648 2986 predicto
1661 2898 1699 2957 et
1712 2910 1826 2987 super
1839 2884 2013 2989 pluribus

598 3011 752 3118 expletis
770 3040 882 3117 supra
905 3010 1025 3088 dictos
1044 3011 1234 3103 homines,
1256 3004 1334 3117 per
1347 3010 1561 3125 predictum
1581 3011 1717 3088 ducem
1738 3028 1777 3087 et
1797 3038 1885 3090 suos
1901 3016 2013 3121 justi-

595 3140 728 3221 ciando
743 3140 865 3229 factis,
883 3140 931 3219 de
947 3140 1083 3247 quibus
1097 3138 1213 3216 eciam
1229 3139 1510 3246 conquerebant
1520 3140 1697 3218 homines
1715 3142 1894 3247 predicti,
1908 3149 2014 3226 audi-

592 3272 639 3351 tis
659 3273 707 3349 ad
722 3271 880 3378 plenum
899 3269 1006 3348 dictis
1024 3270 1211 3377 partibus,
1232 3286 1270 3346 et
1284 3269 1455 3376 pluribus
1472 3268 1579 3347 factis
1600 3273 1794 3349 contrariis
1813 3273 1903 3350 hinc
1922 3276 2011 3356 inde

593 3402 812 3510 propositis,
828 3400 929 3478 curia
939 3417 1076 3487 nostra,
1093 3399 1211 3477 finem
1225 3398 1353 3476 volens
1367 3399 1559 3506 imponere
1574 3400 1738 3478 totaliter
1751 3402 1807 3479 liti
1824 3403 2008 3510 predicte,

594 3550 714 3611 certos
733 3531 926 3639 deputavit
941 3530 1214 3609 commissarios
1237 3531 1286 3605 ad
1304 3530 1590 3637 inquirendum,
1610 3532 1747 3610 vocatis
1768 3533 1951 3639 partibus,
1974 3557 2012 3616 et

593 3680 721 3741 nostre
740 3662 843 3739 curie
863 3660 1105 3745 referendum
1126 3660 1318 3738 veritatem
1338 3688 1450 3765 super
1471 3661 1575 3737 totali
1598 3663 1754 3767 negocio
1776 3666 2009 3768 supradicto;

593 3789 836 3896 postmodum
855 3788 1020 3866 articulis
1040 3788 1224 3864 dictarum
1246 3790 1429 3892 parcium,
1451 3816 1565 3893 super
1586 3788 1805 3894 hujusmodi
1824 3792 1930 3867 totali
1950 3795 2013 3871 de·

593 3922 693 4009 bato,
716 3918 825 3997 dictis
844 3917 1107 3995 commissariis
1127 3916 1173 3993 ab
1191 3914 1335 3993 eisdem
1354 3916 1523 4024 partibus
1538 3918 1685 3995 traditis
1709 3934 1748 3994 et
1768 3946 1881 4024 super
1900 3921 1954 3998 eis
1970 3952 2011 4001 ac

595 4076 709 4157 super
732 4048 863 4125 ceteris
888 4048 927 4124 in
959 4074 1090 4125 eorum
1115 4046 1375 4125 commissione
1400 4047 1603 4134 contentis,
1635 4046 1811 4154 inquisita
1839 4077 1908 4154 per
1936 4079 2010 4130 eos

596 4181 700 4269 dem,
728 4178 864 4287 vocatis
882 4178 1070 4284 partibus,
1093 4178 1260 4270 veritate,
1282 4193 1319 4253 ct
1341 4178 1514 4285 inquesta
1532 4175 1752 4283 hujusmodi
1775 4179 1823 4255 ad
1844 4196 2010 4259 nostram

595 4310 737 4387 curiam
756 4308 803 4385 ad
811 4308 1063 4415 judicandum
1078 4324 1262 4414 reportata
1276 4338 1285 4385 ε
1300 4308 1487 4395 Tandem,
1502 4305 1639 4385 auditis
1652 4306 1837 4385 dictarum
1850 4311 2010 4416 partium
2049 4312 2053 4319 ’

594 4438 808 4518 racionibus
822 4437 910 4514 hinc
926 4454 963 4515 et
976 4438 1082 4528 inde,
1103 4455 1141 4515 et
1155 4438 1232 4515 visa
1247 4438 1418 4546 inquesta
1430 4436 1597 4543 predicta
1615 4453 1653 4514 et
1668 4437 1868 4545 diligenter
1879 4441 2011 4517 erami-

595 4586 695 4659 nata,
710 4568 871 4675 visisque
888 4568 1022 4647 litteris
1039 4568 1209 4677 ejusdem
1233 4570 1491 4647 nssociacionis
1510 4567 1604 4645 facte
1624 4567 1816 4645 karissimo
1837 4571 2012 4678 progeni-

593 4701 666 4778 tori
688 4716 817 4777 nostro
834 4728 902 4806 per
924 4700 1044 4779 dictos
1062 4700 1275 4808 religiosos,
1296 4727 1444 4778 necnon
1461 4699 1680 4779 donacionis
1694 4698 1795 4776 dicto
1813 4699 1900 4777 duci
1915 4699 2010 4779 facte

594 4858 662 4937 per
675 4857 745 4908 nos
764 4830 812 4907 de
833 4831 930 4911 dicta
945 4830 1028 4907 villa
1049 4848 1087 4907 et
1106 4830 1186 4936 ejus
1206 4830 1461 4937 pertinenciis,
1484 4829 1570 4907 visis
1587 4830 1704 4907 eciam
1724 4828 1888 4935 quodam
1907 4830 2010 4907 curie

595 4976 719 5039 nostre
733 4977 853 5039 aresto
868 4978 907 5039 et
926 4959 1095 5067 ejusdem
1110 4960 1220 5038 aresti
1237 4959 1493 5065 decipracioue
1507 4959 1725 5066 subsequta,
1745 4973 1784 5035 et
1803 4960 2010 5038 examinato

592 5087 741 5197 plenius
758 5091 864 5169 totali
883 5092 1039 5200 negocio
1054 5090 1284 5199 supradicto,
1294 5118 1364 5197 per
1378 5089 1480 5167 curie
1500 5105 1625 5167 nostre
1637 5087 1844 5196 judicium,
1866 5086 2009 5166 dictum

593 5217 666 5297 suit
678 5247 746 5297 nos
751 5220 937 5328 justiciam
958 5220 1146 5300 dictorum
1155 5220 1355 5301 hominum
1367 5240 1669 5327 quamcumque,
1685 5244 1754 5295 seu
1768 5245 2008 5323 quocumque

595 5350 747 5427 nomine
767 5368 972 5441 censeatur,
995 5353 1149 5439 adnm,
1169 5350 1317 5429 racione
1333 5348 1429 5429 dicte
1445 5346 1717 5436 associacionis‚
1739 5346 2006 5451 pertinentem,

679 5522 731 5565 crs
752 5523 834 5566 οιιι.
851 5525 895 5565 ru.
1842 5520 1881 5580 77
