5817 7292
1038 1141 1304 1249 nNanrns
1329 1160 1394 1231 nr
1419 1141 1625 1233 runcis.
1969 1159 2041 1231 aas

680 1298 848 1376 Remissa
867 1298 941 1375 luit
958 1325 1027 1406 per
1043 1319 1324 1407 procuratorem
1344 1299 1455 1408 Regis
1473 1300 1522 1378 ad
1540 1295 1820 1407 perficiendam.

678 1427 779 1507 lovis
797 1447 883 1536 post
898 1431 1126 1509 Braudones.

679 1688 838 1766 XXXIX.
869 1691 966 1769 Cum
986 1691 1149 1798 quedam
1170 1694 1344 1800 inquesta
1363 1691 1457 1770 lacta
1480 1693 1611 1771 fuisset
1631 1692 1731 1770 inter
1754 1717 1823 1769 nos
1843 1707 1883 1768 et
1904 1690 2045 1797 episeo-

622 1849 713 1924 pum
739 1820 1027 1913 Catureenscm,
1049 1850 1092 1899 ex
1111 1850 1187 1899 una
1206 1841 1333 1930 parte,
1356 1840 1394 1901 et
1412 1823 1586 1902 consules
1607 1823 1655 1900 de
1675 1822 1835 1902 Caturco
1855 1838 2045 1900 eteorum

622 1949 841 2056 complices,
857 1979 901 2028 ex
912 1951 1043 2042 altera,
1056 1981 1169 2058 super
1178 1953 1425 2060 suspensione
1434 1953 1617 2033 lobannis
1629 1954 1676 2031 de
1690 1953 1961 2042 Sanctodorio,
1974 1952 2047 2030 cle·

621 2081 706 2171 rici,
721 2095 858 2188 etpost
872 2082 1169 2188 appellaeionem
1183 2083 1235 2160 ad
1246 2100 1418 2162 nostrum
1434 2084 1683 2162 senescallum
1700 2084 1966 2164 Cauri-censam
1979 2112 2047 2161 seu

621 2211 669 2286 ad
694 2239 764 2290 nos
786 2211 970 2320 legittime
995 2213 1274 2321 interpositam
1296 2242 1374 2322 que
1389 2215 1563 2322 inquesta
1582 2243 1651 2322 pro
1671 2213 1797 2305 nobis,
1819 2232 1857 2292 et
1876 2243 1953 2292 non
1977 2243 2049 2320 pro

623 2341 723 2420 dicto
739 2342 914 2450 episcopo
930 2343 1004 2422 luit
1014 2345 1201 2454 judicata,
1218 2363 1257 2424 et
1271 2344 1429 2424 luerim
1441 2346 1708 2454 condempnati
1726 2343 1837 2424 nobis
1852 2345 1943 2424 dicti
1958 2373 2048 2423 con·

621 2476 722 2555 sules
741 2478 780 2555 in
802 2479 956 2556 duobus
973 2479 1143 2559 millibus
1166 2480 1273 2558 libris
1287 2480 1598 2570 Turonensihus;
1621 2497 1776 2586 propter
1797 2478 1902 2585 quod
1925 2479 2046 2558 dietus

622 2606 819 2714 episeopus
832 2608 945 2686 nobis
959 2610 1182 2717 supplicavit
1193 2629 1238 2687 ut
1258 2609 1396 2688 dietam
1417 2612 1648 2717 inquestam,
1661 2609 1701 2684 in
1722 2626 1906 2715 quantum
1928 2611 2046 2719 tangit

621 2736 746 2841 ipsum
759 2740 995 2846 episcopum,
1011 2739 1219 2818 faceremus
1228 2740 1406 2847 judicari,
1423 2741 1532 2847 eujus
1545 2739 1811 2846 supplicacioni
1822 2757 2043 2829 annuentes,

621 2867 777 2957 iterum,
789 2870 829 2944 in
846 2888 1030 2976 quamum
1046 2872 1166 2980 tangit
1185 2869 1330 2948 dictum
1352 2871 1586 2977 episcopum,
1607 2869 1815 2976 predictam
1834 2869 2045 2978 inquestam

620 2997 739 3076 videri
757 2998 931 3091 lecimus3
957 3031 1032 3109 qua
1049 3002 1125 3080 visa
1142 3019 1181 3080 et
1201 3001 1400 3109 diligenter
1419 3001 1644 3094 examinata,
1668 3003 1755 3110 quia
1775 3002 1970 3079 inventum
1990 3019 2046 3077 est

622 3127 743 3207 dictos
757 3131 945 3220 consules,
963 3161 1174 3240 eorumque
1194 3131 1412 3238 complices,
1434 3132 1578 3210 dictum
1596 3133 1827 3224 iohannem,
1848 3131 2042 3220 clericum,

2081 1305 2194 1358 Parnm

2142 1395 2204 1439 lm.

621 3260 661 3334 in
674 3258 790 3338 furcis
804 3261 895 3340 dicti
908 3263 1072 3370 episcopi
1087 3263 1342 3369 suspendisse,
1360 3262 1400 3339 in
1413 3263 1666 3370 prejudicium
1681 3262 1770 3338 dicti
1786 3262 1951 3367 episcopi
1967 3289 2043 3339 non
2164 3335 2169 3342 .

622 3391 816 3469 modicum
832 3411 871 3469 et
887 3421 1100 3501 gravamen,
1117 3411 1156 3471 et
1167 3410 1253 3500 post
1263 3391 1561 3501 appellaeionem
1576 3392 1623 3470 ad
1636 3392 1780 3469 dictum
1797 3391 2044 3469 senescallum

622 3548 687 3608 seu
715 3521 764 3600 ad
784 3552 854 3601 nos
876 3523 1061 3632 legittime
1085 3526 1372 3632 interpositam,
1394 3525 1483 3602 dicti
1509 3523 1682 3602 consules
1706 3523 1831 3601 eidem
1852 3522 2042 3630 episcopo,

622 3669 778 3759 propter
795 3652 934 3732 lactum
953 3657 1186 3762 predictum,
1208 3657 1250 3733 in
1272 3655 1379 3734 mille
1399 3655 1506 3733 libris
1527 3653 1830 3740 Turonensibus,
1852 3680 1920 3758 per
1943 3654 2045 3729 curie

622 3799 750 3860 nostre
766 3783 974 3891 judicium,
1001 3786 1268 3893 condempnati
1288 3783 1458 3875 fuerunt,
1482 3783 1586 3860 etad
1610 3781 1883 3860 resaislendum
1900 3779 2044 3858 dictum

623 3911 842 4018 episcopum
858 3915 906 3990 de
921 3914 1092 4020 predicto
1108 3914 1330 4020 clericoper
1349 3941 1465 3991 unam
1484 3913 1662 4020 figuram,
1684 3910 1844 3988 maxime
1861 3937 1948 3986 cum
1965 3937 2046 3988 cor-

621 4070 693 4147 pus
711 4043 830 4149 ipsius
848 4043 897 4120 sit
914 4062 1188 4151 consumptum.

678 4173 835 4252 Veneris
852 4191 939 4278 post
956 4174 1184 4252 Brandones.
1225 4191 1235 4208 '

678 4301 855 4381 Bocellus
871 4306 1085 4409 reportavit.

678 4433 862 4511 Execucio
885 4434 993 4512 istius
1010 4435 1169 4544 judicati
1188 4463 1367 4542 suspensa
1387 4451 1444 4512 eat
1462 4462 1531 4541 per
1546 4433 1695 4510 curiam
1716 4459 1835 4539 usque
1856 4431 1904 4509 ad
1923 4432 2044 4538 proxi-

623 4590 730 4640 mum
745 4562 1043 4670 parlamentum,
1065 4582 1105 4644 et
1123 4584 1214 4644 tunc
1234 4583 1359 4673 partes
1382 4593 1496 4672 super
1515 4565 1588 4644 hoc
1608 4563 1823 4654 audientur,
1843 4579 1882 4640 et
1904 4560 2044 4640 debent

623 4712 812 4800 asportare
830 4694 972 4774 litteras
990 4725 1085 4775 suas.

677 4956 755 5034 XL.
786 4957 885 5036 Cum
905 4957 1068 5064 quedam
1090 4959 1262 5066 inquesta
1281 4957 1375 5038 sacta
1397 4957 1529 5038 fuisset
1552 4956 1798 5036 demandato
1816 4970 1965 5037 nostru,
1987 4954 2045 5029 in-

502 5135 513 5149 ·
622 5103 682 5164 ter
697 5087 937 5196 Aymaricum
956 5090 1006 5168 da
1026 5090 1188 5198 Taillay,
1209 5090 1405 5180 clericum,
1432 5118 1477 5168 ex
1503 5117 1580 5168 una
1598 5104 1721 5197 parte,
1748 5104 1788 5165 et
1806 5088 1970 5194 priorem
1994 5085 2041 5161 de

623 5216 877 5331 Saint-Geloy,
894 5223 1039 5302 ordinis
1057 5222 1329 5313 Cluniacensis,
1346 5251 1391 5300 ex
1406 5222 1539 5309 altera,
1555 5221 1594 5298 in
1611 5219 1774 5328 mindam
1793 5247 1902 5296 causa
1914 5213 2042 5321 appel-

624 5349 776 5432 laeionis
792 5356 1013 5462 interposite
1029 5385 1073 5434 ex
1086 5375 1191 5464 parte
1207 5357 1299 5434 dieti
1309 5355 1447 5464 prioris
1465 5353 1662 5463 aqnadarn
1676 5351 1863 5432 sentencia
1882 5349 1955 5426 lata
1974 5371 2042 5452 per

625 5484 872 5564 senescallum
886 5486 1137 5566 Pictavensem
1151 5505 1281 5566 contra
1294 5488 1439 5566 dictum
1447 5485 1613 5594 priorem
1628 5511 1698 5588 pro
1713 5483 1814 5561 dicto
1827 5475 2038 5585 Xymeriwt

1864 5627 1913 5688 38.

2196 1305 2266 1368 an,
