5817 7292
876 1091 950 1165 280
999 1083 1004 1090 ’
1458 1085 1549 1158 LES
1579 1084 1718 1158 OLlM.

648 1247 779 1300 mmm
791 1243 835 1309 IV.
876 1261 976 1322 rem,
989 1230 1095 1339 quod
1116 1228 1186 1336 ipsi
1206 1226 1385 1336 conjuges
1395 1225 1640 1334 possidebant
1658 1223 1859 1333 quamdam
1879 1222 2039 1302 domum
2059 1242 2098 1302 et
2116 1193 2295 1336 quasdam

710 1339 765 1382 1808

875 1365 966 1443 alias
983 1389 1045 1441 res
1062 1358 1279 1438 immobiles
1290 1375 1329 1436 et
1342 1358 1461 1436 eciam
1472 1356 1654 1450 mobiles,
1668 1356 1708 1434 in
1721 1354 1888 1434 articulis
1903 1383 2038 1434 eorum
2051 1377 2293 1464 expressatas,

875 1525 951 1605 que
972 1493 1122 1573 inerant
1135 1490 1294 1571 Guiardi
1313 1490 1360 1568 de
1376 1489 1586 1568 Lemovicis
1597 1506 1635 1566 et
1649 1487 1857 1577 Genovele,
1869 1486 1950 1596 ejus
1965 1488 2108 1577 uxoris,
2125 1507 2295 1598 tempore

874 1655 952 1736 quo
964 1624 1034 1733 ipsi
1046 1624 1297 1713 decesserant,
1318 1622 1366 1700 de
1381 1621 1591 1700 hereditate
1612 1636 1651 1698 et
1665 1637 1876 1728 conquestu
1896 1620 2065 1728 ipsorum
2084 1638 2293 1712 moventes,

874 1787 1038 1866 quorum
1053 1755 1171 1833 eciam
1193 1752 1263 1860 ipsi
1282 1752 1448 1832 Guiotus
1468 1769 1506 1828 et
1524 1753 1730 1859 Margareta
1749 1751 1924 1829 dicebant
1943 1779 1983 1830 se
1999 1779 2079 1830 esse
2100 1751 2241 1830 liberos
2260 1771 2296 1834 et

874 1890 1054 1977 heredes,
1084 1885 1360 1992 peciissentque
1387 1883 1509 1961 dictos
1535 1882 1715 1991 conjuges
1743 1881 1921 1988 compelli
1948 1882 1996 1959 ad
2017 1881 2292 1961 restituendum

873 2018 927 2094 eis
944 2016 1130 2123 predicta,
1149 2043 1234 2091 cum
1258 2012 1441 2091 fructibus
1461 2012 1549 2089 inde
1570 2011 1771 2119 perceptis,
1794 2012 1903 2090 dictis
1922 2009 2148 2120 conjugibus
2166 2012 2295 2120 plures

871 2146 1041 2224 raciones
1053 2144 1371 2252 proponentibus,
1386 2160 1541 2251 propter
1555 2171 1648 2250 quas
1661 2141 1837 2220 dicebant
1850 2142 2019 2249 predicta
2034 2142 2116 2220 fieri
2137 2171 2212 2220 non
2233 2143 2294 2220 de-

872 2277 983 2370 bere3
999 2277 1171 2366 tandem,
1188 2273 1326 2352 auditis
1342 2274 1529 2381 partibus,
1547 2272 1670 2351 dictus
1691 2274 1842 2352 auditor
1854 2273 2042 2380 predictos
2054 2272 2230 2380 conjuges
2244 2273 2291 2352 ab

872 2408 1113 2516 impeticione
1128 2404 1218 2484 dicti
1234 2404 1365 2484 Guioti
1380 2403 1552 2495 absolvit,
1569 2403 1851 2510 condempnans
1864 2404 2017 2482 eosdem
2032 2403 2080 2480 ad
2094 2403 2294 2482 restituen-

873 2540 967 2618 dum
982 2539 1081 2616 dicte
1101 2538 1306 2645 Margarete
1329 2552 1368 2613 et
1386 2535 1468 2644 ejus
1488 2534 1623 2612 marito
1643 2533 1888 2613 medietatem
1905 2535 2075 2614 omnium
2091 2533 2291 2612 mobilium

871 2686 911 2746 et
923 2666 1184 2755 inmobilium‚
1198 2665 1239 2742 in
1254 2665 1421 2743 articulis
1432 2665 1622 2766 dictorum
1635 2663 1844 2744 liberorum
1862 2681 2145 2754 contentorum,
2161 2681 2200 2742 et
2215 2691 2294 2742 me-

871 2799 1051 2876 dietatem
1064 2797 1251 2905 octoginta
1267 2794 1449 2872 librarum
1471 2795 1510 2872 in
1528 2795 1638 2874 dictis
1652 2793 1820 2874 articulis
1839 2813 2117 2887 contentarum,
2134 2796 2223 2872 etin
2237 2821 2295 2873 re·

871 2927 989 3007 siduis
1012 2927 1219 3006 mobilibus
1248 2927 1403 3006 eosdem
1427 2925 1650 3019 absolvens,
1678 2928 1785 3035 cujus
1812 2927 1973 3036 judicati
1999 2928 2090 3005 dicti
2119 2927 2295 3037 conjuges

871 3060 1183 3138 emendacionem
1201 3059 1418 3138 Perisiensis
1442 3059 1624 3167 prepositi
1643 3059 1865 3166 pecierunt;
1886 3060 1952 3168 qui
1977 3059 2191 3168 prepositus
2210 3087 2295 3166 pre-

871 3191 1010 3268 dictam
1029 3192 1258 3269 sentenciam
1276 3191 1530 3282 confirmaviu
1555 3220 1575 3268 a
1597 3219 1673 3298 qua
1692 3191 1983 3270 confirmacione
2006 3192 2095 3268 dicti
2114 3191 2293 3298 conjuges

871 3321 918 3399 ad
936 3338 1103 3400 nostram
1123 3322 1266 3399 curiam
1285 3321 1524 3429 appellarunt
1536 3353 1545 3397 ε
1557 3322 1654 3402 Visis
1672 3321 1786 3430 igitur
1798 3322 2000 3430 diligenter
2015 3319 2192 3400 omnibns
2206 3348 2293 3427 pro·

871 3453 1037 3531 cessibus
1055 3452 1249 3558 predictis,
1272 3470 1310 3530 et
1333 3453 1578 3531 consideratis
1600 3453 1777 3532 omnibus
1802 3452 1891 3529 binc
1911 3452 2000 3530 inde
2019 3449 2203 3560 allegatis,
2224 3479 2293 3558 per

872 3582 973 3661 curie
984 3598 1112 3661 nostre
1121 3581 1327 3691 judicium,
1341 3583 1485 3660 dictum
1498 3581 1571 3661 luit
1584 3583 1796 3689 predictum
1806 3582 2056 3690 prepositum,
2072 3583 2111 3658 in
2126 3609 2170 3658 eo
2186 3581 2292 3689 quod

870 3713 950 3820 ipse
968 3713 1126 3790 absolvit
1144 3713 1369 3821 simpliciter
1388 3714 1510 3792 dictos
1527 3715 1706 3823 conjuges
1719 3714 1767 3792 nb
1784 3713 2024 3820 impeticione
2039 3712 2126 3790 dicti
2142 3711 2289 3798 Guioti,

870 3861 908 3923 et
921 3845 960 3922 in
972 3872 1019 3923 eo
1035 3844 1153 3922 eciam
1165 3844 1271 3952 quod
1284 3845 1363 3953 ipse
1378 3845 1669 3953 condempnavit
1682 3845 1802 3924 dictos
1817 3843 1994 3952 conjuges
2003 3842 2146 3951 precise
2161 3842 2209 3920 ad
2224 3871 2294 3922 res

866 3975 1087 4054 tituendum
1105 3975 1204 4053 dicte
1226 3975 1432 4084 Margarete
1452 3993 1491 4054 et
1514 3976 1598 4086 ejus
1613 3975 1748 4053 merito
1766 3974 2010 4054 medietatem
2023 4001 2153 4054 rerum
2174 3974 2295 4054 mobi-

868 4107 963 4184 lium
984 4124 1023 4185 et
1040 4106 1300 4200 inmobilium‚
1323 4108 1364 4184 in
1382 4107 1551 4186 articulis
1574 4106 1764 4186 dictorum
1785 4105 1995 4186 liberorum
2013 4122 2290 4194 contentarum,

869 4253 909 4314 et
920 4238 1163 4316 medietatem
1174 4239 1361 4318 dictarum
1377 4239 1567 4347 octoginta
1581 4237 1781 4332 librarum,
1793 4237 1892 4314 male
1902 4237 2178 4344 pronunciasse.
2194 4237 2291 4316 Cum

870 4370 972 4446 enim
992 4370 1203 4449 eonstiterit
1222 4372 1324 4450 curie
1351 4371 1490 4448 dictam
1510 4367 1739 4450 Genoveiam
1759 4368 1920 4479 legasse,
1944 4368 2052 4446 dictis
2071 4369 2292 4477 conjugibus

869 4501 979 4578 Petro
1000 4517 1039 4577 et
1063 4501 1144 4608 ejus
1168 4505 1292 4592 uxori,
1315 4503 1487 4609 quintam
1506 4519 1651 4609 partem
1676 4499 1894 4578 hereditatis
1913 4527 1981 4578 sue
2004 4528 2092 4578 cum
2117 4499 2292 4578 omnibus

869 4630 1140 4738 conquestibus
1159 4650 1198 4709 et
1215 4631 1424 4711 mobilibus
1440 4633 1538 4726 suis,
1555 4650 1594 4711 et
1612 4632 1733 4710 dictos
1753 4630 1932 4739 conjuges
1951 4631 2164 4737 predictum
2179 4630 2291 4710 Guiu-

867 4778 969 4852 tum,
987 4761 1071 4868 qui,
1092 4779 1354 4870 postmortem
1371 4764 1580 4872 patrissui,
1603 4765 1642 4840 in
1660 4763 1753 4842 sella
1768 4763 1947 4841 remansit
1961 4761 2010 4840 de
2032 4761 2131 4840 dieto
2147 4760 2288 4868 legato,

868 4909 998 5000 postea
1010 4893 1227 5000 quitavisse,
1240 4922 1310 5001 pro
1321 4895 1432 4974 certis
1444 4894 1558 4973 rebus
1567 4897 1787 5002 expressatis
1803 4894 1843 4971 in
1851 4893 1987 4973 litteris
2000 4921 2114 5000 super
2125 4891 2197 4970 boc
2207 4919 2291 4970 con-

869 5023 976 5102 fectis
995 5025 1092 5104 etin
1118 5025 1218 5106 dicto
1238 5043 1416 5135 processu
1435 5031 1643 5120 contentis,
1665 5029 1755 5109 dicti
1780 5029 1958 5139 conjuges
1979 5029 2027 5110 ab
2051 5028 2290 5137 impeticione

869 5153 1058 5232 dictorum
1082 5155 1312 5251 liberorum,
1334 5158 1464 5267 quoad
1482 5189 1542 5240 res
1561 5161 1601 5238 in
1620 5161 1728 5239 dictis
1751 5159 1886 5240 litteris
1912 5177 2121 5249 contentas,
2143 5185 2210 5267 per
2226 5185 2294 5235 cu-

867 5285 923 5366 rie
938 5304 1067 5367 nostre
1077 5288 1288 5398 judicium,
1307 5290 1463 5370 fuerunt
1476 5292 1654 5384 absoluti,
1671 5311 1710 5372 et
1724 5295 1990 5403 condempnati
2004 5291 2158 5372 bierunt
2176 5290 2292 5368 iidem

869 5418 1049 5529 conjuges
1068 5421 1115 5499 ad
1136 5421 1414 5500 restituendum
1433 5423 1545 5502 dictis
1565 5423 1693 5504 liberis
1711 5424 1906 5504 residuum
1924 5424 2112 5504 bonorum
2131 5420 2294 5499 inmobi-
