5817 7292
899 1074 972 1147 osa
1150 1026 1155 1039 ’
1475 1069 1565 1143 sss
1594 1069 1731 1144 ocur.

674 1223 859 1285 patrinatu
897 1214 1116 1321 homagium
1136 1240 1248 1319 super
1273 1211 1346 1289 hoc
1367 1238 1445 1289 non
1469 1228 1632 1297 venerat,
1660 1225 1699 1285 et
1726 1205 1866 1312 absque
1893 1206 1994 1283 dicto
2015 1204 2192 1313 homagio
2215 1206 2313 1285 dicte

735 1314 796 1359 ’ω’
898 1346 984 1425 ville
1014 1344 1232 1423 domanium
1255 1369 1437 1448 occupare
1456 1341 1659 1428 nitebatur,
1684 1337 1887 1444 impediret
1910 1335 2078 1414 eundem
2097 1336 2314 1442 episcopum

898 1504 1011 1584 super
1036 1475 1169 1553 saisina
1195 1501 1262 1551 sua
1282 1472 1445 1582 homagii
1470 1470 1647 1578 predicti,
1672 1469 1751 1575 ipse
1770 1466 1923 1573 petebat
1944 1496 1984 1545 se
2010 1466 2151 1545 absolvi
2178 1469 2225 1546 ah
2245 1469 2317 1545 im-

897 1608 1084 1712 peticione
1107 1602 1275 1712 predicta
1303 1603 1393 1679 dicti
1418 1600 1584 1711 magistri
1607 1598 1811 1706 ludulphi,
1839 1615 1878 1675 et
1900 1597 2217 1703 impedimentum
2243 1600 2314 1678 sibi

897 1738 1110 1844 appositum
1128 1762 1243 1841 super
1259 1734 1334 1811 hoc
1355 1760 1424 1839 per
1448 1732 1592 1809 dictum
1619 1731 1839 1837 magistrum
1863 1729 2106 1837 hadulphum
2134 1733 2312 1821 amoveri,

897 1894 1011 1973 super
1030 1866 1168 1973 quihus
1188 1865 1383 1969 impetrate
1404 1860 1560 1940 luenmt
1583 1862 1659 1939 due
1679 1860 1976 1948 commissiones,
1994 1888 2069 1937 arna
2083 1889 2151 1965 per
2170 1860 2313 1939 dictum

899 1999 1118 2105 magistrum
1140 1995 1383 2101 Radulphum
1404 2010 1443 2071 et
1462 1992 1534 2070 alia
1554 2021 1623 2100 per
1642 1992 1786 2070 dictum
1811 1991 2046 2098 episcopum3
2073 1991 2157 2079 sed,
2180 1992 2313 2070 virtute

900 2130 999 2207 dicte
1010 2126 1285 2235 commissionis
1295 2124 1509 2231 impetrate,
1523 2151 1591 2229 per
1600 2122 1744 2200 dictum
1755 2122 1974 2230 magistrum
1986 2121 2225 2228 Radulphum
2239 2122 2312 2199 fuit

899 2258 1141 2337 solummodo
1166 2275 1204 2335 et
1227 2256 1265 2334 in
1287 2271 1434 2333 tantum
1456 2282 1674 2363 processum
1702 2272 1739 2331 et
1759 2254 1998 2360 inquisitum,
2020 2254 2123 2360 quod
2142 2254 2311 2360 inquesta

898 2418 1011 2497 super
1031 2392 1104 2467 hoc
1116 2386 1209 2465 sacta
1226 2386 1299 2465 fuit
1318 2386 1365 2463 ad
1379 2386 1632 2492 judicandum
1651 2402 1777 2462 nostre
1797 2384 1900 2462 curie
1919 2400 2125 2490 reportata:
2141 2387 2223 2479 Qua
2236 2383 2312 2461 visa

900 2538 937 2599 et
952 2520 1151 2630 diligenter
1170 2517 1392 2606 erarninata,
1415 2518 1503 2622 quia
1522 2516 1638 2593 nichil
1657 2515 1850 2592 inventum
1869 2512 1941 2592 luit
1963 2515 2162 2621 probatum
2187 2533 2312 2595 contra

899 2653 1040 2729 dictum
1062 2650 1281 2756 episcopum
1295 2675 1364 2754 per
1382 2647 1486 2753 quod
1503 2646 1583 2754 ipse
1603 2645 1740 2723 debeat
1758 2647 2024 2753 condempnari
2045 2646 2094 2723 ad
2118 2648 2314 2725 emendam

899 2808 966 2887 per
991 2780 1135 2857 dictum
1152 2776 1414 2885 hadulphum,
1437 2795 1512 2854 tam
1532 2805 1602 2882 pro
1624 2805 1663 2855 se
1680 2804 1795 2882 quam
1818 2804 1887 2881 pro
1907 2775 2037 2866 nohis,
2060 2778 2229 2883 petitam,
2252 2808 2318 2887 per

899 2910 1002 2988 curie
1018 2928 1144 2988 nostre
1155 2908 1362 3017 judicium,
1380 2907 1504 2986 dictus
1519 2908 1716 3013 episcopus
1730 2907 1778 2985 ab
1792 2906 2034 3013 impeticione
2047 2908 2215 3015 predicta
2228 2909 2316 2987 dicti

900 3040 1064 3147 magistri
1093 3037 1279 3145 Radulphi
1304 3036 1376 3115 luit
1400 3036 1565 3115 totaliter
1584 3036 1795 3125 absolutus,
1819 3053 1872 3126 et,
1899 3066 1967 3142 per
1990 3038 2093 3116 idem
2109 3039 2314 3146 judicium,

898 3171 1042 3248 dictum
1061 3169 1134 3248 fuit
1148 3169 1254 3276 quod
1271 3185 1397 3247 nostra
1417 3168 1518 3246 curia
1537 3196 1606 3274 per
1624 3169 1697 3245 hoc
1714 3169 1946 3276 prejudicare
1966 3170 2006 3246 in
2022 3169 2149 3275 aliquo
2168 3199 2244 3247 non
2258 3170 2318 3246 in-

898 3301 1022 3379 tendit
1038 3300 1205 3408 partibus
1217 3298 1405 3404 predictis,
1422 3326 1535 3403 super
1549 3298 1684 3375 saisina
1697 3298 1850 3402 justicie
1864 3299 1951 3375 ville
1961 3300 2008 3377 de
2023 3299 2166 3377 Liaiaco
2183 3326 2315 3403 supra-

899 3431 1008 3521 dicte,
1026 3459 1095 3508 nec
1106 3456 1219 3537 super
1233 3429 1367 3507 saisina
1382 3428 1485 3508 leodi
1497 3429 1715 3535 supradicti,
1738 3447 1776 3507 et
1792 3430 1952 3537 homagii
1970 3430 2072 3536 quod
2089 3458 2157 3536 pro
2172 3429 2313 3507 eodem

898 3559 1009 3639 lcodo
1030 3560 1121 3637 dicit
1141 3559 1264 3637 dictus
1281 3559 1479 3665 episcopus
1498 3559 1569 3637 sihi
1595 3559 1735 3637 debere
1756 3561 1925 3667 prestari,
1948 3587 2059 3667 super
2076 3559 2229 3667 quibus,
2245 3587 2314 3637 vo-

898 3690 988 3767 catis
1000 3690 1184 3795 partibus,
1200 3689 1414 3795 inquiretur
1429 3690 1579 3779 veritas,
1594 3708 1632 3768 et
1646 3688 1712 3766 liet
1720 3689 1796 3798 jus.

954 3821 1132 3897 Mercurii
1145 3837 1231 3927 post
1249 3820 1484 3899 Nativitatem
1503 3820 1604 3899 beati
1623 3822 1803 3899 Johannis
1817 3822 1993 3928 Baptiste.

953 3951 1060 4031 Greci
1079 3951 1291 4057 reportavit.

952 4214 1026 4291 LII.
1059 4215 1156 4293 Cum
1171 4215 1275 4292 inter·
1284 4217 1500 4322 priorissam
1516 4217 1564 4294 de
1580 4218 1745 4306 Lissum,
1764 4219 1958 4306 actricem,
1974 4246 2019 4296 ex
2031 4247 2106 4296 una
2123 4237 2246 4325 parte,
2276 4235 2317 4296 et

896 4344 1103 4423 Arnaldum
1117 4347 1277 4436 Barasci,
1295 4345 1454 4425 militem
1468 4365 1803 4455 preceptoremque
1819 4350 2021 4455 Hospitalis
2036 4349 2082 4427 de
2097 4348 2256 4457 Pojolar,
2270 4379 2315 4426 ex

897 4473 1030 4566 altera,
1053 4503 1178 4553 coram
1197 4476 1308 4554 certis
1328 4476 1592 4556 commissariis
1612 4479 1797 4585 deputatis
1815 4507 1836 4556 a
1860 4480 1987 4569 nohis,
2009 4482 2156 4558 racione
2180 4479 2253 4558 loci
2277 4498 2314 4556 et

896 4606 1214 4711 pertinenciarum
1240 4608 1288 4684 de
1310 4606 1459 4714 Pojolar
1484 4624 1523 4685 et
1543 4609 1641 4717 juris
1666 4627 1883 4715 patronatus
1908 4610 2114 4718 Hospitalis·
2135 4611 2307 4717 predicti,

897 4737 1045 4840 questio
1065 4753 1274 4814 verteretur
1298 4765 1475 4845 supereo
1494 4739 1600 4845 quod
1620 4740 1717 4816 dicta
1734 4740 1909 4846 priorissa
1924 4740 2074 4818 dicebat
2092 4742 2195 4847 quod
2212 4743 2310 4818 Deo-

897 4864 1007 4943 datus
1016 4865 1177 4955 Barasci,
1195 4866 1305 4944 miles
1314 4883 1452 4957 noster,
1465 4868 1659 4975 qnondam
1673 4868 1798 4945 eidem
1807 4868 1983 4975 priorisse
1993 4870 2177 4977 legaverat
2185 4869 2310 4948 locum

897 4994 944 5071 de
967 4993 1115 5102 Pojolar
1134 5024 1220 5074 cum
1241 4997 1318 5077 suis
1337 4997 1580 5105 pertinenciis
1598 5014 1636 5075 et
1648 4997 1712 5105 jus
1730 5016 1951 5103 patronatus
1972 4998 2046 5077 loci
2064 4998 2242 5105 predicti,
2263 4998 2310 5075 ad

896 5125 1019 5230 ipsum
1042 5124 1270 5217 Deodatum,
1290 5141 1462 5233 tempore
1480 5128 1612 5207 mortis
1640 5156 1724 5218 sue,
1745 5130 1991 5236 pertinentem
2011 5133 2079 5238 qui
2100 5130 2310 5220 Deodatus‚

895 5270 938 5331 ut
957 5255 1104 5347 dicitur,
1131 5257 1171 5334 in
1197 5285 1267 5335 suo
1286 5273 1510 5335 testamento
1537 5286 1607 5337 nos
1629 5260 1952 5367 senescallumque
1979 5276 2149 5338 nostrum
2170 5258 2313 5338 Ruthe·

897 5410 1051 5465 ncnsem
1071 5386 1315 5492 requisiverat
1333 5386 1439 5492 quod
1457 5403 1723 5467 testamentum
1741 5419 1851 5469 suum
1869 5390 2145 5498 compleremus
2163 5408 2201 5468 et
2215 5417 2315 5468 com·
