5817 7292
878 1119 949 1195 176
1452 1130 1542 1203 Lus
1571 1127 1710 1203 OLIM.

650 1269 835 1407 suffieit,
928 1264 1071 1347 XXXV.
1103 1267 1228 1374 Super
1253 1296 1298 1347 eo
1322 1272 1429 1377 quod
1452 1272 1574 1380 major
1598 1288 1636 1351 et
1655 1272 1771 1382 jurati
1792 1250 2009 1351 communie
2029 1272 2078 1351 de
2097 1273 2183 1351 Pois
2206 1300 2299 1351 con·

768 1393 774 1408 '
873 1396 996 1503 questi
1016 1397 1165 1477 fuerant
1183 1401 1286 1506 quod
1308 1401 1485 1481 dominus
1507 1404 1553 1480 de
1573 1404 1677 1498 Pois,
1698 1422 1783 1510 post
1796 1404 1916 1481 minas
1930 1432 1999 1510 per
2011 1404 2138 1511 ipsum
2154 1404 2297 1483 eisdem

872 1526 1010 1618 illatas,
1030 1525 1168 1607 fecerat
1187 1560 1254 1608 seu
1274 1550 1535 1637 procuraverat
1552 1532 1683 1641 plures
1703 1535 1750 1613 de
1770 1535 1991 1613 hominibus
2011 1535 2109 1611 dicte
2129 1562 2299 1613 commu·

873 1658 935 1735 nie
957 1657 1124 1736 vileniari
1148 1678 1186 1738 et
1208 1662 1394 1740 mutilari:
1417 1662 1567 1742 Auditis
1588 1665 1756 1771 parcium
1779 1666 1993 1743 racionibus
2015 1666 2105 1742 binc
2128 1681 2167 1742 et
2188 1664 2296 1757 inde,

873 1806 911 1866 et
930 1790 1005 1866 visa
1023 1790 1195 1896 inquesta
1214 1818 1328 1897 super
1348 1795 1437 1883 hoc,
1456 1795 1504 1871 de
1524 1795 1703 1873 mandato
1719 1814 1869 1889 nostro,
1885 1796 1996 1887 facta,
2011 1824 2080 1902 per
2095 1795 2198 1873 curie
2215 1823 2299 1873 nos·
2370 1840 2374 1849 1

871 1939 928 1997 tre
943 1920 1152 2029 judicium,
1172 1922 1315 1999 dictum
1336 1923 1409 2000 fuit
1428 1940 1468 2001 et
1480 1926 1773 2029 pronunciatum
1791 1928 1897 2034 quod
1915 1928 2014 2005 dicta
2033 1926 2299 2005 communia‘ct

871 2053 987 2157 ipsius
1007 2052 1223 2129 communie
1243 2051 1419 2131 homines
1438 2082 1480 2130 ac
1496 2054 1599 2135 bona
1622 2083 1771 2144 eorum,
1795 2085 1839 2133 ex
1861 2086 1981 2145 nunc,
2002 2074 2115 2135 erunt
2132 2057 2299 2135 totaliter

873 2182 1035 2289 exempti
1054 2181 1339 2291 ajurisdicione
1362 2202 1399 2261 et
1417 2201 1601 2293 potestate
1626 2185 1717 2264 dicti
1737 2187 1884 2264 domini
1904 2187 2083 2264 advitam
2103 2186 2237 2292 ipsius,
2259 2205 2298 2265 et

872 2316 962 2392 dicti
988 2314 1057 2393 lesi
1088 2344 1176 2393 cum
1203 2344 1336 2394 eorum
1362 2315 1494 2409 bonis,
1520 2318 1704 2423 quamdiu
1729 2318 1905 2409 vixerint,
1936 2318 2109 2397 similiter
2132 2319 2296 2423 exempti

873 2463 985 2524 erunt
1007 2446 1174 2525 totaliter
1198 2477 1219 2524 a
1237 2442 1548 2555 jurisdicioneet
1566 2464 1749 2555 potestate
1770 2447 1859 2526 dicti
1881 2448 2028 2528 domini
2048 2467 2087 2527 et
2109 2449 2297 2527 heredum

873 2605 1045 2667 suorum,
1073 2594 1111 2653 et
1132 2606 1267 2655 omnes
1289 2578 1449 2685 predicti
1470 2578 1524 2656 sic
1548 2579 1711 2685 exempti
1730 2578 1841 2657 nobis
1864 2579 2053 2657 suberunt
2069 2561 2295 2670 inmediate,

874 2737 961 2785 cum
980 2707 1091 2786 bonis
1110 2736 1261 2801 eorum,
1285 2710 1444 2787 durante
1471 2709 1713 2816 exempcione
1732 2710 1919 2817 predicta,
1936 2711 2118 2817 quodque
2138 2711 2184 2788 de
2199 2727 2298 2787 terra

873 2840 1005 2945 ipsius,
1035 2839 1101 2917 ubi
1128 2840 1239 2920 nobis
1261 2839 1461 2948 placuerit,
1486 2841 1535 2918 ad
1560 2869 1716 2919 manum
1741 2857 1907 2918 nostram
1929 2868 2118 2945 ponemus
2138 2857 2176 2917 et
2192 2857 2300 2917 tene·

871 2970 999 3050 bimus
1017 3001 1136 3083 usque
1157 2972 1205 3050 ad
1223 2972 1389 3056 valorem
1405 2972 1694 3081 quingentarum
1713 2971 1898 3049 librarum
1913 2970 2198 3051 Turonensium
2213 2972 2298 3051 red·

873 3104 974 3185 ditus
993 3104 1180 3196 annualis,
1201 3132 1277 3212 que
1300 3105 1504 3213 quingente
1526 3104 1623 3182 libre
1647 3103 1757 3180 dictis
1778 3102 1883 3192 lesis,
1904 3104 2117 3180 secundum
2141 3103 2299 3210 qualita-

873 3253 949 3323 tes,
974 3234 1236 3314 mutilacioues
1257 3262 1325 3313 seu
1351 3235 1515 3313 lesiones
1541 3250 1580 3311 et
1606 3233 1848 3310 condiciones
1871 3260 2023 3323 eorum,
2048 3260 2118 3339 per
2142 3262 2298 3312 manum

874 3383 1040 3447 nostram
1066 3366 1259 3442 annuatim
1279 3365 1580 3455 distribuentur,
1608 3390 1771 3468 quorum
1796 3362 1986 3451 lesorum,
2011 3364 2165 3469 quando
2189 3366 2298 3443 dece·

876 3496 983 3584 deut,
1004 3496 1134 3601 porcio
1160 3495 1207 3573 de
1233 3496 1343 3575 dictis
1364 3494 1580 3605 quingentis
1600 3492 1722 3584 libris,
1743 3521 1819 3600 que
1835 3491 2070 3573 solverentur
2089 3495 2233 3573 eisdem
2246 3497 2298 3575 vi·

873 3624 1063 3716 ventibus,
1089 3626 1229 3705 redibit
1248 3627 1296 3703 ad
1317 3625 1516 3704 dominum
1535 3625 1768 3731 predictum,
1790 3641 1829 3701 et
1851 3623 2062 3708 deducetur
2081 3626 2128 3703 de
2148 3656 2298 3704 summa

858 3757 1060 3863 predicta3
1090 3757 1271 3864 quodque
1295 3756 1423 3835 dictus
1449 3756 1630 3833 dominus
1662 3754 1790 3846 nobis,
1821 3783 1890 3861 pro
1919 3756 2096 3844 emenda,
2126 3757 2296 3864 quinque

873 3886 995 3967 millia
1007 3886 1191 3965 librarum
1207 3886 1488 3967 Turonensium
1506 3884 1709 3993 prestabit,
1729 3886 1886 3994 ejusque
1903 3903 2042 3963 terram
2062 3886 2162 3964 ultra
2181 3887 2297 3966 dictas

836 4122 840 4131 ι
873 4018 1096 4127 quingentas
1118 4017 1272 4097 libratas
1295 4035 1393 4095 terre
1415 4017 1578 4095 saisitam
1598 4016 1816 4098 tenebimus
1834 4046 2035 4129 quousque
2055 4017 2166 4097 nobis
2183 4017 2296 4097 fuerit

871 4150 1101 4229 satisfactum
1121 4152 1169 4227 de
1190 4150 1349 4228 emenda
1368 4149 1547 4254 predicta.
1616 4236 1620 4241 ,

928 4283 1085 4362 Veneris
1102 4297 1189 4389 post
1207 4280 1443 4365 Trinitatem,

929 4546 1087 4625 XXXVI.
1118 4547 1215 4624 Cum
1246 4548 1294 4624 ad
1324 4547 1640 4654 supplicacionem
1671 4574 1740 4625 seu
1770 4565 1985 4655 requestam
2015 4548 2215 4625 hominum
2247 4546 2295 4624 de

873 4677 960 4755 villa
983 4676 1135 4784 Ryomi,
1163 4676 1204 4753 in
1230 4676 1424 4767 Arvernia,
1451 4678 1593 4784 inquiri
1612 4677 1813 4758 fecerimus
1832 4708 1901 4785 per
1923 4676 2104 4757 ballivum
2123 4692 2295 4754 nostrum

873 4807 1052 4886 Arvemie
1075 4834 1125 4882 an
1145 4824 1242 4885 esset
1261 4809 1505 4886 commodum
1524 4808 1732 4917 reipublice
1745 4827 1797 4899 ,et
1823 4826 1995 4886 nostrum
2014 4806 2096 4885 lieri
2122 4805 2170 4882 de
2196 4832 2294 4883 novo

874 4940 969 5017 duas
992 4936 1181 5016 nundinas
1199 4939 1239 5017 iu
1260 4940 1359 5017 dicta
1376 4940 1482 5030 villa,
1504 4940 1614 5019 certis
1632 4938 1867 5046 temporibus
1887 4955 1926 5015 et
1944 4937 2015 5015 sub
2033 4937 2145 5014 certis
2163 4935 2296 5013 condi·

873 5071 1065 5159 cionibus,
1075 5088 1193 5177 prout
1204 5101 1225 5149 a
1238 5071 1348 5152 nobis
1362 5072 1451 5150 dicti
1462 5073 1638 5151 homines
1648 5070 1890 5179 requirebant
1901 5099 1911 5145 ε
1923 5068 2110 5156 Tandem,
2121 5067 2294 5175 inquesta

872 5231 986 5311 super
1013 5202 1086 5281 hoc
1112 5202 1204 5282 facta
1228 5232 1297 5311 per
1321 5204 1465 5283 dictum
1489 5204 1686 5294 ballivum,
1715 5232 1783 5280 seu
1806 5230 1876 5307 per
1902 5200 2102 5307 deputatos
2125 5199 2291 5306 abipso,

872 5334 949 5413 visa
969 5350 1007 5411 et
1025 5334 1224 5442 diligenter
1248 5334 1468 5425 examinata,
1495 5336 1583 5441 quia
1606 5334 1799 5412 inventum
1826 5347 1884 5410 est
1905 5328 2136 5407 sufficienter
2157 5328 2294 5436 proba-

873 5484 957 5544 tum
982 5467 1119 5545 dictam
1139 5483 1371 5574 requestam,
1392 5467 1423 5545 si
1449 5494 1533 5545 eam
1557 5464 1865 5552 concederemus,
1892 5462 2002 5541 nobis
2024 5479 2063 5540 et
2084 5460 2292 5567 reipublice
