5817 7292
881 1095 956 1174 31&
1460 1099 1549 1172 LES
1579 1098 1721 1170 OLIM.
1808 1147 1813 1158 ·

656 1252 842 1315 Puuvmlv·
937 1239 1099 1318 Subbatc
1117 1239 1297 1346 predicte.
1379 1284 1383 1291 ·

718 1349 780 1390 ’Μ’
935 1373 1037 1478 chu
1057 1369 1268 1475 reportavit.

935 1636 1029 1711 LIX.
1060 1633 1158 1747 Cum
1183 1632 1361 1709 dominus
1381 1634 1472 1719 Rex,
1500 1657 1567 1737 per
1591 1629 1731 1708 litteras
1753 1661 1854 1725 suus,
1875 1635 2082 1725 senescallo
2106 1637 2302 1718 cucuso-

880 1766 987 1844 ueusi
1007 1762 1219 1843 mundasset
1237 1780 1282 1839 ut
1299 1763 1394 1868 ipse,
1412 1791 1499 1840 cum
1514 1763 1685 1869 personis
1703 1761 1782 1840 fide
1803 1765 1942 1872 dignis,
1964 1795 2005 1844 se
2024 1767 2228 1874 diligenter
2247 1771 2302 1847 in-

879 1897 1057 1974 formet
1080 1894 1111 1973 si
1137 1896 1343 2002 dampnum
1366 1893 1424 1970 vel
1447 1881 1703 2000 prejudicium
1725 1913 1823 1972 esset
1845 1896 1918 2003 ipsi
1946 1897 2103 1977 domino
2126 1901 2218 2008 Regi
2243 1901 2300 1978 vel

880 2027 1203 2133 stiicuicumque,
1226 2027 1256 2103 si
1276 2042 1481 2102 mercatum
1496 2043 1561 2102 eut
1574 2025 1753 2103 ‘nundine
1771 2027 1811 2102 in
1829 2027 1916 2106 villa
1931 2029 1981 2106 de
1993 2029 2114 2109 Cellis
2133 2031 2181 2108 de
2202 2059 2298 2110 uovo

880 2176 1106 2248 crearentur,
1120 2157 1388 2236 informatione
1402 2185 1472 2264 per
1485 2157 1656 2265 judicem
1675 2157 1947 2249 biterrensem,
1968 2160 2014 2238 e'r
2034 2162 2297 2241 commissione

880 2290 971 2366 dicti
987 2289 1195 2376 senescalli,
1216 2316 1329 2395 super
1348 2289 1421 2366 boc
1432 2287 1526 2365 facte
1543 2287 1592 2364 ad
1606 2303 1773 2366 nostram
1789 2289 1930 2367 curium
1947 2307 2133 2399 reportate
2148 2307 2186 2366 et
2202 2290 2293 2379 usu,

720 2429 724 2437 “
879 2423 1069 2499 inventum
1091 2439 1147 2500 cst
1164 2450 1233 2530 per
1251 2449 1350 2508 eam,
1367 2419 1462 2498 facte
1481 2447 1594 2525 super
1608 2420 1680 2496 hoc
1695 2420 1735 2496 iu
1749 2419 1923 2526 pluribus
1935 2420 2027 2500 iocis
2040 2421 2297 2499 circonvicinis

878 2553 1027 2657 publico
1046 2553 1367 2658 preconiracicne‚
1393 2569 1433 2628 et
1454 2551 1564 2628 nullo
1583 2550 1858 2630 contradictore
1879 2552 2165 2641 intumuimus,
2191 2552 2297 2657 quod

878 2683 1019 2758 utilitas
1039 2699 1094 2758 est
1113 2682 1268 2759 domino
1288 2682 1379 2786 Regi
1398 2699 1437 2758 ct
1454 2681 1510 2758 rei
1529 2680 1680 2787 pubiice
1700 2682 1739 2758 in
1760 2680 1857 2759 dicte
1877 2682 1968 2761 ville
1986 2682 2174 2762 mmdines
2192 2681 2298 2759 iusti-

877 2813 949 2900 tui,
971 2841 1045 2918 que
1067 2811 1355 2917 frequententur
1374 2829 1411 2888 et
1429 2828 1630 2890 teneantur
1650 2811 1793 2890 ibidem
1813 2841 1911 2894 enno
1931 2813 2105 2919 quolibet
2123 2813 2240 2890 semel
2259 2813 2298 2888 in

876 2941 971 3020 sesto
982 2941 1080 3019 beati
1102 2941 1255 3049 Nicolay
1265 2942 1465 3049 hyemalis,
1480 2942 1601 3048 placet
1618 2942 1774 3021 domino
1790 2945 1882 3051 Regi
1895 2943 2000 3051 quod
2013 2943 2114 3020 dicte
2129 2942 2297 3020 nundine

876 3073 927 3147 sic
942 3070 1044 3148 fiant.
2164 3081 2169 3098 ¹

930 3205 1029 3282 Jovis
1048 3221 1133 3281 ente
1152 3206 1532 3294 campunarum,
1556 3233 1686 3284 mense
1700 3205 1841 3283 Marcii.

931 3337 983 3412 M.
1002 3335 1044 3411 L.
1067 3335 1116 3412 de
1134 3336 1263 3443 Voyssi
1282 3337 1495 3441 reportavit.

934 3598 1006 3674 LX.
1037 3597 1135 3676 Cum
1164 3597 1212 3675 lis
1238 3615 1340 3676 mute
1365 3615 1480 3688 esset,
1512 3626 1636 3676 eorem
1662 3599 1850 3706 preposito
1879 3596 1979 3675 surm·
2009 3597 2171 3702 episcopi
2194 3598 2294 3674 Peri·

876 3729 1002 3819 densi,
1024 3729 1124 3807 inter
1140 3729 1343 3807 oriciorum
1368 3729 1511 3808 dictum
1529 3731 1681 3819 Lcscot‚
1709 3757 1752 3806 cx
1776 3757 1851 3806 uua
1870 3745 1989 3835 parte,
2011 3745 2050 3805 et
2067 3725 2291 3806 Gonterium

874 3860 1084 3947 Lalement‚
1107 3860 1302 3951 etaltera,
1330 3889 1444 3965 super
1461 3861 1686 3968 proprietate
1711 3860 1902 3967 cujusdem
1925 3859 2077 3948 domus,
2100 3857 2169 3936 site
2193 3857 2295 3935 Peri-

873 3992 966 4082 sius‚
976 3992 1021 4066 iu
1035 3991 1192 4068 Per-rino
1207 3989 1411 4080 Gascebni,
1427 4019 1540 4098 quom
1553 3993 1717 4068 ‘domum
1731 3990 1854 4068 dictus
1868 3990 2049 4068 Macictus
2062 3985 2227 4077 dicebat,
2251 4016 2294 4064 ex

873 4123 1105 4213 successione
1126 4121 1305 4200 defuncte
1325 4124 1548 4230 uergente,
1571 4123 1700 4199 matris
1725 4151 1807 4210 suc,
1835 4122 1940 4200 adse
1967 4119 2174 4227 pertinere,
2201 4135 2294 4196 tuui-

871 4281 984 4360 quem
1000 4253 1047 4330 od
1061 4253 1183 4331 filium
1200 4271 1238 4331 ct
1256 4254 1437 4331 heredem
1457 4252 1725 4360 proximiorem
1746 4252 1932 4360 ejusdem3
1950 4251 2073 4330 dictus
2087 4276 2175 4328 vcro
2191 4248 2293 4328 Gon·

871 4383 1004 4472 terius,
1023 4413 1066 4461 cr
1085 4387 1256 4474 adverso,
1274 4385 1509 4491 proponebat
1525 4384 1630 4492 quod
1651 4384 1789 4462 dictem
1805 4383 1962 4462 domum
1982 4379 2136 4460 tenebat
2156 4396 2195 4457 et
2207 4407 2292 4484 pos-

872 4491 1075 4591 sidebatex
1086 4517 1188 4622 justo
1208 4517 1338 4608 titulo,
1363 4517 1539 4596 videlicet
1557 4547 1601 4594 ex
1622 4544 1730 4594 causa
1745 4513 1975 4591 vendicionis
1996 4511 2086 4603 sibi,
2107 4509 2164 4588 vel
2185 4508 2290 4592 alteri

872 4671 891 4718 ι
913 4673 988 4750 quo
1005 4647 1087 4752 ipse
1109 4646 1406 4736 hebetantem,
1431 4646 1613 4756 legittime
1638 4645 1732 4724 facte
1752 4673 1821 4751 per
1842 4643 2077 4752 prepositum
2099 4638 2288 4746 supradic-

870 4792 972 4862 tum;
989 4775 1162 4853 videlicet
1173 4805 1243 4884 pcc
1255 4779 1448 4856 solucione
1462 4777 1629 4885 plurium
1645 4777 1862 4854 debitorum
1881 4801 1924 4852 eu
1935 4791 2042 4880 purte
2055 4771 2181 4850 metris
2196 4770 2287 4848 dicti

870 4904 1039 4994 uuicti,
1060 4924 1229 5015 tempore
1248 4939 1326 5016 quo
1345 4909 1506 4999 vivebat,
1524 4925 1820 4996 contractorum,
1838 4905 1941 4984 etde
1959 4903 2104 5011 quibus
2116 4899 2288 4980 noudum

869 5034 992 5125 suerat
1009 5037 1252 5131 satisfactum
1267 5042 1437 5133 tandem,
1452 5041 1592 5120 auditis
1605 5039 1820 5118 nacionibus
1830 5037 2001 5146 porcium
2015 5034 2287 5142 predictarum,

870 5176 907 5246 et
928 5167 1163 5247 conclusum
1188 5169 1432 5261 dictamum,
1458 5172 1581 5254 dictvu
1599 5171 1827 5280 prepositus,
1853 5197 1921 5275 per
1940 5165 2128 5275 judicium
2154 5191 2284 5253 suum,

869 5295 1009 5376 dictum
1030 5289 1254 5379 Gonterium
1279 5302 1326 5379 ab
1345 5304 1586 5410 inpeticione
1603 5301 1769 5409 predicte·
1789 5301 1879 5377 dicti
1903 5298 2053 5378 Mecioti
2072 5293 2245 5380 absolvit,
2263 5321 2284 5370 e

868 5455 944 5532 quo
959 5429 1144 5538 judicato,
1165 5447 1396 5539 tamquamo
1423 5433 1517 5511 salso
1542 5450 1579 5510 et
1597 5461 1727 5539 pravo,
1750 5431 1872 5509 dietus
1894 5430 2077 5508 Maciotus
2105 5425 2153 5509 ad
2174 5421 2286 5503 batti·-
