<?xml version="1.0" encoding="UTF-8"?>
<!DOCTYPE html PUBLIC "-//W3C//DTD XHTML 1.0 Transitional//EN"
    "http://www.w3.org/TR/xhtml1/DTD/xhtml1-transitional.dtd">
<html xmlns="http://www.w3.org/1999/xhtml" xml:lang="en" lang="en">
 <head>
  <title>
</title>
<meta http-equiv="Content-Type" content="text/html;charset=utf-8" />
  <meta name='ocr-system' content='tesseract 3.04.00' />
  <meta name='ocr-capabilities' content='ocr_page ocr_carea ocr_par ocr_line ocrx_word'/>
</head>
<body>
  <div class='ocr_page' id='page_1' title='image "./lesolimouregist00pargoog_0177.png"; bbox 0 0 5817 7292; ppageno 0'>
   <div class='ocr_carea' id='block_1_1' title="bbox 1040 1109 2053 1220">
    <p class='ocr_par' dir='ltr' id='par_1_1' title="bbox 1040 1109 2053 1220">
     <span class='ocr_line' id='line_1_1' title="bbox 1040 1109 2053 1220; baseline -0.003 -16"><span class='ocrx_word' id='word_1_1' title='bbox 1040 1109 1318 1220; x_wconf 76' lang='lat' dir='ltr'>nnoolrns</span> <span class='ocrx_word' id='word_1_2' title='bbox 1344 1131 1408 1202; x_wconf 85' lang='lat' dir='ltr'>nr</span> <span class='ocrx_word' id='word_1_3' title='bbox 1434 1112 1638 1204; x_wconf 77' lang='lat' dir='ltr'>rnocts.</span> <span class='ocrx_word' id='word_1_4' title='bbox 2003 1135 2053 1202; x_wconf 83' lang='lat'>79</span> 
     </span>
    </p>
   </div>
   <div class='ocr_carea' id='block_1_2' title="bbox 628 1273 2280 2136">
    <p class='ocr_par' dir='ltr' id='par_1_2' title="bbox 628 1273 2280 1645">
     <span class='ocr_line' id='line_1_2' title="bbox 628 1273 2280 1384; baseline -0.002 -27"><span class='ocrx_word' id='word_1_5' title='bbox 628 1276 817 1384; x_wconf 77' lang='lat' dir='ltr'>dyocesis,</span> <span class='ocrx_word' id='word_1_6' title='bbox 835 1274 978 1352; x_wconf 83' lang='lat' dir='ltr'>dictum</span> <span class='ocrx_word' id='word_1_7' title='bbox 994 1275 1057 1382; x_wconf 86' lang='lat' dir='ltr'>jns</span> <span class='ocrx_word' id='word_1_8' title='bbox 1074 1289 1306 1380; x_wconf 70' lang='lat' dir='ltr'>petronacis,</span> <span class='ocrx_word' id='word_1_9' title='bbox 1326 1289 1512 1378; x_wconf 86' lang='lat' dir='ltr'>quantum</span> <span class='ocrx_word' id='word_1_10' title='bbox 1531 1297 1602 1348; x_wconf 91' lang='lat' dir='ltr'>nos</span> <span class='ocrx_word' id='word_1_11' title='bbox 1616 1273 1751 1378; x_wconf 82' lang='lat' dir='ltr'>tangit,</span> <span class='ocrx_word' id='word_1_12' title='bbox 1767 1301 1835 1378; x_wconf 86' lang='lat' dir='ltr'>per</span> <span class='ocrx_word' id='word_1_13' title='bbox 1849 1277 1952 1353; x_wconf 85' lang='lat' dir='ltr'>eurio</span> <span class='ocrx_word' id='word_1_14' title='bbox 1967 1301 2055 1351; x_wconf 91' lang='lat' dir='ltr'>nos·</span> <span class='ocrx_word' id='word_1_15' title='bbox 2095 1285 2224 1341; x_wconf 71' lang='lat' dir='ltr'>Parum</span> <span class='ocrx_word' id='word_1_16' title='bbox 2237 1290 2280 1354; x_wconf 76' lang='lat' dir='ltr'>lv.</span> 
     </span>
     <span class='ocr_line' id='line_1_3' title="bbox 628 1381 2220 1516; baseline -0.003 -30"><span class='ocrx_word' id='word_1_17' title='bbox 628 1425 687 1486; x_wconf 80' lang='lat' dir='ltr'>tre</span> <span class='ocrx_word' id='word_1_18' title='bbox 708 1405 914 1516; x_wconf 85' lang='lat' dir='ltr'>judicium,</span> <span class='ocrx_word' id='word_1_19' title='bbox 937 1404 1193 1514; x_wconf 83' lang='lat' dir='ltr'>adjudicatum</span> <span class='ocrx_word' id='word_1_20' title='bbox 1213 1401 1285 1482; x_wconf 79' lang='lat' dir='ltr'>fuit</span> <span class='ocrx_word' id='word_1_21' title='bbox 1304 1402 1490 1511; x_wconf 77' lang='lat' dir='ltr'>religiosis</span> <span class='ocrx_word' id='word_1_22' title='bbox 1507 1400 1700 1508; x_wconf 73' lang='lat' dir='ltr'>predictis,</span> <span class='ocrx_word' id='word_1_23' title='bbox 1721 1420 1836 1508; x_wconf 87' lang='lat' dir='ltr'>prout</span> <span class='ocrx_word' id='word_1_24' title='bbox 1861 1406 1900 1480; x_wconf 92' lang='lat' dir='ltr'>in</span> <span class='ocrx_word' id='word_1_25' title='bbox 1919 1404 2055 1483; x_wconf 78' lang='lat' dir='ltr'>litteris</span> <span class='ocrx_word' id='word_1_26' title='bbox 2157 1381 2220 1424; x_wconf 55' lang='grc' dir='ltr'>Μ’</span> 
     </span>
     <span class='ocr_line' id='line_1_4' title="bbox 630 1533 2056 1645; baseline -0.003 -29"><span class='ocrx_word' id='word_1_27' title='bbox 630 1538 768 1616; x_wconf 84' lang='lat' dir='ltr'>nostris</span> <span class='ocrx_word' id='word_1_28' title='bbox 787 1537 1023 1644; x_wconf 82' lang='lat' dir='ltr'>superdicto</span> <span class='ocrx_word' id='word_1_29' title='bbox 1036 1536 1207 1645; x_wconf 76' lang='lat' dir='ltr'>judicato</span> <span class='ocrx_word' id='word_1_30' title='bbox 1230 1533 1409 1614; x_wconf 82' lang='lat' dir='ltr'>conlectis</span> <span class='ocrx_word' id='word_1_31' title='bbox 1432 1533 1585 1642; x_wconf 88' lang='lat' dir='ltr'>plenius</span> <span class='ocrx_word' id='word_1_32' title='bbox 1606 1533 1839 1621; x_wconf 78' lang='lat' dir='ltr'>continetur3</span> <span class='ocrx_word' id='word_1_33' title='bbox 1861 1533 2056 1641; x_wconf 76' lang='lat' dir='ltr'>signiffica-</span> 
     </span>
    </p>

    <p class='ocr_par' dir='ltr' id='par_1_3' title="bbox 631 1662 2056 1774">
     <span class='ocr_line' id='line_1_5' title="bbox 631 1662 2056 1774; baseline -0.003 -30"><span class='ocrx_word' id='word_1_34' title='bbox 631 1696 715 1744; x_wconf 85' lang='lat' dir='ltr'>mus</span> <span class='ocrx_word' id='word_1_35' title='bbox 727 1667 833 1748; x_wconf 88' lang='lat' dir='ltr'>vobis</span> <span class='ocrx_word' id='word_1_36' title='bbox 847 1668 968 1774; x_wconf 85' lang='lat' dir='ltr'>qnod,</span> <span class='ocrx_word' id='word_1_37' title='bbox 989 1683 1170 1774; x_wconf 82' lang='lat' dir='ltr'>quantum</span> <span class='ocrx_word' id='word_1_38' title='bbox 1191 1682 1318 1744; x_wconf 88' lang='lat' dir='ltr'>nostra</span> <span class='ocrx_word' id='word_1_39' title='bbox 1336 1664 1510 1753; x_wconf 77' lang='lat' dir='ltr'>interest,</span> <span class='ocrx_word' id='word_1_40' title='bbox 1525 1662 1651 1769; x_wconf 82' lang='lat' dir='ltr'>placet</span> <span class='ocrx_word' id='word_1_41' title='bbox 1669 1663 1781 1741; x_wconf 87' lang='lat' dir='ltr'>nobis</span> <span class='ocrx_word' id='word_1_42' title='bbox 1799 1664 1906 1770; x_wconf 88' lang='lat' dir='ltr'>quod</span> <span class='ocrx_word' id='word_1_43' title='bbox 1923 1691 1990 1741; x_wconf 88' lang='lat' dir='ltr'>vos</span> <span class='ocrx_word' id='word_1_44' title='bbox 2008 1665 2056 1740; x_wconf 83' lang='lat' dir='ltr'>ad</span> 
     </span>
    </p>

    <p class='ocr_par' dir='ltr' id='par_1_4' title="bbox 630 1793 2057 2035">
     <span class='ocr_line' id='line_1_6' title="bbox 631 1793 2057 1902; baseline -0.003 -28"><span class='ocrx_word' id='word_1_45' title='bbox 631 1797 748 1876; x_wconf 90' lang='lat' dir='ltr'>dictas</span> <span class='ocrx_word' id='word_1_46' title='bbox 775 1797 973 1877; x_wconf 73' lang='lat' dir='ltr'>ecelffiiam-</span> <span class='ocrx_word' id='word_1_47' title='bbox 999 1814 1038 1874; x_wconf 88' lang='lat' dir='ltr'>et</span> <span class='ocrx_word' id='word_1_48' title='bbox 1063 1795 1244 1902; x_wconf 81' lang='lat' dir='ltr'>capellam</span> <span class='ocrx_word' id='word_1_49' title='bbox 1274 1813 1465 1886; x_wconf 84' lang='lat' dir='ltr'>vacantes,</span> <span class='ocrx_word' id='word_1_50' title='bbox 1491 1809 1747 1898; x_wconf 71' lang='lat' dir='ltr'><strong>presentatum</strong></span> <span class='ocrx_word' id='word_1_51' title='bbox 1771 1793 1878 1872; x_wconf 86' lang='lat' dir='ltr'>vobis</span> <span class='ocrx_word' id='word_1_52' title='bbox 1901 1822 1923 1870; x_wconf 89' lang='lat' dir='ltr'>a</span> <span class='ocrx_word' id='word_1_53' title='bbox 1945 1793 2057 1871; x_wconf 81' lang='lat' dir='ltr'>dictis</span> 
     </span>
     <span class='ocr_line' id='line_1_7' title="bbox 630 1925 2057 2035; baseline -0.001 -32"><span class='ocrx_word' id='word_1_54' title='bbox 630 1928 831 2035; x_wconf 83' lang='lat' dir='ltr'>religiosis,</span> <span class='ocrx_word' id='word_1_55' title='bbox 854 1943 1037 2035; x_wconf 88' lang='lat' dir='ltr'>quantum</span> <span class='ocrx_word' id='word_1_56' title='bbox 1057 1926 1105 2004; x_wconf 87' lang='lat' dir='ltr'>ad</span> <span class='ocrx_word' id='word_1_57' title='bbox 1124 1955 1189 2004; x_wconf 88' lang='lat' dir='ltr'>vos</span> <span class='ocrx_word' id='word_1_58' title='bbox 1208 1926 1397 2033; x_wconf 76' lang='lat' dir='ltr'>pertinere</span> <span class='ocrx_word' id='word_1_59' title='bbox 1416 1925 1613 2014; x_wconf 65' lang='lat' dir='ltr'>noveritis,</span> <span class='ocrx_word' id='word_1_60' title='bbox 1635 1925 1843 2001; x_wconf 53' lang='lat' dir='ltr'>‘admittetis</span> <span class='ocrx_word' id='word_1_61' title='bbox 1865 1927 1962 2002; x_wconf 86' lang='lat' dir='ltr'>etin</span> <span class='ocrx_word' id='word_1_62' title='bbox 1985 1925 2057 2002; x_wconf 45' lang='lat' dir='ltr'>eis*</span> 
     </span>
    </p>

    <p class='ocr_par' dir='ltr' id='par_1_5' title="bbox 630 2059 949 2136">
     <span class='ocr_line' id='line_1_8' title="bbox 630 2059 949 2136; baseline -0.003 -1"><span class='ocrx_word' id='word_1_63' title='bbox 630 2060 719 2136; x_wconf 90' lang='lat' dir='ltr'>dem</span> <span class='ocrx_word' id='word_1_64' title='bbox 737 2059 949 2136; x_wconf 83' lang='lat' dir='ltr'>instituatis.</span> 
     </span>
    </p>
   </div>
   <div class='ocr_carea' id='block_1_3' title="bbox 685 2172 1301 2295">
    <p class='ocr_par' dir='ltr' id='par_1_6' title="bbox 685 2172 1301 2295">
     <span class='ocr_line' id='line_1_9' title="bbox 685 2172 1301 2295; baseline -0.008 -27"><span class='ocrx_word' id='word_1_65' title='bbox 685 2189 841 2268; x_wconf 86' lang='lat' dir='ltr'>Veneris</span> <span class='ocrx_word' id='word_1_66' title='bbox 858 2205 945 2295; x_wconf 84' lang='lat' dir='ltr'>post</span> <span class='ocrx_word' id='word_1_67' title='bbox 964 2185 1223 2266; x_wconf 82' lang='lat' dir='ltr'>Candelosnm.</span> <span class='ocrx_word' id='word_1_68' title='bbox 1296 2172 1301 2180; x_wconf 45' lang='lat'><strong>⁴</strong></span> 
     </span>
    </p>
   </div>
   <div class='ocr_carea' id='block_1_4' title="bbox 610 2430 2058 3604">
    <p class='ocr_par' dir='ltr' id='par_1_7' title="bbox 610 2430 2058 3342">
     <span class='ocr_line' id='line_1_10' title="bbox 684 2430 2055 2556; baseline -0.001 -28"><span class='ocrx_word' id='word_1_69' title='bbox 684 2451 760 2530; x_wconf 85' lang='lat' dir='ltr'>XV.</span> <span class='ocrx_word' id='word_1_70' title='bbox 791 2451 983 2556; x_wconf 80' lang='lat' dir='ltr'>lnqueste,</span> <span class='ocrx_word' id='word_1_71' title='bbox 1003 2467 1081 2526; x_wconf 82' lang='lat' dir='ltr'>tam</span> <span class='ocrx_word' id='word_1_72' title='bbox 1105 2466 1210 2527; x_wconf 79' lang='lat' dir='ltr'>venis</span> <span class='ocrx_word' id='word_1_73' title='bbox 1234 2473 1348 2553; x_wconf 86' lang='lat' dir='ltr'>quam</span> <span class='ocrx_word' id='word_1_74' title='bbox 1374 2476 1489 2535; x_wconf 90' lang='lat' dir='ltr'>nova,</span> <span class='ocrx_word' id='word_1_75' title='bbox 1515 2430 1613 2524; x_wconf 79' lang='lat' dir='ltr'>inter</span> <span class='ocrx_word' id='word_1_76' title='bbox 1633 2448 1862 2538; x_wconf 74' lang='lat' dir='ltr'>iohannem,</span> <span class='ocrx_word' id='word_1_77' title='bbox 1887 2449 2055 2526; x_wconf 83' lang='lat' dir='ltr'>relictam</span> 
     </span>
     <span class='ocr_line' id='line_1_11' title="bbox 629 2577 2058 2689; baseline -0.001 -29"><span class='ocrx_word' id='word_1_78' title='bbox 629 2580 817 2687; x_wconf 84' lang='lat' dir='ltr'>Radulphi</span> <span class='ocrx_word' id='word_1_79' title='bbox 832 2579 982 2670; x_wconf 84' lang='lat' dir='ltr'>Goatre,</span> <span class='ocrx_word' id='word_1_80' title='bbox 995 2581 1127 2689; x_wconf 86' lang='lat' dir='ltr'>etejus</span> <span class='ocrx_word' id='word_1_81' title='bbox 1136 2579 1288 2667; x_wconf 84' lang='lat' dir='ltr'>liberos,</span> <span class='ocrx_word' id='word_1_82' title='bbox 1297 2594 1426 2654; x_wconf 85' lang='lat' dir='ltr'>contra</span> <span class='ocrx_word' id='word_1_83' title='bbox 1435 2577 1609 2656; x_wconf 75' lang='lat' dir='ltr'>abbatem</span> <span class='ocrx_word' id='word_1_84' title='bbox 1622 2597 1661 2656; x_wconf 87' lang='lat' dir='ltr'>et</span> <span class='ocrx_word' id='word_1_85' title='bbox 1673 2597 1899 2658; x_wconf 76' lang='lat' dir='ltr'>conventum</span> <span class='ocrx_word' id='word_1_86' title='bbox 1913 2581 2058 2658; x_wconf 86' lang='lat' dir='ltr'>Sancti-</span> 
     </span>
     <span class='ocr_line' id='line_1_12' title="bbox 630 2708 2057 2820; baseline -0.003 -30"><span class='ocrx_word' id='word_1_87' title='bbox 630 2710 839 2790; x_wconf 84' lang='lat' dir='ltr'>Geremerii</span> <span class='ocrx_word' id='word_1_88' title='bbox 865 2711 914 2790; x_wconf 92' lang='lat' dir='ltr'>de</span> <span class='ocrx_word' id='word_1_89' title='bbox 931 2710 1107 2820; x_wconf 80' lang='lat' dir='ltr'>Flaynoo,</span> <span class='ocrx_word' id='word_1_90' title='bbox 1130 2737 1243 2817; x_wconf 86' lang='lat' dir='ltr'>super</span> <span class='ocrx_word' id='word_1_91' title='bbox 1268 2709 1402 2786; x_wconf 78' lang='lat' dir='ltr'>saisina</span> <span class='ocrx_word' id='word_1_92' title='bbox 1427 2708 1603 2788; x_wconf 82' lang='lat' dir='ltr'>trahendi</span> <span class='ocrx_word' id='word_1_93' title='bbox 1627 2708 1769 2786; x_wconf 78' lang='lat' dir='ltr'>minam</span> <span class='ocrx_word' id='word_1_94' title='bbox 1789 2710 1838 2786; x_wconf 86' lang='lat' dir='ltr'>nd</span> <span class='ocrx_word' id='word_1_95' title='bbox 1856 2711 1998 2788; x_wconf 85' lang='lat' dir='ltr'>serrum</span> <span class='ocrx_word' id='word_1_96' title='bbox 2015 2711 2057 2786; x_wconf 90' lang='lat' dir='ltr'>in</span> 
     </span>
     <span class='ocr_line' id='line_1_13' title="bbox 628 2839 2058 2948; baseline 0 -29"><span class='ocrx_word' id='word_1_97' title='bbox 628 2843 715 2921; x_wconf 86' lang='lat' dir='ltr'>loco</span> <span class='ocrx_word' id='word_1_98' title='bbox 728 2843 792 2948; x_wconf 89' lang='lat' dir='ltr'>qui</span> <span class='ocrx_word' id='word_1_99' title='bbox 808 2841 944 2920; x_wconf 90' lang='lat' dir='ltr'>dicitur</span> <span class='ocrx_word' id='word_1_100' title='bbox 956 2841 994 2922; x_wconf 87' lang='lat' dir='ltr'>le</span> <span class='ocrx_word' id='word_1_101' title='bbox 1008 2841 1136 2920; x_wconf 81' lang='lat' dir='ltr'>Codro</span> <span class='ocrx_word' id='word_1_102' title='bbox 1150 2839 1517 2931; x_wconf 67' lang='lat' dir='ltr'>sanctiueremerii,</span> <span class='ocrx_word' id='word_1_103' title='bbox 1535 2839 1701 2919; x_wconf 81' lang='lat' dir='ltr'>totaliter</span> <span class='ocrx_word' id='word_1_104' title='bbox 1717 2841 1879 2918; x_wconf 76' lang='lat' dir='ltr'>anrrllate</span> <span class='ocrx_word' id='word_1_105' title='bbox 1896 2860 2002 2932; x_wconf 79' lang='lat' dir='ltr'>sunt3</span> <span class='ocrx_word' id='word_1_106' title='bbox 2020 2860 2058 2919; x_wconf 87' lang='lat' dir='ltr'>et</span> 
     </span>
     <span class='ocr_line' id='line_1_14' title="bbox 631 2972 2055 3084; baseline 0.001 -34"><span class='ocrx_word' id='word_1_107' title='bbox 631 2973 680 3050; x_wconf 88' lang='lat' dir='ltr'>de</span> <span class='ocrx_word' id='word_1_108' title='bbox 700 3001 796 3052; x_wconf 81' lang='lat' dir='ltr'>novo</span> <span class='ocrx_word' id='word_1_109' title='bbox 819 3000 932 3080; x_wconf 88' lang='lat' dir='ltr'>snper</span> <span class='ocrx_word' id='word_1_110' title='bbox 961 2973 1034 3052; x_wconf 88' lang='lat' dir='ltr'>hoc</span> <span class='ocrx_word' id='word_1_111' title='bbox 1060 2973 1273 3080; x_wconf 82' lang='lat' dir='ltr'>inquiretur</span> <span class='ocrx_word' id='word_1_112' title='bbox 1296 2972 1345 3049; x_wconf 87' lang='lat' dir='ltr'>ad</span> <span class='ocrx_word' id='word_1_113' title='bbox 1369 2990 1543 3079; x_wconf 85' lang='lat' dir='ltr'>sumptus</span> <span class='ocrx_word' id='word_1_114' title='bbox 1563 2972 1752 3050; x_wconf 83' lang='lat' dir='ltr'>dictorum</span> <span class='ocrx_word' id='word_1_115' title='bbox 1773 2972 2055 3084; x_wconf 69' lang='lat' dir='ltr'>religiosorum,</span> 
     </span>
     <span class='ocr_line' id='line_1_15' title="bbox 610 3102 2056 3212; baseline 0.001 -30"><span class='ocrx_word' id='word_1_116' title='bbox 610 3122 669 3182; x_wconf 66' lang='lat' dir='ltr'>„t</span> <span class='ocrx_word' id='word_1_117' title='bbox 692 3103 846 3182; x_wconf 80' lang='lat' dir='ltr'>interim</span> <span class='ocrx_word' id='word_1_118' title='bbox 873 3102 971 3181; x_wconf 84' lang='lat' dir='ltr'>dieta</span> <span class='ocrx_word' id='word_1_119' title='bbox 992 3102 1123 3182; x_wconf 84' lang='lat' dir='ltr'>relicta</span> <span class='ocrx_word' id='word_1_120' title='bbox 1147 3121 1186 3182; x_wconf 84' lang='lat' dir='ltr'>et</span> <span class='ocrx_word' id='word_1_121' title='bbox 1214 3104 1296 3210; x_wconf 86' lang='lat' dir='ltr'>ejus</span> <span class='ocrx_word' id='word_1_122' title='bbox 1326 3103 1435 3183; x_wconf 89' lang='lat' dir='ltr'>liberi</span> <span class='ocrx_word' id='word_1_123' title='bbox 1465 3105 1614 3183; x_wconf 87' lang='lat' dir='ltr'>trahere</span> <span class='ocrx_word' id='word_1_124' title='bbox 1638 3122 1818 3212; x_wconf 87' lang='lat' dir='ltr'>poterunt</span> <span class='ocrx_word' id='word_1_125' title='bbox 1841 3106 1983 3183; x_wconf 81' lang='lat' dir='ltr'>minam</span> <span class='ocrx_word' id='word_1_126' title='bbox 2008 3108 2056 3183; x_wconf 89' lang='lat' dir='ltr'>de</span> 
     </span>
     <span class='ocr_line' id='line_1_16' title="bbox 631 3233 1321 3342; baseline -0.006 -28"><span class='ocrx_word' id='word_1_127' title='bbox 631 3235 739 3314; x_wconf 86' lang='lat' dir='ltr'>dictis</span> <span class='ocrx_word' id='word_1_128' title='bbox 757 3233 926 3312; x_wconf 87' lang='lat' dir='ltr'>mineriis</span> <span class='ocrx_word' id='word_1_129' title='bbox 945 3263 1013 3340; x_wconf 85' lang='lat' dir='ltr'>per</span> <span class='ocrx_word' id='word_1_130' title='bbox 1032 3263 1187 3312; x_wconf 86' lang='lat' dir='ltr'>manum</span> <span class='ocrx_word' id='word_1_131' title='bbox 1200 3234 1321 3342; x_wconf 74' lang='lat' dir='ltr'>Psegis.</span> 
     </span>
    </p>

    <p class='ocr_par' dir='ltr' id='par_1_8' title="bbox 686 3364 1460 3472">
     <span class='ocr_line' id='line_1_17' title="bbox 686 3364 1460 3472; baseline -0.004 -26"><span class='ocrx_word' id='word_1_132' title='bbox 686 3364 838 3446; x_wconf 82' lang='lat' dir='ltr'>Sabbati</span> <span class='ocrx_word' id='word_1_133' title='bbox 858 3381 943 3472; x_wconf 82' lang='lat' dir='ltr'>post</span> <span class='ocrx_word' id='word_1_134' title='bbox 961 3365 1188 3444; x_wconf 84' lang='lat' dir='ltr'>Cathedram</span> <span class='ocrx_word' id='word_1_135' title='bbox 1210 3366 1327 3444; x_wconf 86' lang='lat' dir='ltr'>saneti</span> <span class='ocrx_word' id='word_1_136' title='bbox 1346 3366 1460 3444; x_wconf 87' lang='lat' dir='ltr'>Petri.</span> 
     </span>
    </p>

    <p class='ocr_par' dir='ltr' id='par_1_9' title="bbox 685 3495 1256 3604">
     <span class='ocr_line' id='line_1_18' title="bbox 685 3495 1256 3604; baseline -0.004 -28"><span class='ocrx_word' id='word_1_137' title='bbox 685 3495 1029 3576; x_wconf 83' lang='lat' dir='ltr'>Sanctus-Obertns</span> <span class='ocrx_word' id='word_1_138' title='bbox 1045 3497 1256 3604; x_wconf 80' lang='lat' dir='ltr'>reportavit.</span> 
     </span>
    </p>
   </div>
   <div class='ocr_carea' id='block_1_5' title="bbox 631 3761 2112 4522">
    <p class='ocr_par' dir='ltr' id='par_1_10' title="bbox 631 3761 2112 4262">
     <span class='ocr_line' id='line_1_19' title="bbox 684 3761 2057 3871; baseline 0.002 -32"><span class='ocrx_word' id='word_1_139' title='bbox 684 3762 776 3842; x_wconf 87' lang='lat' dir='ltr'>XVI.</span> <span class='ocrx_word' id='word_1_140' title='bbox 807 3763 982 3868; x_wconf 87' lang='lat' dir='ltr'>lnquesta</span> <span class='ocrx_word' id='word_1_141' title='bbox 1003 3761 1150 3840; x_wconf 88' lang='lat' dir='ltr'>domini</span> <span class='ocrx_word' id='word_1_142' title='bbox 1176 3762 1502 3843; x_wconf 84' lang='lat' dir='ltr'>Sancti·Venancii</span> <span class='ocrx_word' id='word_1_143' title='bbox 1527 3781 1714 3870; x_wconf 84' lang='lat' dir='ltr'>reportata</span> <span class='ocrx_word' id='word_1_144' title='bbox 1733 3763 1805 3843; x_wconf 81' lang='lat' dir='ltr'>fuit</span> <span class='ocrx_word' id='word_1_145' title='bbox 1831 3793 1956 3843; x_wconf 86' lang='lat' dir='ltr'>eoram</span> <span class='ocrx_word' id='word_1_146' title='bbox 1977 3766 2057 3871; x_wconf 86' lang='lat' dir='ltr'>epi-</span> 
     </span>
     <span class='ocr_line' id='line_1_20' title="bbox 632 3892 2058 4007; baseline 0.002 -37"><span class='ocrx_word' id='word_1_147' title='bbox 632 3919 744 3998; x_wconf 82' lang='lat' dir='ltr'>scopo</span> <span class='ocrx_word' id='word_1_148' title='bbox 765 3892 1044 3982; x_wconf 82' lang='lat' dir='ltr'>Suessionensi,</span> <span class='ocrx_word' id='word_1_149' title='bbox 1066 3893 1363 3982; x_wconf 77' lang='lat' dir='ltr'>constabulario,</span> <span class='ocrx_word' id='word_1_150' title='bbox 1380 3895 1616 3974; x_wconf 78' lang='lat' dir='ltr'>thesaurario</span> <span class='ocrx_word' id='word_1_151' title='bbox 1630 3895 1888 4007; x_wconf 79' lang='lat' dir='ltr'>Andegavensi</span> <span class='ocrx_word' id='word_1_152' title='bbox 1913 3915 1951 3974; x_wconf 85' lang='lat' dir='ltr'>et</span> <span class='ocrx_word' id='word_1_153' title='bbox 1974 3895 2058 3973; x_wconf 82' lang='lat' dir='ltr'>aliis</span> 
     </span>
     <span class='ocr_line' id='line_1_21' title="bbox 631 4020 2112 4133; baseline 0.003 -36"><span class='ocrx_word' id='word_1_154' title='bbox 631 4020 872 4128; x_wconf 87' lang='lat' dir='ltr'>quibusdam,</span> <span class='ocrx_word' id='word_1_155' title='bbox 895 4041 934 4101; x_wconf 87' lang='lat' dir='ltr'>et</span> <span class='ocrx_word' id='word_1_156' title='bbox 957 4052 1071 4132; x_wconf 85' lang='lat' dir='ltr'>super</span> <span class='ocrx_word' id='word_1_157' title='bbox 1093 4026 1168 4103; x_wconf 82' lang='lat' dir='ltr'>hoe</span> <span class='ocrx_word' id='word_1_158' title='bbox 1193 4024 1371 4103; x_wconf 89' lang='lat' dir='ltr'>dominus</span> <span class='ocrx_word' id='word_1_159' title='bbox 1392 4025 1690 4106; x_wconf 79' lang='lat' dir='ltr'>constabularius</span> <span class='ocrx_word' id='word_1_160' title='bbox 1709 4026 1814 4133; x_wconf 89' lang='lat' dir='ltr'>loqui</span> <span class='ocrx_word' id='word_1_161' title='bbox 1834 4027 2055 4105; x_wconf 87' lang='lat' dir='ltr'>debetcum</span> <span class='ocrx_word' id='word_1_162' title='bbox 2108 4067 2112 4074; x_wconf 93' lang='lat'>·</span> 
     </span>
     <span class='ocr_line' id='line_1_22' title="bbox 631 4153 1728 4262; baseline 0.001 -32"><span class='ocrx_word' id='word_1_163' title='bbox 631 4153 790 4231; x_wconf 90' lang='lat' dir='ltr'>domino</span> <span class='ocrx_word' id='word_1_164' title='bbox 807 4155 907 4262; x_wconf 87' lang='lat' dir='ltr'>Rege</span> <span class='ocrx_word' id='word_1_165' title='bbox 927 4172 1070 4233; x_wconf 84' lang='lat' dir='ltr'>etcum</span> <span class='ocrx_word' id='word_1_166' title='bbox 1092 4157 1193 4236; x_wconf 87' lang='lat' dir='ltr'>dicto</span> <span class='ocrx_word' id='word_1_167' title='bbox 1215 4157 1372 4237; x_wconf 89' lang='lat' dir='ltr'>domino</span> <span class='ocrx_word' id='word_1_168' title='bbox 1391 4155 1728 4238; x_wconf 83' lang='lat' dir='ltr'>Sancti-Venancii.</span> 
     </span>
    </p>

    <p class='ocr_par' dir='ltr' id='par_1_11' title="bbox 687 4283 1503 4390">
     <span class='ocr_line' id='line_1_23' title="bbox 687 4283 1503 4390; baseline 0.001 -26"><span class='ocrx_word' id='word_1_169' title='bbox 687 4283 884 4364; x_wconf 87' lang='lat' dir='ltr'>Dominica</span> <span class='ocrx_word' id='word_1_170' title='bbox 902 4301 988 4390; x_wconf 89' lang='lat' dir='ltr'>post</span> <span class='ocrx_word' id='word_1_171' title='bbox 1006 4285 1231 4366; x_wconf 81' lang='lat' dir='ltr'>Cathedram</span> <span class='ocrx_word' id='word_1_172' title='bbox 1251 4288 1369 4370; x_wconf 87' lang='lat' dir='ltr'>saneti</span> <span class='ocrx_word' id='word_1_173' title='bbox 1389 4289 1503 4366; x_wconf 82' lang='lat' dir='ltr'>Petri.</span> 
     </span>
    </p>

    <p class='ocr_par' dir='ltr' id='par_1_12' title="bbox 688 4413 1258 4522">
     <span class='ocr_line' id='line_1_24' title="bbox 688 4413 1258 4522; baseline 0.005 -28"><span class='ocrx_word' id='word_1_174' title='bbox 688 4413 1028 4494; x_wconf 84' lang='lat' dir='ltr'>Sanetus-Obertus</span> <span class='ocrx_word' id='word_1_175' title='bbox 1047 4419 1258 4522; x_wconf 74' lang='lat' dir='ltr'>reportavit.</span> 
     </span>
    </p>
   </div>
   <div class='ocr_carea' id='block_1_6' title="bbox 589 4678 2211 5578">
    <p class='ocr_par' dir='ltr' id='par_1_13' title="bbox 632 4678 2057 5317">
     <span class='ocr_line' id='line_1_25' title="bbox 688 4678 2057 4792; baseline 0.005 -34"><span class='ocrx_word' id='word_1_176' title='bbox 688 4680 796 4759; x_wconf 79' lang='lat' dir='ltr'>x-vlt</span> <span class='ocrx_word' id='word_1_177' title='bbox 826 4679 913 4759; x_wconf 87' lang='lat' dir='ltr'>Visa</span> <span class='ocrx_word' id='word_1_178' title='bbox 939 4678 1130 4787; x_wconf 80' lang='lat' dir='ltr'>inquesta,</span> <span class='ocrx_word' id='word_1_179' title='bbox 1165 4680 1213 4758; x_wconf 88' lang='lat' dir='ltr'>de</span> <span class='ocrx_word' id='word_1_180' title='bbox 1247 4683 1431 4761; x_wconf 88' lang='lat' dir='ltr'>mandato</span> <span class='ocrx_word' id='word_1_181' title='bbox 1456 4684 1559 4762; x_wconf 86' lang='lat' dir='ltr'>curie</span> <span class='ocrx_word' id='word_1_182' title='bbox 1592 4684 1707 4774; x_wconf 72' lang='lat' dir='ltr'>facta,</span> <span class='ocrx_word' id='word_1_183' title='bbox 1734 4713 1856 4792; x_wconf 84' lang='lat' dir='ltr'>super</span> <span class='ocrx_word' id='word_1_184' title='bbox 1884 4685 2057 4792; x_wconf 86' lang='lat' dir='ltr'>pluribus</span> 
     </span>
     <span class='ocr_line' id='line_1_26' title="bbox 632 4809 2056 4922; baseline 0.006 -36"><span class='ocrx_word' id='word_1_185' title='bbox 632 4811 780 4920; x_wconf 86' lang='lat' dir='ltr'>injuriis</span> <span class='ocrx_word' id='word_1_186' title='bbox 803 4810 920 4920; x_wconf 84' lang='lat' dir='ltr'>Helye</span> <span class='ocrx_word' id='word_1_187' title='bbox 947 4809 1143 4899; x_wconf 85' lang='lat' dir='ltr'>Armandi,</span> <span class='ocrx_word' id='word_1_188' title='bbox 1172 4809 1221 4889; x_wconf 89' lang='lat' dir='ltr'>de</span> <span class='ocrx_word' id='word_1_189' title='bbox 1246 4811 1621 4908; x_wconf 80' lang='lat' dir='ltr'>Sancto-Emiliano,</span> <span class='ocrx_word' id='word_1_190' title='bbox 1643 4817 1709 4922; x_wconf 89' lang='lat' dir='ltr'>qui</span> <span class='ocrx_word' id='word_1_191' title='bbox 1734 4847 1754 4893; x_wconf 83' lang='lat' dir='ltr'>a</span> <span class='ocrx_word' id='word_1_192' title='bbox 1778 4817 1880 4894; x_wconf 85' lang='lat' dir='ltr'>curia</span> <span class='ocrx_word' id='word_1_193' title='bbox 1899 4818 2056 4894; x_wconf 82' lang='lat' dir='ltr'>seculari</span> 
     </span>
     <span class='ocr_line' id='line_1_27' title="bbox 632 4940 2057 5052; baseline 0.004 -32"><span class='ocrx_word' id='word_1_194' title='bbox 632 4942 766 5049; x_wconf 88' lang='lat' dir='ltr'>prioris</span> <span class='ocrx_word' id='word_1_195' title='bbox 794 4959 833 5018; x_wconf 86' lang='lat' dir='ltr'>et</span> <span class='ocrx_word' id='word_1_196' title='bbox 862 4941 1015 5048; x_wconf 89' lang='lat' dir='ltr'>capituli</span> <span class='ocrx_word' id='word_1_197' title='bbox 1046 4940 1389 5020; x_wconf 83' lang='lat' dir='ltr'>Sancti-Maelovei</span> <span class='ocrx_word' id='word_1_198' title='bbox 1418 4971 1439 5018; x_wconf 89' lang='lat' dir='ltr'>a</span> <span class='ocrx_word' id='word_1_199' title='bbox 1468 4942 1632 5020; x_wconf 84' lang='lat' dir='ltr'>deffectu</span> <span class='ocrx_word' id='word_1_200' title='bbox 1655 4946 1753 5052; x_wconf 86' lang='lat' dir='ltr'>juris</span> <span class='ocrx_word' id='word_1_201' title='bbox 1782 4948 1829 5024; x_wconf 90' lang='lat' dir='ltr'>ad</span> <span class='ocrx_word' id='word_1_202' title='bbox 1859 4948 2057 5026; x_wconf 90' lang='lat' dir='ltr'>dominum</span> 
     </span>
     <span class='ocr_line' id='line_1_28' title="bbox 632 5071 2057 5186; baseline 0.005 -36"><span class='ocrx_word' id='word_1_203' title='bbox 632 5073 773 5182; x_wconf 81' lang='lat' dir='ltr'>Regem</span> <span class='ocrx_word' id='word_1_204' title='bbox 801 5072 1070 5181; x_wconf 77' lang='lat' dir='ltr'>appellaverat,</span> <span class='ocrx_word' id='word_1_205' title='bbox 1096 5101 1165 5182; x_wconf 87' lang='lat' dir='ltr'>per</span> <span class='ocrx_word' id='word_1_206' title='bbox 1186 5071 1415 5183; x_wconf 74' lang='lat' dir='ltr'>justici-arios</span> <span class='ocrx_word' id='word_1_207' title='bbox 1445 5072 1545 5151; x_wconf 82' lang='lat' dir='ltr'>dicte</span> <span class='ocrx_word' id='word_1_208' title='bbox 1572 5074 1678 5152; x_wconf 81' lang='lat' dir='ltr'>curie</span> <span class='ocrx_word' id='word_1_209' title='bbox 1704 5075 1834 5165; x_wconf 87' lang='lat' dir='ltr'>illatis,</span> <span class='ocrx_word' id='word_1_210' title='bbox 1864 5081 1946 5186; x_wconf 89' lang='lat' dir='ltr'>qni,</span> <span class='ocrx_word' id='word_1_211' title='bbox 1974 5099 2057 5186; x_wconf 87' lang='lat' dir='ltr'>post</span> 
     </span>
     <span class='ocr_line' id='line_1_29' title="bbox 633 5202 2057 5317; baseline 0.006 -38"><span class='ocrx_word' id='word_1_212' title='bbox 633 5202 929 5311; x_wconf 80' lang='lat' dir='ltr'>appellneionenr</span> <span class='ocrx_word' id='word_1_213' title='bbox 949 5205 1159 5314; x_wconf 81' lang='lat' dir='ltr'>predictnni</span> <span class='ocrx_word' id='word_1_214' title='bbox 1181 5222 1220 5284; x_wconf 89' lang='lat' dir='ltr'>et</span> <span class='ocrx_word' id='word_1_215' title='bbox 1241 5205 1280 5281; x_wconf 92' lang='lat' dir='ltr'>in</span> <span class='ocrx_word' id='word_1_216' title='bbox 1301 5204 1383 5312; x_wconf 86' lang='lat' dir='ltr'>ojus</span> <span class='ocrx_word' id='word_1_217' title='bbox 1402 5221 1679 5314; x_wconf 76' lang='lat' dir='ltr'>contemptum,</span> <span class='ocrx_word' id='word_1_218' title='bbox 1706 5208 1884 5286; x_wconf 87' lang='lat' dir='ltr'>eumdem</span> <span class='ocrx_word' id='word_1_219' title='bbox 1901 5210 2057 5317; x_wconf 86' lang='lat' dir='ltr'>Helyam</span> 
     </span>
    </p>

    <p class='ocr_par' dir='ltr' id='par_1_14' title="bbox 589 5332 2211 5578">
     <span class='ocr_line' id='line_1_30' title="bbox 589 5332 2211 5446; baseline 0.005 -38"><span class='ocrx_word' id='word_1_220' title='bbox 589 5375 595 5384; x_wconf 94' lang='lat'>·</span> <span class='ocrx_word' id='word_1_221' title='bbox 633 5332 949 5415; x_wconf 68' lang='lat' dir='ltr'>incarceraverunt</span> <span class='ocrx_word' id='word_1_222' title='bbox 974 5336 1014 5414; x_wconf 90' lang='lat' dir='ltr'>in</span> <span class='ocrx_word' id='word_1_223' title='bbox 1038 5336 1286 5446; x_wconf 84' lang='lat' dir='ltr'>compedibus</span> <span class='ocrx_word' id='word_1_224' title='bbox 1312 5353 1533 5442; x_wconf 81' lang='lat' dir='ltr'>posuerant,</span> <span class='ocrx_word' id='word_1_225' title='bbox 1553 5356 1591 5415; x_wconf 91' lang='lat' dir='ltr'>et</span> <span class='ocrx_word' id='word_1_226' title='bbox 1609 5339 1840 5418; x_wconf 77' lang='lat' dir='ltr'>redimerent</span> <span class='ocrx_word' id='word_1_227' title='bbox 1859 5339 1906 5418; x_wconf 91' lang='lat' dir='ltr'>de</span> <span class='ocrx_word' id='word_1_228' title='bbox 1927 5341 2059 5416; x_wconf 85' lang='lat' dir='ltr'>decem</span> <span class='ocrx_word' id='word_1_229' title='bbox 2206 5365 2211 5374; x_wconf 89' lang='lat'><strong>·</strong></span> 
     </span>
     <span class='ocr_line' id='line_1_31' title="bbox 634 5459 2061 5578; baseline 0.006 -42"><span class='ocrx_word' id='word_1_230' title='bbox 634 5459 739 5542; x_wconf 89' lang='lat' dir='ltr'>libris</span> <span class='ocrx_word' id='word_1_231' title='bbox 761 5468 1050 5546; x_wconf 85' lang='lat' dir='ltr'>Turonensihus</span> <span class='ocrx_word' id='word_1_232' title='bbox 1073 5498 1142 5576; x_wconf 93' lang='lat' dir='ltr'>pro</span> <span class='ocrx_word' id='word_1_233' title='bbox 1165 5499 1231 5548; x_wconf 86' lang='lat' dir='ltr'>sua</span> <span class='ocrx_word' id='word_1_234' title='bbox 1259 5469 1504 5559; x_wconf 81' lang='lat' dir='ltr'>liberarione,</span> <span class='ocrx_word' id='word_1_235' title='bbox 1531 5472 1802 5578; x_wconf 83' lang='lat' dir='ltr'>perjudicium</span> <span class='ocrx_word' id='word_1_236' title='bbox 1827 5469 1945 5556; x_wconf 86' lang='lat' dir='ltr'>curie,</span> <span class='ocrx_word' id='word_1_237' title='bbox 1971 5495 2061 5545; x_wconf 88' lang='lat' dir='ltr'>con-</span> 
     </span>
    </p>
   </div>
   <div class='ocr_carea' id='block_1_7' title="bbox 0 0 2920 7284">
    <p class='ocr_par' dir='ltr' id='par_1_15' title="bbox 0 0 2920 7284">
     <span class='ocr_line' id='line_1_32' title="bbox 0 0 2920 7284; baseline 0 0"><span class='ocrx_word' id='word_1_238' title='bbox 0 0 2920 7284; x_wconf 95' lang='lat' dir='ltr'> </span> 
     </span>
    </p>
   </div>
  </div>
 </body>
</html>
