<?xml version="1.0" encoding="UTF-8"?>
<!DOCTYPE html PUBLIC "-//W3C//DTD XHTML 1.0 Transitional//EN"
    "http://www.w3.org/TR/xhtml1/DTD/xhtml1-transitional.dtd">
<html xmlns="http://www.w3.org/1999/xhtml" xml:lang="en" lang="en">
 <head>
  <title>
</title>
<meta http-equiv="Content-Type" content="text/html;charset=utf-8" />
  <meta name='ocr-system' content='tesseract 3.04.00' />
  <meta name='ocr-capabilities' content='ocr_page ocr_carea ocr_par ocr_line ocrx_word'/>
</head>
<body>
  <div class='ocr_page' id='page_1' title='image "./lesolimouregist00pargoog_0290.png"; bbox 0 0 5817 7292; ppageno 0'>
   <div class='ocr_carea' id='block_1_1' title="bbox 859 1099 1696 1176">
    <p class='ocr_par' dir='ltr' id='par_1_1' title="bbox 859 1099 1696 1176">
     <span class='ocr_line' id='line_1_1' title="bbox 859 1099 1696 1176; baseline 0.002 -6"><span class='ocrx_word' id='word_1_1' title='bbox 859 1099 929 1171; x_wconf 78' lang='lat'><strong>102</strong></span> <span class='ocrx_word' id='word_1_2' title='bbox 1435 1103 1527 1176; x_wconf 76' lang='lat' dir='ltr'><strong>Lus</strong></span> <span class='ocrx_word' id='word_1_3' title='bbox 1557 1099 1696 1174; x_wconf 88' lang='lat' dir='ltr'><strong>OLIM.</strong></span> 
     </span>
    </p>
   </div>
   <div class='ocr_carea' id='block_1_2' title="bbox 631 1237 2353 3679">
    <p class='ocr_par' dir='ltr' id='par_1_2' title="bbox 631 1237 2353 3679">
     <span class='ocr_line' id='line_1_2' title="bbox 631 1237 2275 1352; baseline 0.006 -36"><span class='ocrx_word' id='word_1_4' title='bbox 631 1250 760 1304; x_wconf 70' lang='lat' dir='ltr'><strong>aarum</strong></span> <span class='ocrx_word' id='word_1_5' title='bbox 771 1247 815 1310; x_wconf 82' lang='lat' dir='ltr'><strong>IV·</strong></span> <span class='ocrx_word' id='word_1_6' title='bbox 855 1240 977 1318; x_wconf 89' lang='lat' dir='ltr'><strong>dictus</strong></span> <span class='ocrx_word' id='word_1_7' title='bbox 990 1239 1150 1318; x_wconf 78' lang='lat' dir='ltr'>ballivus</span> <span class='ocrx_word' id='word_1_8' title='bbox 1168 1268 1282 1347; x_wconf 89' lang='lat' dir='ltr'><strong>super</strong></span> <span class='ocrx_word' id='word_1_9' title='bbox 1300 1241 1480 1346; x_wconf 80' lang='lat' dir='ltr'><strong>predictis</strong></span> <span class='ocrx_word' id='word_1_10' title='bbox 1501 1242 1785 1350; x_wconf 82' lang='lat' dir='ltr'><strong>impedimentis</strong></span> <span class='ocrx_word' id='word_1_11' title='bbox 1800 1259 1839 1320; x_wconf 88' lang='lat' dir='ltr'><strong>et</strong></span> <span class='ocrx_word' id='word_1_12' title='bbox 1855 1237 2082 1320; x_wconf 80' lang='lat' dir='ltr'><strong>novitatibus</strong></span> <span class='ocrx_word' id='word_1_13' title='bbox 2096 1242 2145 1322; x_wconf 87' lang='lat' dir='ltr'><strong>de</strong></span> <span class='ocrx_word' id='word_1_14' title='bbox 2162 1245 2275 1352; x_wconf 87' lang='lat' dir='ltr'><strong>plano</strong></span> 
     </span>
     <span class='ocr_line' id='line_1_3' title="bbox 690 1342 2276 1480; baseline 0.005 -32"><span class='ocrx_word' id='word_1_15' title='bbox 690 1342 753 1384; x_wconf 50' lang='grc' dir='ltr'><strong>Μ’</strong></span> <span class='ocrx_word' id='word_1_16' title='bbox 853 1400 893 1448; x_wconf 84' lang='lat' dir='ltr'><strong>se</strong></span> <span class='ocrx_word' id='word_1_17' title='bbox 908 1369 1144 1463; x_wconf 78' lang='lat' dir='ltr'><strong>informaret,</strong></span> <span class='ocrx_word' id='word_1_18' title='bbox 1165 1389 1218 1460; x_wconf 92' lang='lat' dir='ltr'><strong>et,</strong></span> <span class='ocrx_word' id='word_1_19' title='bbox 1239 1373 1270 1448; x_wconf 91' lang='lat' dir='ltr'><strong>si</strong></span> <span class='ocrx_word' id='word_1_20' title='bbox 1288 1374 1336 1450; x_wconf 91' lang='lat' dir='ltr'><strong>de</strong></span> <span class='ocrx_word' id='word_1_21' title='bbox 1352 1374 1532 1480; x_wconf 79' lang='lat' dir='ltr'><strong>predictis</strong></span> <span class='ocrx_word' id='word_1_22' title='bbox 1552 1371 1779 1451; x_wconf 85' lang='lat' dir='ltr'><strong>novitatibus</strong></span> <span class='ocrx_word' id='word_1_23' title='bbox 1796 1390 1834 1450; x_wconf 92' lang='lat' dir='ltr'><strong>et</strong></span> <span class='ocrx_word' id='word_1_24' title='bbox 1853 1373 2135 1480; x_wconf 88' lang='lat' dir='ltr'><strong>impedimentis</strong></span> <span class='ocrx_word' id='word_1_25' title='bbox 2152 1377 2276 1456; x_wconf 88' lang='lat' dir='ltr'><strong>eidem</strong></span> 
     </span>
     <span class='ocr_line' id='line_1_4' title="bbox 854 1502 2276 1611; baseline 0.004 -34"><span class='ocrx_word' id='word_1_26' title='bbox 854 1517 1054 1590; x_wconf 87' lang='lat' dir='ltr'><strong>constaret,</strong></span> <span class='ocrx_word' id='word_1_27' title='bbox 1078 1502 1259 1579; x_wconf 88' lang='lat' dir='ltr'><strong>debatum</strong></span> <span class='ocrx_word' id='word_1_28' title='bbox 1277 1503 1500 1611; x_wconf 89' lang='lat' dir='ltr'><strong>hujusmodi</strong></span> <span class='ocrx_word' id='word_1_29' title='bbox 1520 1504 1569 1580; x_wconf 91' lang='lat' dir='ltr'><strong>ad</strong></span> <span class='ocrx_word' id='word_1_30' title='bbox 1586 1531 1743 1582; x_wconf 89' lang='lat' dir='ltr'><strong>manum</strong></span> <span class='ocrx_word' id='word_1_31' title='bbox 1761 1519 1944 1594; x_wconf 90' lang='lat' dir='ltr'><strong>nostram,</strong></span> <span class='ocrx_word' id='word_1_32' title='bbox 1966 1503 2046 1582; x_wconf 90' lang='lat' dir='ltr'><strong>sine</strong></span> <span class='ocrx_word' id='word_1_33' title='bbox 2066 1505 2276 1611; x_wconf 85' lang='lat' dir='ltr'><strong>prejudicio</strong></span> 
     </span>
     <span class='ocr_line' id='line_1_5' title="bbox 852 1633 2274 1740; baseline 0.006 -32"><span class='ocrx_word' id='word_1_34' title='bbox 852 1633 1021 1738; x_wconf 89' lang='lat' dir='ltr'><strong>parcium</strong></span> <span class='ocrx_word' id='word_1_35' title='bbox 1042 1633 1082 1709; x_wconf 94' lang='lat' dir='ltr'><strong>in</strong></span> <span class='ocrx_word' id='word_1_36' title='bbox 1101 1633 1330 1739; x_wconf 85' lang='lat' dir='ltr'><strong>proprietate</strong></span> <span class='ocrx_word' id='word_1_37' title='bbox 1349 1663 1417 1712; x_wconf 91' lang='lat' dir='ltr'><strong>seu</strong></span> <span class='ocrx_word' id='word_1_38' title='bbox 1438 1634 1588 1722; x_wconf 81' lang='lat' dir='ltr'><strong>saisina,</strong></span> <span class='ocrx_word' id='word_1_39' title='bbox 1607 1649 1757 1740; x_wconf 87' lang='lat' dir='ltr'><strong>caperet</strong></span> <span class='ocrx_word' id='word_1_40' title='bbox 1774 1649 1810 1710; x_wconf 89' lang='lat' dir='ltr'><strong>et</strong></span> <span class='ocrx_word' id='word_1_41' title='bbox 1829 1645 1987 1712; x_wconf 79' lang='lat' dir='ltr'><strong>teneret.</strong></span> <span class='ocrx_word' id='word_1_42' title='bbox 2006 1633 2082 1728; x_wconf 91' lang='lat' dir='ltr'><strong>Qui</strong></span> <span class='ocrx_word' id='word_1_43' title='bbox 2099 1633 2274 1727; x_wconf 82' lang='lat' dir='ltr'><strong>ballivus,</strong></span> 
     </span>
     <span class='ocr_line' id='line_1_6' title="bbox 852 1762 2277 1875; baseline 0.004 -36"><span class='ocrx_word' id='word_1_44' title='bbox 852 1765 944 1840; x_wconf 88' lang='lat' dir='ltr'><strong>lacta</strong></span> <span class='ocrx_word' id='word_1_45' title='bbox 971 1763 1068 1839; x_wconf 92' lang='lat' dir='ltr'><strong>dicta</strong></span> <span class='ocrx_word' id='word_1_46' title='bbox 1095 1762 1382 1854; x_wconf 85' lang='lat' dir='ltr'><strong>informacione,</strong></span> <span class='ocrx_word' id='word_1_47' title='bbox 1407 1764 1647 1871; x_wconf 91' lang='lat' dir='ltr'><strong>presentibus</strong></span> <span class='ocrx_word' id='word_1_48' title='bbox 1670 1763 1978 1870; x_wconf 84' lang='lat' dir='ltr'><strong>procuratoribus</strong></span> <span class='ocrx_word' id='word_1_49' title='bbox 2003 1766 2173 1871; x_wconf 90' lang='lat' dir='ltr'><strong>parcium</strong></span> <span class='ocrx_word' id='word_1_50' title='bbox 2196 1797 2277 1875; x_wconf 91' lang='lat' dir='ltr'><strong>pre·</strong></span> 
     </span>
     <span class='ocr_line' id='line_1_7' title="bbox 853 1895 2278 2006; baseline 0.003 -35"><span class='ocrx_word' id='word_1_51' title='bbox 853 1896 1055 1982; x_wconf 90' lang='lat' dir='ltr'><strong>dictarum,</strong></span> <span class='ocrx_word' id='word_1_52' title='bbox 1081 1895 1358 1972; x_wconf 86' lang='lat' dir='ltr'><strong>sentencialiter</strong></span> <span class='ocrx_word' id='word_1_53' title='bbox 1387 1895 1647 2002; x_wconf 86' lang='lat' dir='ltr'><strong>pronunciavit</strong></span> <span class='ocrx_word' id='word_1_54' title='bbox 1674 1895 1853 1973; x_wconf 86' lang='lat' dir='ltr'><strong>articulos</strong></span> <span class='ocrx_word' id='word_1_55' title='bbox 1879 1897 2138 1975; x_wconf 87' lang='lat' dir='ltr'><strong>contenciosos</strong></span> <span class='ocrx_word' id='word_1_56' title='bbox 2165 1929 2278 2006; x_wconf 88' lang='lat' dir='ltr'><strong>super</strong></span> 
     </span>
     <span class='ocr_line' id='line_1_8' title="bbox 854 2026 2279 2134; baseline 0.003 -31"><span class='ocrx_word' id='word_1_57' title='bbox 854 2027 990 2104; x_wconf 90' lang='lat' dir='ltr'><strong>debato</strong></span> <span class='ocrx_word' id='word_1_58' title='bbox 1006 2027 1228 2133; x_wconf 90' lang='lat' dir='ltr'><strong>hujusmodi</strong></span> <span class='ocrx_word' id='word_1_59' title='bbox 1247 2026 1295 2102; x_wconf 92' lang='lat' dir='ltr'><strong>ad</strong></span> <span class='ocrx_word' id='word_1_60' title='bbox 1313 2055 1470 2103; x_wconf 90' lang='lat' dir='ltr'><strong>manum</strong></span> <span class='ocrx_word' id='word_1_61' title='bbox 1488 2055 1594 2103; x_wconf 87' lang='lat' dir='ltr'><strong>snam</strong></span> <span class='ocrx_word' id='word_1_62' title='bbox 1613 2026 1752 2104; x_wconf 91' lang='lat' dir='ltr'><strong>debere</strong></span> <span class='ocrx_word' id='word_1_63' title='bbox 1769 2026 1859 2134; x_wconf 91' lang='lat' dir='ltr'><strong>poni</strong></span> <span class='ocrx_word' id='word_1_64' title='bbox 1876 2044 1915 2105; x_wconf 90' lang='lat' dir='ltr'><strong>et</strong></span> <span class='ocrx_word' id='word_1_65' title='bbox 1927 2028 2067 2116; x_wconf 89' lang='lat' dir='ltr'><strong>teneri,</strong></span> <span class='ocrx_word' id='word_1_66' title='bbox 2084 2045 2123 2105; x_wconf 89' lang='lat' dir='ltr'><strong>ct</strong></span> <span class='ocrx_word' id='word_1_67' title='bbox 2135 2029 2183 2106; x_wconf 92' lang='lat' dir='ltr'><strong>ad</strong></span> <span class='ocrx_word' id='word_1_68' title='bbox 2202 2059 2279 2107; x_wconf 92' lang='lat' dir='ltr'><strong>ma-</strong></span> 
     </span>
     <span class='ocr_line' id='line_1_9' title="bbox 853 2157 2274 2267; baseline 0.002 -32"><span class='ocrx_word' id='word_1_69' title='bbox 853 2187 946 2236; x_wconf 87' lang='lat' dir='ltr'><strong>num</strong></span> <span class='ocrx_word' id='word_1_70' title='bbox 959 2187 1066 2234; x_wconf 87' lang='lat' dir='ltr'><strong>suam</strong></span> <span class='ocrx_word' id='word_1_71' title='bbox 1085 2158 1263 2235; x_wconf 88' lang='lat' dir='ltr'><strong>debatum</strong></span> <span class='ocrx_word' id='word_1_72' title='bbox 1283 2157 1521 2265; x_wconf 84' lang='lat' dir='ltr'><strong>hujusmodi,</strong></span> <span class='ocrx_word' id='word_1_73' title='bbox 1541 2186 1735 2264; x_wconf 91' lang='lat' dir='ltr'><strong>persuum</strong></span> <span class='ocrx_word' id='word_1_74' title='bbox 1748 2159 1978 2266; x_wconf 92' lang='lat' dir='ltr'><strong>judicatum,</strong></span> <span class='ocrx_word' id='word_1_75' title='bbox 1996 2160 2122 2266; x_wconf 90' lang='lat' dir='ltr'><strong>posuit</strong></span> <span class='ocrx_word' id='word_1_76' title='bbox 2132 2189 2274 2267; x_wconf 69' lang='grc' dir='ltr'><strong>(ῃιοιιε-</strong></span> 
     </span>
     <span class='ocr_line' id='line_1_10' title="bbox 853 2287 2271 2398; baseline 0.004 -33"><span class='ocrx_word' id='word_1_77' title='bbox 853 2318 928 2395; x_wconf 91' lang='lat' dir='ltr'><strong>que</strong></span> <span class='ocrx_word' id='word_1_78' title='bbox 944 2291 992 2365; x_wconf 87' lang='lat' dir='ltr'><strong>de</strong></span> <span class='ocrx_word' id='word_1_79' title='bbox 1008 2288 1198 2395; x_wconf 89' lang='lat' dir='ltr'><strong>premissis</strong></span> <span class='ocrx_word' id='word_1_80' title='bbox 1217 2304 1313 2366; x_wconf 88' lang='lat' dir='ltr'><strong>esset</strong></span> <span class='ocrx_word' id='word_1_81' title='bbox 1327 2287 1479 2394; x_wconf 88' lang='lat' dir='ltr'><strong>plenius</strong></span> <span class='ocrx_word' id='word_1_82' title='bbox 1495 2288 1688 2395; x_wconf 84' lang='lat' dir='ltr'><strong>cognitum</strong></span> <span class='ocrx_word' id='word_1_83' title='bbox 1703 2289 1801 2365; x_wconf 90' lang='lat' dir='ltr'><strong>inter</strong></span> <span class='ocrx_word' id='word_1_84' title='bbox 1815 2305 1956 2396; x_wconf 67' lang='lat' dir='ltr'><strong>partem</strong></span> <span class='ocrx_word' id='word_1_85' title='bbox 1971 2319 2080 2397; x_wconf 90' lang='lat' dir='ltr'><strong>aquo</strong></span> <span class='ocrx_word' id='word_1_86' title='bbox 2088 2291 2271 2398; x_wconf 82' lang='lat' dir='ltr'><strong>judicate,</strong></span> 
     </span>
     <span class='ocr_line' id='line_1_11' title="bbox 852 2419 2353 2528; baseline 0.002 -31"><span class='ocrx_word' id='word_1_87' title='bbox 852 2439 1030 2528; x_wconf 90' lang='lat' dir='ltr'><strong>tanquam</strong></span> <span class='ocrx_word' id='word_1_88' title='bbox 1054 2448 1074 2495; x_wconf 92' lang='lat' dir='ltr'><strong>a</strong></span> <span class='ocrx_word' id='word_1_89' title='bbox 1094 2419 1187 2496; x_wconf 87' lang='lat' dir='ltr'><strong>falso</strong></span> <span class='ocrx_word' id='word_1_90' title='bbox 1208 2437 1246 2496; x_wconf 91' lang='lat' dir='ltr'><strong>et</strong></span> <span class='ocrx_word' id='word_1_91' title='bbox 1264 2447 1397 2525; x_wconf 89' lang='lat' dir='ltr'><strong>pravo,</strong></span> <span class='ocrx_word' id='word_1_92' title='bbox 1419 2435 1639 2525; x_wconf 89' lang='lat' dir='ltr'><strong>procurator</strong></span> <span class='ocrx_word' id='word_1_93' title='bbox 1659 2419 1759 2497; x_wconf 89' lang='lat' dir='ltr'><strong>dicte</strong></span> <span class='ocrx_word' id='word_1_94' title='bbox 1781 2419 1935 2498; x_wconf 90' lang='lat' dir='ltr'><strong>domine</strong></span> <span class='ocrx_word' id='word_1_95' title='bbox 1955 2421 2003 2498; x_wconf 89' lang='lat' dir='ltr'><strong>ad</strong></span> <span class='ocrx_word' id='word_1_96' title='bbox 2023 2437 2188 2500; x_wconf 87' lang='lat' dir='ltr'><strong>nostram</strong></span> <span class='ocrx_word' id='word_1_97' title='bbox 2210 2452 2275 2500; x_wconf 91' lang='lat' dir='ltr'><strong>cu·</strong></span> <span class='ocrx_word' id='word_1_98' title='bbox 2349 2431 2353 2442; x_wconf 89' lang='lat'>&#39;</span> 
     </span>
     <span class='ocr_line' id='line_1_12' title="bbox 851 2551 2275 2659; baseline 0.001 -31"><span class='ocrx_word' id='word_1_99' title='bbox 851 2554 946 2630; x_wconf 90' lang='lat' dir='ltr'><strong>riam</strong></span> <span class='ocrx_word' id='word_1_100' title='bbox 962 2551 1163 2659; x_wconf 89' lang='lat' dir='ltr'><strong>appellavit</strong></span> <span class='ocrx_word' id='word_1_101' title='bbox 1183 2551 1306 2630; x_wconf 86' lang='lat' dir='ltr'><strong>:Visis</strong></span> <span class='ocrx_word' id='word_1_102' title='bbox 1325 2551 1440 2658; x_wconf 91' lang='lat' dir='ltr'><strong>igitur</strong></span> <span class='ocrx_word' id='word_1_103' title='bbox 1458 2578 1571 2658; x_wconf 88' lang='lat' dir='ltr'><strong>super</strong></span> <span class='ocrx_word' id='word_1_104' title='bbox 1591 2552 1664 2628; x_wconf 93' lang='lat' dir='ltr'><strong>hoc</strong></span> <span class='ocrx_word' id='word_1_105' title='bbox 1685 2552 1923 2657; x_wconf 90' lang='lat' dir='ltr'><strong>processibus</strong></span> <span class='ocrx_word' id='word_1_106' title='bbox 1949 2569 1987 2628; x_wconf 92' lang='lat' dir='ltr'><strong>et</strong></span> <span class='ocrx_word' id='word_1_107' title='bbox 2002 2552 2171 2659; x_wconf 86' lang='lat' dir='ltr'><strong>judicato</strong></span> <span class='ocrx_word' id='word_1_108' title='bbox 2190 2582 2275 2658; x_wconf 87' lang='lat' dir='ltr'><strong>pre-</strong></span> 
     </span>
     <span class='ocr_line' id='line_1_13' title="bbox 851 2681 2274 2789; baseline 0.001 -31"><span class='ocrx_word' id='word_1_109' title='bbox 851 2683 976 2768; x_wconf 84' lang='lat' dir='ltr'><strong>dictis,</strong></span> <span class='ocrx_word' id='word_1_110' title='bbox 990 2683 1099 2760; x_wconf 89' lang='lat' dir='ltr'><strong>cartis</strong></span> <span class='ocrx_word' id='word_1_111' title='bbox 1112 2699 1151 2758; x_wconf 91' lang='lat' dir='ltr'><strong>et</strong></span> <span class='ocrx_word' id='word_1_112' title='bbox 1162 2683 1425 2759; x_wconf 80' lang='lat' dir='ltr'><strong>instrumentis</strong></span> <span class='ocrx_word' id='word_1_113' title='bbox 1435 2710 1479 2757; x_wconf 85' lang='lat' dir='ltr'><strong>ex</strong></span> <span class='ocrx_word' id='word_1_114' title='bbox 1493 2699 1653 2787; x_wconf 87' lang='lat' dir='ltr'><strong>utraque</strong></span> <span class='ocrx_word' id='word_1_115' title='bbox 1668 2699 1773 2788; x_wconf 85' lang='lat' dir='ltr'><strong>parte</strong></span> <span class='ocrx_word' id='word_1_116' title='bbox 1782 2681 1993 2789; x_wconf 75' lang='lat' dir='ltr'><strong>productiS,</strong></span> <span class='ocrx_word' id='word_1_117' title='bbox 2009 2699 2048 2760; x_wconf 88' lang='lat' dir='ltr'><strong>et</strong></span> <span class='ocrx_word' id='word_1_118' title='bbox 2060 2681 2274 2760; x_wconf 75' lang='lat' dir='ltr'><strong>nacionibus</strong></span> 
     </span>
     <span class='ocr_line' id='line_1_14' title="bbox 850 2812 2276 2920; baseline 0.001 -30"><span class='ocrx_word' id='word_1_119' title='bbox 850 2814 1018 2920; x_wconf 83' lang='lat' dir='ltr'><strong>parcium</strong></span> <span class='ocrx_word' id='word_1_120' title='bbox 1038 2812 1189 2920; x_wconf 89' lang='lat' dir='ltr'><strong>plenius</strong></span> <span class='ocrx_word' id='word_1_121' title='bbox 1210 2813 1430 2904; x_wconf 87' lang='lat' dir='ltr'><strong>intellectis,</strong></span> <span class='ocrx_word' id='word_1_122' title='bbox 1452 2841 1521 2919; x_wconf 90' lang='lat' dir='ltr'><strong>per</strong></span> <span class='ocrx_word' id='word_1_123' title='bbox 1537 2813 1640 2890; x_wconf 90' lang='lat' dir='ltr'><strong>curie</strong></span> <span class='ocrx_word' id='word_1_124' title='bbox 1665 2830 1791 2890; x_wconf 88' lang='lat' dir='ltr'><strong>nostre</strong></span> <span class='ocrx_word' id='word_1_125' title='bbox 1807 2813 2017 2920; x_wconf 91' lang='lat' dir='ltr'><strong>judicium,</strong></span> <span class='ocrx_word' id='word_1_126' title='bbox 2040 2813 2184 2890; x_wconf 90' lang='lat' dir='ltr'><strong>dictum</strong></span> <span class='ocrx_word' id='word_1_127' title='bbox 2204 2813 2276 2891; x_wconf 86' lang='lat' dir='ltr'><strong>suit</strong></span> 
     </span>
     <span class='ocr_line' id='line_1_15' title="bbox 849 2942 2275 3052; baseline 0 -30"><span class='ocrx_word' id='word_1_128' title='bbox 849 2947 946 3022; x_wconf 92' lang='lat' dir='ltr'><strong>bene</strong></span> <span class='ocrx_word' id='word_1_129' title='bbox 957 2944 1170 3052; x_wconf 84' lang='lat' dir='ltr'><strong>judicatum</strong></span> <span class='ocrx_word' id='word_1_130' title='bbox 1186 2961 1225 3022; x_wconf 89' lang='lat' dir='ltr'><strong>et</strong></span> <span class='ocrx_word' id='word_1_131' title='bbox 1238 2943 1334 3021; x_wconf 90' lang='lat' dir='ltr'><strong>male</strong></span> <span class='ocrx_word' id='word_1_132' title='bbox 1350 2943 1581 3050; x_wconf 90' lang='lat' dir='ltr'><strong>appellatum</strong></span> <span class='ocrx_word' id='word_1_133' title='bbox 1596 2942 1732 3034; x_wconf 85' lang='lat' dir='ltr'><strong>fuisse,</strong></span> <span class='ocrx_word' id='word_1_134' title='bbox 1752 2962 1790 3021; x_wconf 88' lang='lat' dir='ltr'><strong>et</strong></span> <span class='ocrx_word' id='word_1_135' title='bbox 1805 2945 1909 3050; x_wconf 91' lang='lat' dir='ltr'><strong>quod</strong></span> <span class='ocrx_word' id='word_1_136' title='bbox 1923 2944 2022 3022; x_wconf 92' lang='lat' dir='ltr'><strong>dicta</strong></span> <span class='ocrx_word' id='word_1_137' title='bbox 2034 2943 2186 3022; x_wconf 89' lang='lat' dir='ltr'><strong>domina</strong></span> <span class='ocrx_word' id='word_1_138' title='bbox 2202 2946 2275 3023; x_wconf 93' lang='lat' dir='ltr'><strong>hoc</strong></span> 
     </span>
     <span class='ocr_line' id='line_1_16' title="bbox 851 3075 1079 3154; baseline -0.013 0"><span class='ocrx_word' id='word_1_139' title='bbox 851 3075 1079 3154; x_wconf 86' lang='lat' dir='ltr'><strong>emendabit.</strong></span> 
     </span>
     <span class='ocr_line' id='line_1_17' title="bbox 905 3205 1392 3285; baseline 0.002 -3"><span class='ocrx_word' id='word_1_140' title='bbox 905 3209 947 3284; x_wconf 90' lang='lat' dir='ltr'><strong>ln</strong></span> <span class='ocrx_word' id='word_1_141' title='bbox 966 3207 1062 3284; x_wconf 82' lang='lat' dir='ltr'><strong>festo</strong></span> <span class='ocrx_word' id='word_1_142' title='bbox 1083 3205 1392 3285; x_wconf 85' lang='lat' dir='ltr'><strong>Sancti-Andree.</strong></span> 
     </span>
     <span class='ocr_line' id='line_1_18' title="bbox 906 3326 1410 3445; baseline 0.002 -31"><span class='ocrx_word' id='word_1_143' title='bbox 906 3342 1008 3445; x_wconf 86' lang='lat' dir='ltr'><strong>Roya</strong></span> <span class='ocrx_word' id='word_1_144' title='bbox 1027 3339 1238 3444; x_wconf 87' lang='lat' dir='ltr'><strong>reportavit.</strong></span> <span class='ocrx_word' id='word_1_145' title='bbox 1406 3326 1410 3333; x_wconf 54' lang='grc'><strong>’</strong></span> 
     </span>
     <span class='ocr_line' id='line_1_19' title="bbox 906 3469 2271 3577; baseline 0 -31"><span class='ocrx_word' id='word_1_146' title='bbox 906 3471 1057 3549; x_wconf 79' lang='lat' dir='ltr'><strong>&#39;l&#39;aravit</strong></span> <span class='ocrx_word' id='word_1_147' title='bbox 1083 3470 1185 3547; x_wconf 89' lang='lat' dir='ltr'><strong>curia</strong></span> <span class='ocrx_word' id='word_1_148' title='bbox 1211 3470 1320 3546; x_wconf 90' lang='lat' dir='ltr'><strong>istam</strong></span> <span class='ocrx_word' id='word_1_149' title='bbox 1344 3470 1545 3546; x_wconf 90' lang='lat' dir='ltr'><strong>emendam</strong></span> <span class='ocrx_word' id='word_1_150' title='bbox 1570 3469 1617 3546; x_wconf 93' lang='lat' dir='ltr'><strong>ad</strong></span> <span class='ocrx_word' id='word_1_151' title='bbox 1642 3469 1910 3577; x_wconf 89' lang='lat' dir='ltr'><strong>quinquaginta</strong></span> <span class='ocrx_word' id='word_1_152' title='bbox 1939 3470 2052 3550; x_wconf 91' lang='lat' dir='ltr'><strong>libras</strong></span> <span class='ocrx_word' id='word_1_153' title='bbox 2071 3499 2271 3577; x_wconf 90' lang='lat' dir='ltr'><strong>parvorum</strong></span> 
     </span>
     <span class='ocr_line' id='line_1_20' title="bbox 853 3599 1339 3679; baseline -0.002 -1"><span class='ocrx_word' id='word_1_154' title='bbox 853 3603 1042 3678; x_wconf 91' lang='lat' dir='ltr'><strong>bonorum</strong></span> <span class='ocrx_word' id='word_1_155' title='bbox 1061 3599 1339 3679; x_wconf 87' lang='lat' dir='ltr'><strong>Parisiensinm.</strong></span> 
     </span>
    </p>
   </div>
   <div class='ocr_carea' id='block_1_3' title="bbox 846 3864 2281 5281">
    <p class='ocr_par' dir='ltr' id='par_1_3' title="bbox 846 3864 2281 5281">
     <span class='ocr_line' id='line_1_21' title="bbox 906 3864 2272 3974; baseline -0.001 -32"><span class='ocrx_word' id='word_1_156' title='bbox 906 3869 948 3942; x_wconf 89' lang='lat' dir='ltr'><strong>X.</strong></span> <span class='ocrx_word' id='word_1_157' title='bbox 980 3867 1077 3944; x_wconf 92' lang='lat' dir='ltr'><strong>Cum</strong></span> <span class='ocrx_word' id='word_1_158' title='bbox 1098 3865 1262 3974; x_wconf 84' lang='lat' dir='ltr'><strong>religiosi</strong></span> <span class='ocrx_word' id='word_1_159' title='bbox 1286 3865 1354 3942; x_wconf 89' lang='lat' dir='ltr'><strong>viri</strong></span> <span class='ocrx_word' id='word_1_160' title='bbox 1375 3865 1489 3944; x_wconf 88' lang='lat' dir='ltr'><strong>abbas</strong></span> <span class='ocrx_word' id='word_1_161' title='bbox 1509 3882 1547 3941; x_wconf 90' lang='lat' dir='ltr'><strong>et</strong></span> <span class='ocrx_word' id='word_1_162' title='bbox 1567 3880 1771 3942; x_wconf 90' lang='lat' dir='ltr'><strong>conventus</strong></span> <span class='ocrx_word' id='word_1_163' title='bbox 1793 3864 1839 3940; x_wconf 89' lang='lat' dir='ltr'><strong>de</strong></span> <span class='ocrx_word' id='word_1_164' title='bbox 1858 3864 1994 3952; x_wconf 90' lang='lat' dir='ltr'><strong>Hamo,</strong></span> <span class='ocrx_word' id='word_1_165' title='bbox 2016 3865 2057 3940; x_wconf 91' lang='lat' dir='ltr'><strong>in</strong></span> <span class='ocrx_word' id='word_1_166' title='bbox 2075 3866 2272 3942; x_wconf 88' lang='lat' dir='ltr'><strong>Viroman-</strong></span> 
     </span>
     <span class='ocr_line' id='line_1_22' title="bbox 849 3981 2281 4107; baseline 0 -35"><span class='ocrx_word' id='word_1_167' title='bbox 849 3998 926 4084; x_wconf 88' lang='lat' dir='ltr'><strong>dia,</strong></span> <span class='ocrx_word' id='word_1_168' title='bbox 948 3999 987 4073; x_wconf 92' lang='lat' dir='ltr'><strong>in</strong></span> <span class='ocrx_word' id='word_1_169' title='bbox 1007 4015 1133 4075; x_wconf 88' lang='lat' dir='ltr'><strong>nostra</strong></span> <span class='ocrx_word' id='word_1_170' title='bbox 1149 3996 1299 4105; x_wconf 81' lang='lat' dir='ltr'><strong>speciali</strong></span> <span class='ocrx_word' id='word_1_171' title='bbox 1319 3997 1434 4107; x_wconf 90' lang='lat' dir='ltr'><strong>garda</strong></span> <span class='ocrx_word' id='word_1_172' title='bbox 1455 3996 1673 4087; x_wconf 83' lang='lat' dir='ltr'><strong>existentes,</strong></span> <span class='ocrx_word' id='word_1_173' title='bbox 1696 3997 1798 4073; x_wconf 91' lang='lat' dir='ltr'><strong>curie</strong></span> <span class='ocrx_word' id='word_1_174' title='bbox 1818 4012 1945 4072; x_wconf 89' lang='lat' dir='ltr'><strong>nostre</strong></span> <span class='ocrx_word' id='word_1_175' title='bbox 1965 3996 2160 4103; x_wconf 85' lang='lat' dir='ltr'><strong>conquesti</strong></span> <span class='ocrx_word' id='word_1_176' title='bbox 2181 3981 2281 4074; x_wconf 59' lang='lat' dir='ltr'><strong>luis-¹</strong></span> 
     </span>
     <span class='ocr_line' id='line_1_23' title="bbox 848 4118 2272 4236; baseline 0 -32"><span class='ocrx_word' id='word_1_177' title='bbox 848 4145 931 4204; x_wconf 88' lang='lat' dir='ltr'><strong>sent</strong></span> <span class='ocrx_word' id='word_1_178' title='bbox 944 4130 1050 4235; x_wconf 87' lang='lat' dir='ltr'><strong>quod</strong></span> <span class='ocrx_word' id='word_1_179' title='bbox 1064 4129 1103 4205; x_wconf 93' lang='lat' dir='ltr'><strong>in</strong></span> <span class='ocrx_word' id='word_1_180' title='bbox 1123 4128 1288 4235; x_wconf 88' lang='lat' dir='ltr'><strong>quodam</strong></span> <span class='ocrx_word' id='word_1_181' title='bbox 1308 4155 1440 4206; x_wconf 89' lang='lat' dir='ltr'><strong>eornm</strong></span> <span class='ocrx_word' id='word_1_182' title='bbox 1457 4127 1593 4205; x_wconf 90' lang='lat' dir='ltr'><strong>vivario</strong></span> <span class='ocrx_word' id='word_1_183' title='bbox 1610 4143 1648 4204; x_wconf 90' lang='lat' dir='ltr'><strong>et</strong></span> <span class='ocrx_word' id='word_1_184' title='bbox 1663 4143 1770 4233; x_wconf 91' lang='lat' dir='ltr'><strong>prato</strong></span> <span class='ocrx_word' id='word_1_185' title='bbox 1788 4118 1912 4204; x_wconf 91' lang='lat' dir='ltr'><strong>eidem</strong></span> <span class='ocrx_word' id='word_1_186' title='bbox 1928 4127 2124 4236; x_wconf 92' lang='lat' dir='ltr'><strong>contigno,</strong></span> <span class='ocrx_word' id='word_1_187' title='bbox 2143 4143 2272 4234; x_wconf 84' lang='lat' dir='ltr'><strong>gentes</strong></span> 
     </span>
     <span class='ocr_line' id='line_1_24' title="bbox 848 4258 2273 4367; baseline 0 -31"><span class='ocrx_word' id='word_1_188' title='bbox 848 4258 1036 4348; x_wconf 89' lang='lat' dir='ltr'><strong>Oudardi,</strong></span> <span class='ocrx_word' id='word_1_189' title='bbox 1062 4260 1208 4337; x_wconf 90' lang='lat' dir='ltr'><strong>domini</strong></span> <span class='ocrx_word' id='word_1_190' title='bbox 1230 4262 1277 4338; x_wconf 94' lang='lat' dir='ltr'><strong>de</strong></span> <span class='ocrx_word' id='word_1_191' title='bbox 1298 4262 1436 4348; x_wconf 85' lang='lat' dir='ltr'><strong>Homo,</strong></span> <span class='ocrx_word' id='word_1_192' title='bbox 1458 4258 1608 4351; x_wconf 90' lang='lat' dir='ltr'><strong>militis,</strong></span> <span class='ocrx_word' id='word_1_193' title='bbox 1632 4259 1712 4367; x_wconf 90' lang='lat' dir='ltr'><strong>ejus</strong></span> <span class='ocrx_word' id='word_1_194' title='bbox 1733 4259 1885 4335; x_wconf 89' lang='lat' dir='ltr'><strong>nomine</strong></span> <span class='ocrx_word' id='word_1_195' title='bbox 1907 4276 1945 4336; x_wconf 91' lang='lat' dir='ltr'><strong>et</strong></span> <span class='ocrx_word' id='word_1_196' title='bbox 1964 4259 2045 4364; x_wconf 95' lang='lat' dir='ltr'><strong>ipso</strong></span> <span class='ocrx_word' id='word_1_197' title='bbox 2066 4276 2189 4338; x_wconf 87' lang='lat' dir='ltr'><strong>ratum</strong></span> <span class='ocrx_word' id='word_1_198' title='bbox 2209 4261 2273 4337; x_wconf 89' lang='lat' dir='ltr'><strong>ha-</strong></span> 
     </span>
     <span class='ocr_line' id='line_1_25' title="bbox 848 4381 2273 4500; baseline 0.001 -35"><span class='ocrx_word' id='word_1_199' title='bbox 848 4390 980 4478; x_wconf 90' lang='lat' dir='ltr'><strong>bente,</strong></span> <span class='ocrx_word' id='word_1_200' title='bbox 1005 4390 1134 4496; x_wconf 91' lang='lat' dir='ltr'><strong>plures</strong></span> <span class='ocrx_word' id='word_1_201' title='bbox 1154 4392 1310 4500; x_wconf 88' lang='lat' dir='ltr'><strong>injurias</strong></span> <span class='ocrx_word' id='word_1_202' title='bbox 1330 4408 1368 4468; x_wconf 93' lang='lat' dir='ltr'><strong>et</strong></span> <span class='ocrx_word' id='word_1_203' title='bbox 1392 4390 1595 4468; x_wconf 86' lang='lat' dir='ltr'><strong>violencias</strong></span> <span class='ocrx_word' id='word_1_204' title='bbox 1621 4381 1766 4468; x_wconf 89' lang='lat' dir='ltr'><strong>eisdem</strong></span> <span class='ocrx_word' id='word_1_205' title='bbox 1788 4390 1972 4495; x_wconf 86' lang='lat' dir='ltr'><strong>religiosis</strong></span> <span class='ocrx_word' id='word_1_206' title='bbox 1992 4390 2213 4478; x_wconf 89' lang='lat' dir='ltr'><strong>intulerant,</strong></span> <span class='ocrx_word' id='word_1_207' title='bbox 2236 4409 2273 4468; x_wconf 87' lang='lat' dir='ltr'><strong>et</strong></span> 
     </span>
     <span class='ocr_line' id='line_1_26' title="bbox 848 4521 2272 4630; baseline -0.001 -33"><span class='ocrx_word' id='word_1_208' title='bbox 848 4550 959 4626; x_wconf 88' lang='lat' dir='ltr'><strong>supra</strong></span> <span class='ocrx_word' id='word_1_209' title='bbox 979 4522 1079 4628; x_wconf 91' lang='lat' dir='ltr'><strong>ipsos</strong></span> <span class='ocrx_word' id='word_1_210' title='bbox 1098 4523 1137 4600; x_wconf 91' lang='lat' dir='ltr'><strong>in</strong></span> <span class='ocrx_word' id='word_1_211' title='bbox 1158 4523 1250 4600; x_wconf 91' lang='lat' dir='ltr'><strong>locis</strong></span> <span class='ocrx_word' id='word_1_212' title='bbox 1268 4523 1448 4630; x_wconf 89' lang='lat' dir='ltr'><strong>predictis</strong></span> <span class='ocrx_word' id='word_1_213' title='bbox 1469 4523 1650 4629; x_wconf 81' lang='lat' dir='ltr'><strong>quasdam</strong></span> <span class='ocrx_word' id='word_1_214' title='bbox 1669 4521 1801 4627; x_wconf 88' lang='lat' dir='ltr'><strong>prisias</strong></span> <span class='ocrx_word' id='word_1_215' title='bbox 1824 4521 1989 4600; x_wconf 85' lang='lat' dir='ltr'><strong>lacerant</strong></span> <span class='ocrx_word' id='word_1_216' title='bbox 2008 4521 2145 4628; x_wconf 81' lang='lat' dir='ltr'><strong>injuste</strong></span> <span class='ocrx_word' id='word_1_217' title='bbox 2167 4521 2272 4598; x_wconf 87' lang='lat' dir='ltr'><strong>etde</strong></span> 
     </span>
     <span class='ocr_line' id='line_1_27' title="bbox 847 4651 2273 4761; baseline -0.003 -33"><span class='ocrx_word' id='word_1_218' title='bbox 847 4681 968 4731; x_wconf 85' lang='lat' dir='ltr'><strong>novo:</strong></span> <span class='ocrx_word' id='word_1_219' title='bbox 988 4653 1163 4761; x_wconf 89' lang='lat' dir='ltr'><strong>lnquesta</strong></span> <span class='ocrx_word' id='word_1_220' title='bbox 1177 4653 1273 4730; x_wconf 85' lang='lat' dir='ltr'><strong>lacta</strong></span> <span class='ocrx_word' id='word_1_221' title='bbox 1291 4683 1404 4761; x_wconf 90' lang='lat' dir='ltr'><strong>super</strong></span> <span class='ocrx_word' id='word_1_222' title='bbox 1422 4655 1511 4742; x_wconf 90' lang='lat' dir='ltr'><strong>hoc,</strong></span> <span class='ocrx_word' id='word_1_223' title='bbox 1531 4653 1669 4730; x_wconf 89' lang='lat' dir='ltr'><strong>vocatis</strong></span> <span class='ocrx_word' id='word_1_224' title='bbox 1684 4651 1874 4759; x_wconf 87' lang='lat' dir='ltr'><strong>partibus,</strong></span> <span class='ocrx_word' id='word_1_225' title='bbox 1898 4671 1936 4730; x_wconf 84' lang='lat' dir='ltr'><strong>‘et</strong></span> <span class='ocrx_word' id='word_1_226' title='bbox 1953 4671 2079 4730; x_wconf 90' lang='lat' dir='ltr'><strong>nostre</strong></span> <span class='ocrx_word' id='word_1_227' title='bbox 2099 4652 2200 4728; x_wconf 88' lang='lat' dir='ltr'><strong>curie</strong></span> <span class='ocrx_word' id='word_1_228' title='bbox 2220 4677 2273 4725; x_wconf 86' lang='lat' dir='ltr'><strong>re·</strong></span> 
     </span>
     <span class='ocr_line' id='line_1_28' title="bbox 848 4779 2271 4893; baseline -0.004 -31"><span class='ocrx_word' id='word_1_229' title='bbox 848 4803 1008 4890; x_wconf 86' lang='lat' dir='ltr'><strong>portata,</strong></span> <span class='ocrx_word' id='word_1_230' title='bbox 1022 4786 1098 4863; x_wconf 88' lang='lat' dir='ltr'><strong>visa</strong></span> <span class='ocrx_word' id='word_1_231' title='bbox 1114 4803 1153 4862; x_wconf 87' lang='lat' dir='ltr'><strong>et</strong></span> <span class='ocrx_word' id='word_1_232' title='bbox 1168 4784 1370 4893; x_wconf 86' lang='lat' dir='ltr'><strong>diligenter</strong></span> <span class='ocrx_word' id='word_1_233' title='bbox 1385 4783 1608 4876; x_wconf 84' lang='lat' dir='ltr'><strong>examinata,</strong></span> <span class='ocrx_word' id='word_1_234' title='bbox 1626 4812 1695 4889; x_wconf 87' lang='lat' dir='ltr'><strong>per</strong></span> <span class='ocrx_word' id='word_1_235' title='bbox 1711 4784 1813 4861; x_wconf 91' lang='lat' dir='ltr'><strong>curie</strong></span> <span class='ocrx_word' id='word_1_236' title='bbox 1832 4799 1956 4861; x_wconf 91' lang='lat' dir='ltr'><strong>nostre</strong></span> <span class='ocrx_word' id='word_1_237' title='bbox 1965 4782 2171 4888; x_wconf 87' lang='lat' dir='ltr'><strong>judicium,</strong></span> <span class='ocrx_word' id='word_1_238' title='bbox 2192 4779 2271 4856; x_wconf 92' lang='lat' dir='ltr'><strong>dic-</strong></span> 
     </span>
     <span class='ocr_line' id='line_1_29' title="bbox 847 4911 2272 5024; baseline -0.004 -31"><span class='ocrx_word' id='word_1_239' title='bbox 847 4935 929 4995; x_wconf 92' lang='lat' dir='ltr'><strong>tum</strong></span> <span class='ocrx_word' id='word_1_240' title='bbox 947 4918 1019 4995; x_wconf 86' lang='lat' dir='ltr'><strong>luit</strong></span> <span class='ocrx_word' id='word_1_241' title='bbox 1032 4917 1138 5024; x_wconf 86' lang='lat' dir='ltr'><strong>qnod</strong></span> <span class='ocrx_word' id='word_1_242' title='bbox 1157 4917 1281 4995; x_wconf 87' lang='lat' dir='ltr'><strong>dictus</strong></span> <span class='ocrx_word' id='word_1_243' title='bbox 1297 4916 1476 4994; x_wconf 88' lang='lat' dir='ltr'><strong>dominns</strong></span> <span class='ocrx_word' id='word_1_244' title='bbox 1496 4914 1577 4995; x_wconf 87' lang='lat' dir='ltr'><strong>loca</strong></span> <span class='ocrx_word' id='word_1_245' title='bbox 1591 4913 1760 5021; x_wconf 90' lang='lat' dir='ltr'><strong>predicta</strong></span> <span class='ocrx_word' id='word_1_246' title='bbox 1776 4914 1944 4991; x_wconf 88' lang='lat' dir='ltr'><strong>resaisiet</strong></span> <span class='ocrx_word' id='word_1_247' title='bbox 1960 4912 2008 4989; x_wconf 92' lang='lat' dir='ltr'><strong>de</strong></span> <span class='ocrx_word' id='word_1_248' title='bbox 2027 4911 2152 5017; x_wconf 91' lang='lat' dir='ltr'><strong>prisiis</strong></span> <span class='ocrx_word' id='word_1_249' title='bbox 2167 4929 2272 4989; x_wconf 92' lang='lat' dir='ltr'><strong>ante-</strong></span> 
     </span>
     <span class='ocr_line' id='line_1_30' title="bbox 846 5042 2271 5156; baseline -0.002 -33"><span class='ocrx_word' id='word_1_250' title='bbox 846 5049 975 5137; x_wconf 87' lang='lat' dir='ltr'><strong>dictis,</strong></span> <span class='ocrx_word' id='word_1_251' title='bbox 998 5065 1036 5124; x_wconf 93' lang='lat' dir='ltr'><strong>et</strong></span> <span class='ocrx_word' id='word_1_252' title='bbox 1061 5048 1171 5124; x_wconf 90' lang='lat' dir='ltr'><strong>dictis</strong></span> <span class='ocrx_word' id='word_1_253' title='bbox 1196 5047 1382 5156; x_wconf 80' lang='lat' dir='ltr'><strong>religiosis</strong></span> <span class='ocrx_word' id='word_1_254' title='bbox 1406 5047 1597 5155; x_wconf 82' lang='lat' dir='ltr'><strong>sexaginta</strong></span> <span class='ocrx_word' id='word_1_255' title='bbox 1626 5045 1759 5136; x_wconf 90' lang='lat' dir='ltr'><strong>libras,</strong></span> <span class='ocrx_word' id='word_1_256' title='bbox 1788 5071 1855 5148; x_wconf 89' lang='lat' dir='ltr'><strong>pro</strong></span> <span class='ocrx_word' id='word_1_257' title='bbox 1881 5042 2069 5149; x_wconf 84' lang='lat' dir='ltr'><strong>dampnis,</strong></span> <span class='ocrx_word' id='word_1_258' title='bbox 2098 5058 2136 5120; x_wconf 91' lang='lat' dir='ltr'><strong>et</strong></span> <span class='ocrx_word' id='word_1_259' title='bbox 2162 5042 2271 5120; x_wconf 90' lang='lat' dir='ltr'><strong>nobis</strong></span> 
     </span>
     <span class='ocr_line' id='line_1_31' title="bbox 848 5174 2270 5281; baseline -0.004 -26"><span class='ocrx_word' id='word_1_260' title='bbox 848 5194 1000 5255; x_wconf 86' lang='lat' dir='ltr'><strong>centnm</strong></span> <span class='ocrx_word' id='word_1_261' title='bbox 1026 5176 1139 5254; x_wconf 89' lang='lat' dir='ltr'><strong>libras</strong></span> <span class='ocrx_word' id='word_1_262' title='bbox 1156 5178 1358 5281; x_wconf 87' lang='lat' dir='ltr'><strong>parvorum</strong></span> <span class='ocrx_word' id='word_1_263' title='bbox 1376 5178 1570 5255; x_wconf 90' lang='lat' dir='ltr'><strong>bonorum</strong></span> <span class='ocrx_word' id='word_1_264' title='bbox 1582 5174 1879 5258; x_wconf 90' lang='lat' dir='ltr'><strong>Turonensium,</strong></span> <span class='ocrx_word' id='word_1_265' title='bbox 1901 5200 1968 5280; x_wconf 90' lang='lat' dir='ltr'><strong>pro</strong></span> <span class='ocrx_word' id='word_1_266' title='bbox 1990 5174 2165 5264; x_wconf 88' lang='lat' dir='ltr'><strong>emenda,</strong></span> <span class='ocrx_word' id='word_1_267' title='bbox 2185 5201 2270 5279; x_wconf 90' lang='lat' dir='ltr'><strong>per-</strong></span> 
     </span>
    </p>
   </div>
   <div class='ocr_carea' id='block_1_4' title="bbox 846 5303 2266 5545">
    <p class='ocr_par' dir='ltr' id='par_1_4' title="bbox 846 5303 2266 5545">
     <span class='ocr_line' id='line_1_32' title="bbox 848 5303 2266 5414; baseline -0.001 -29"><span class='ocrx_word' id='word_1_268' title='bbox 848 5307 980 5395; x_wconf 85' lang='lat' dir='ltr'><strong>solvet;</strong></span> <span class='ocrx_word' id='word_1_269' title='bbox 1004 5324 1042 5383; x_wconf 86' lang='lat' dir='ltr'><strong>et</strong></span> <span class='ocrx_word' id='word_1_270' title='bbox 1060 5305 1302 5384; x_wconf 85' lang='lat' dir='ltr'><strong>mandabitur</strong></span> <span class='ocrx_word' id='word_1_271' title='bbox 1320 5307 1458 5385; x_wconf 89' lang='lat' dir='ltr'><strong>ballivo</strong></span> <span class='ocrx_word' id='word_1_272' title='bbox 1482 5305 1771 5387; x_wconf 87' lang='lat' dir='ltr'><strong>Viromandensi</strong></span> <span class='ocrx_word' id='word_1_273' title='bbox 1791 5303 1896 5409; x_wconf 90' lang='lat' dir='ltr'><strong>quod</strong></span> <span class='ocrx_word' id='word_1_274' title='bbox 1916 5303 2037 5382; x_wconf 90' lang='lat' dir='ltr'><strong>dictos</strong></span> <span class='ocrx_word' id='word_1_275' title='bbox 2056 5305 2266 5414; x_wconf 87' lang='lat' dir='ltr'><strong>religiosos,</strong></span> 
     </span>
     <span class='ocr_line' id='line_1_33' title="bbox 846 5435 2190 5545; baseline -0.001 -32"><span class='ocrx_word' id='word_1_276' title='bbox 846 5438 878 5513; x_wconf 88' lang='lat' dir='ltr'><strong>si</strong></span> <span class='ocrx_word' id='word_1_277' title='bbox 898 5438 1096 5545; x_wconf 86' lang='lat' dir='ltr'><strong>pecierint,</strong></span> <span class='ocrx_word' id='word_1_278' title='bbox 1115 5466 1137 5514; x_wconf 91' lang='lat' dir='ltr'><strong>a</strong></span> <span class='ocrx_word' id='word_1_279' title='bbox 1156 5436 1258 5514; x_wconf 88' lang='lat' dir='ltr'><strong>dicto</strong></span> <span class='ocrx_word' id='word_1_280' title='bbox 1279 5436 1452 5527; x_wconf 87' lang='lat' dir='ltr'><strong>domino,</strong></span> <span class='ocrx_word' id='word_1_281' title='bbox 1475 5455 1519 5514; x_wconf 93' lang='lat' dir='ltr'><strong>ut</strong></span> <span class='ocrx_word' id='word_1_282' title='bbox 1532 5435 1828 5544; x_wconf 73' lang='lat' dir='ltr'><strong>justum‘fuerit,</strong></span> <span class='ocrx_word' id='word_1_283' title='bbox 1851 5435 2053 5514; x_wconf 78' lang='lat' dir='ltr'><strong>assecurari</strong></span> <span class='ocrx_word' id='word_1_284' title='bbox 2073 5435 2190 5514; x_wconf 83' lang='lat' dir='ltr'><strong>saciat.</strong></span> 
     </span>
    </p>
   </div>
   <div class='ocr_carea' id='block_1_5' title="bbox 0 0 2914 7288">
    <p class='ocr_par' dir='ltr' id='par_1_5' title="bbox 0 0 2914 7288">
     <span class='ocr_line' id='line_1_34' title="bbox 0 0 2914 7288; baseline 0 0"><span class='ocrx_word' id='word_1_285' title='bbox 0 0 2914 7288; x_wconf 95' lang='lat' dir='ltr'><strong> </strong></span> 
     </span>
    </p>
   </div>
  </div>
 </body>
</html>
