5817 7292
897 1086 971 1162 55h
1479 1082 1568 1155 LES
1597 1079 1738 1153 OLlM.

670 1246 800 1301 emma
812 1243 858 1307 tv,
896 1228 997 1307 curie
1008 1228 1212 1336 judicium,
1229 1226 1372 1303 dictum
1384 1224 1456 1302 luit
1467 1224 1571 1331 quod
1588 1221 1711 1299 dictus
1724 1219 1960 1327 pedagiarins
1974 1236 2119 1309 noster,
2133 1222 2171 1299 in
2184 1224 2319 1302 saisina

731 1334 796 1379 ”¹⁰⁵
896 1388 977 1451 sua,
994 1359 1154 1437 nomine·
1161 1374 1302 1447 nostro,
1314 1356 1585 1463 predictorum,
1601 1368 1785 1460 quantum
1799 1350 1848 1427 ad
1858 1349 1979 1456 pelles
1994 1351 2134 1430 delatas
2148 1354 2187 1429 in
2200 1356 2320 1431 curri·

896 1490 966 1566 bus
980 1488 1038 1565 vel
1059 1488 1265 1597 quadrigis,
1288 1485 1515 1573 remanebit,
1535 1500 1719 1562 reservata
1733 1482 1933 1589 questione
1952 1484 2191 1589 proprietatis
2206 1514 2321 1590 super

896 1621 968 1697 hoc
987 1620 1080 1726 parti
1101 1619 1264 1696 adverse.

951 1752 1007 1827 Ma
1014 1750 1078 1826 rtis
1096 1766 1182 1854 post
1200 1745 1546 1824 Annunciacionem
1568 1743 1809 1822 dominicam.

951 1878 1350 1959 Sanctus-Benedictus
1363 1875 1576 1981 reportavit.

949 2142 1105 2220 XLVlll.
1137 2140 1233 2217 Cum
1264 2138 1451 2216 discordia
1478 2152 1590 2226 esset,
1618 2164 1742 2213 coram
1767 2136 1962 2215 Parisiensi
1986 2138 2193 2243 proposito,
2217 2138 2316 2213 inter

893 2273 1126 2377 Stephanum
1142 2271 1189 2347 de
1202 2268 1392 2347 Lamhalia
1403 2286 1442 2344 et
1457 2268 1639 2375 majorem
1650 2266 1699 2343 de
1709 2268 1894 2374 Tyronio,
1908 2295 1952 2343 ex
1965 2296 2042 2343 una
2054 2285 2172 2373 parte,
2187 2282 2225 2345 et
2236 2296 2316 2344 ma-

895 2404 1055 2509 gistrum
1071 2404 1242 2478 Euenum
1264 2400 1312 2476 de
1329 2398 1494 2489 Gerhez,
1512 2426 1555 2473 ex
1576 2398 1706 2488 altera,
1724 2425 1837 2504 super
1855 2426 1903 2475 eo
1916 2398 2207 2505 videlicetquod
2222 2398 2312 2475 dieti

896 2533 1106 2639 Stephanus
1122 2548 1160 2608 et
1172 2532 1292 2637 major
1306 2530 1484 2607 dicebant
1495 2527 1598 2617 aliud
1612 2526 1727 2606 luisse
1738 2530 2028 2634 pronunciatum
2040 2557 2107 2634 per
2118 2530 2314 2635 antiquum

893 2662 1125 2769 prepositum
1136 2659 1381 2737 Parisiensem
1390 2660 1456 2766 qui
1467 2660 1669 2765 novissime
1678 2658 1802 2738 iuerat
1813 2676 1901 2737 ante
1910 2661 2025 2736 istum
2037 2660 2104 2767 qui
2116 2662 2232 2737 modo
2243 2679 2313 2750 est,

895 2794 931 2870 in
945 2792 1107 2899 quadam
1118 2789 1398 2868 interlocutoria
1407 2789 1608 2895 peripsum
1620 2789 1709 2879 lata,
1724 2818 1838 2896 quam
1853 2791 2032 2896 scriptum
2049 2807 2149 2867 esset
2159 2791 2200 2866 in
2210 2819 2268 2877 ea,
2281 2810 2319 2866 et

853 2974 863 2995 .
895 2922 999 3029 quod
1014 2919 1272 2998 fraudulenter
1289 2936 1328 2997 et
1341 2918 1548 3008 maliciose,
1565 2948 1633 3025 per
1647 2919 1791 2997 dictum
1804 2921 2025 3027 magistrum
2039 2924 2227 3011 Euenum,
2243 2921 2320 2999 fue

894 3069 950 3128 rat
972 3051 1070 3129 dieta
1089 3050 1370 3128 interlocutoria
1386 3050 1602 3155 impetrata,
1624 3050 1726 3128 dicto
1745 3052 1923 3159 magistro
1940 3053 2067 3159 Eveno
2087 3054 2317 3130 contrarium

845 3230 849 3235 ·
896 3202 1101 3276 asserente;
1123 3184 1338 3290 prepositus
1349 3185 1581 3273 Parisiensis,
1599 3185 1664 3291 qui
1684 3212 1788 3263 nunc
1805 3202 1878 3276 est,
1895 3184 1981 3293 visis
1997 3185 2209 3263 racionihus
2226 3185 2315 3261 hinc

895 3315 982 3391 inde
1002 3316 1202 3420 propositis
1221 3314 1433 3423 diligenter,
1452 3316 1532 3392 viso
1550 3316 1669 3392 eciam
1685 3316 1792 3423 signo
1811 3316 1902 3393 dicti
1920 3317 2098 3422 prepositi
2113 3316 2254 3422 antiqui
2274 3332 2314 3392 et

895 3446 1017 3551 sigillo
1035 3445 1226 3523 Castelleti
1246 3446 1385 3552 quihus
1400 3446 1501 3523 dicta
1520 3446 1803 3524 interlocutoria
1817 3446 1971 3556 sigillata
1984 3462 2078 3535 erat,
2093 3446 2179 3523 visis
2192 3446 2311 3523 eciam

894 3575 1178 3654 memorialibus
1192 3577 1489 3683 assignacionum
1510 3577 1658 3657 dienato
1679 3576 1784 3657 factis
1804 3578 1912 3657 dictis
1930 3576 2096 3683 partibus
2114 3576 2163 3654 ad
2184 3576 2312 3654 dicen-

895 3707 987 3784 dum
1009 3706 1178 3787 veritates
1198 3735 1301 3797 suas,
1322 3709 1583 3814 pronunciavit
1608 3709 1713 3816 quod
1732 3709 1894 3787 ulterius
1913 3708 2180 3814 procederetur
2201 3734 2315 3813 super

893 3838 1173 3917 interlocutoria
1201 3839 1412 3945 supradicta
1437 3868 1483 3919 eo
1513 3841 1628 3918 modo
1654 3870 1733 3949 quo
1760 3841 1920 3949 sigillata
1945 3857 2024 3918 erat
2053 3857 2091 3916 et
2115 3839 2267 3945 scripta3
2295 3868 2316 3915 a

893 3970 1311 4077 quapronunciacione,
1323 3988 1504 4079 tanquam
1516 3970 1607 4049 falsa
1621 3988 1660 4051 et
1672 3999 1798 4078 prava,
1816 3972 1905 4049 dicti
1922 3969 2135 4077 Stephanus
2150 3974 2318 4079 etmajor

893 4100 940 4177 ad
960 4116 1126 4176 nostram
1147 4102 1287 4178 curiam
1308 4102 1571 4207 appellarunt:
1592 4101 1741 4181 Auditis
1761 4103 1885 4210 igitur,
1908 4103 1949 4179 in
1968 4129 2075 4179 cansa
2094 4100 2315 4209 appellaeio-

894 4232 952 4309 nis
978 4230 1162 4335 predicte,
1192 4231 1300 4311 dictis
1323 4234 1493 4339 partibus
1520 4250 1559 4311 et
1581 4234 1660 4312 viso
1678 4260 1857 4338 processu
1881 4260 1993 4339 super
2011 4233 2085 4310 hoc
2113 4232 2225 4320 facto,
2247 4259 2317 4337 per

894 4377 1019 4439 nostre
1038 4363 1143 4439 curie
1156 4362 1360 4470 judicium,
1387 4364 1530 4442 dietum
1549 4364 1621 4441 luit
1639 4364 1744 4472 quod
1760 4367 1973 4472 prepositus
1991 4363 2225 4452 Parisiensis,
2247 4364 2314 4469 qui

894 4522 996 4570 nunc
1011 4510 1081 4583 est,
1099 4494 1197 4571 hene
1215 4494 1488 4601 pronunciavit,
1509 4512 1549 4573 et
1564 4498 1670 4603 quod
1683 4496 1774 4573 dicti
1794 4496 2007 4603 Stephanus
2026 4511 2064 4572 et
2082 4496 2204 4602 major
2217 4494 2314 4570 male

894 4623 1186 4730 appellaverunt,
1206 4643 1243 4704 et
1257 4627 1329 4705 hoc
1344 4627 1619 4718 emendabunt,
1637 4645 1676 4704 et
1690 4628 1814 4734 quod,
1829 4628 2038 4705 secundum
2055 4626 2136 4731 ejus
2146 4654 2313 4731 pronun-

894 4755 1115 4846 ciacionem,
1137 4758 1343 4861 procedent
1363 4759 1403 4834 in
1423 4786 1532 4835 causa
1551 4758 1719 4864 predicta
1737 4757 1897 4836 ulterius
1917 4758 2015 4834 dicte
2033 4772 2169 4864 partes.

948 4886 1075 4965 hlartis
1095 4900 1179 4992 post
1197 4887 1543 4969 Annunciacionem
1564 4888 1804 4969 dominicam.

948 5018 1348 5097 Sanctis—Benedictus
1361 5022 1580 5126 reportavit.

913 5323 917 5335 ·
947 5282 1072 5357 XLIX.
1104 5283 1204 5360 Mota
1221 5281 1261 5357 in
1273 5284 1521 5361 nostrarum
1538 5283 1605 5361 lite
1622 5283 1946 5391 inappellacionis
1963 5310 2073 5360 causa
2089 5282 2188 5359 inter
2202 5278 2312 5358 balli-

891 5436 980 5488 mm
993 5412 1250 5491 senonensem
1268 5426 1307 5489 et
1324 5431 1583 5520 preceptorem
1602 5416 1740 5493 domus
1751 5413 1951 5521 Hospitalis
1969 5414 2017 5491 de
2034 5413 2247 5503 Cerasariis,
2266 5440 2313 5488 ex
