5817 7292
875 1074 948 1146 502
1463 1072 1552 1144 LES
1582 1069 1721 1143 OLIM.

647 1223 776 1275 Parnm
790 1221 833 1282 Ν,
873 1233 1068 1322 poterunt,
1085 1215 1330 1325 judicandam
1352 1212 1561 1304 remittant,
1584 1229 1723 1290 certam
1750 1229 1788 1289 et
1812 1225 2092 1318 competentem
2119 1214 2236 1306 diem,
2258 1220 2307 1296 ad

713 1314 776 1355 1310.

875 1375 957 1426 eam
977 1349 1139 1456 judicari
1159 1346 1360 1426 videndam
1381 1361 1419 1422 et
1437 1344 1683 1434 audiendam,
1706 1344 1816 1423 dictis
1835 1343 2006 1451 partibus
2029 1346 2261 1453 assignando

930 1481 1155 1560 Auditores:
1180 1481 1345 1587 Hangest
1363 1476 1498 1585 junior
1517 1493 1556 1553 et
1575 1478 1736 1584 Crepon.

931 1613 1085 1690 Veneris
1107 1628 1191 1718 post
1208 1612 1384 1718 Cyneres

928 2160 954 2235 Ι.
985 2159 1082 2238 Cum
1101 2158 1315 2264 Stephanus
1336 2155 1370 2233 le
1385 2155 1554 2234 Poitevin
1571 2171 1700 2231 contra
1713 2155 1933 2232 Gervasium
1947 2155 1994 2233 de
2005 2157 2215 2265 Tlrefauge,
2233 2161 2305 2235 Ro-

872 2292 1007 2369 binum
1033 2291 1079 2367 de
1099 2289 1284 2366 Lundone
1304 2305 1340 2365 et
1360 2287 1602 2378 Renaudum,
1624 2286 1843 2376 servientes,
1862 2315 1986 2363 coram
2006 2288 2208 2366 senescallo
2225 2290 2305 2366 Pic-

872 2423 1011 2500 tavensi
1025 2422 1282 2530 proposuisset
1302 2418 1407 2527 quod
1427 2418 1585 2525 predicti
1604 2418 1821 2508 Gervasius,
1844 2419 2015 2496 Robinus
2030 2436 2068 2496 et
2082 2422 2302 2509 Renaudus,

874 2584 961 2631 curn
975 2554 1148 2660 pluribus
1159 2553 1241 2629 aliis
1255 2551 1331 2628 suis
1345 2550 1610 2657 complicibus,
1624 2579 1711 2626 curn
1725 2551 1854 2639 armis,
1869 2551 1917 2628 de
1928 2569 2056 2641 nocte,
2070 2551 2210 2628 dictum
2226 2553 2306 2630 Ste
2336 2548 2345 2566 ’

873 2686 1057 2790 phanum,
1075 2702 1165 2762 tunc
1180 2685 1404 2760 servientem
1423 2681 1601 2758 duodene
1614 2681 1855 2772 Pictavensis,
1870 2681 2059 2760 hostiliter
2072 2683 2301 2775 invaserunt,

872 2816 1174 2906 vulneraverunt,
1189 2833 1226 2892 et
1238 2815 1360 2890 tribus
1373 2813 1501 2920 digitis
1514 2814 1553 2889 in
1568 2813 1716 2890 duabus
1728 2813 1904 2890 manibus
1912 2815 2198 2893 mutilaverunt:
2211 2819 2306 2894 Tan-

873 2941 976 3034 dem,
992 2946 1086 3023 laeta
1102 2974 1216 3052 super
1230 2944 1439 3051 premissis,
1458 2947 1596 3021 vocatis
1611 2942 1722 3021 dictis
1733 2945 1906 3051 partibus
1919 2962 1957 3022 et
1972 2946 2128 3034 auditis,
2144 2975 2213 3053 per
2228 2948 2306 3025 dic·

872 3096 955 3154 tum
971 3078 1216 3155 senescallum
1234 3077 1405 3184 inquesta
1423 3093 1461 3152 et
1478 3077 1526 3154 de
1544 3073 1693 3181 speciali
1715 3076 1894 3154 mandato
1912 3094 2040 3154 nostro
2058 3067 2304 3156 curie'nostre

872 3208 1130 3314 reportata,ad
1139 3207 1255 3285 finem
1265 3208 1412 3284 civilem
1423 3208 1749 3314 perpresidentes,
1760 3207 1995 3298 Parisius,ad
2003 3225 2192 3315 requestas
2200 3228 2302 3285 extra

873 3340 1149 3444 parlamentum
1160 3339 1368 3444 judicanda
1389 3340 1418 3442 (ι
1430 3340 1485 3443 Δ),
1507 3339 1582 3414 visa
1601 3355 1639 3414 et
1658 3338 1859 3447 diligenter
1873 3341 2093 3428 examinata,
2112 3369 2179 3446 per
2195 3343 2302 3417 curie

844 3567 847 3572 A
874 3485 1000 3546 nostre
1009 3468 1214 3575 judicium,
1233 3468 1356 3546 dictus
1367 3469 1567 3546 Gervasius
1579 3470 1620 3545 in
1636 3471 1809 3548 ducentis
1822 3470 1928 3548 libris
1940 3489 1978 3548 et
1990 3471 2113 3549 dictus
2131 3472 2302 3550 Robinus

875 3604 913 3677 in
935 3618 1084 3677 centurn
1111 3599 1218 3676 libris
1244 3629 1444 3705 parvorum
1466 3602 1767 3691 Turonensiurn,
1789 3602 1899 3679 nobis
1921 3601 2127 3679 reddendis
2151 3603 2304 3680 racione

875 3733 1052 3823 amende,
1080 3730 1234 3807 suerunt
1259 3731 1536 3808 sentencialiter
1561 3733 1845 3840 condempnati,
1876 3735 1923 3810 de
1950 3761 2022 3840 qua
2049 3733 2305 3838 condempna-

872 3867 979 3941 cione
993 3863 1094 3939 dicto
1108 3862 1302 3939 vulnerato
1317 3881 1470 3952 centurn
1486 3864 1579 3942 libre
1593 3867 1835 3944 Turonenses
1847 3863 2152 3971 applicabuntur,
2167 3881 2220 3956 et,
2236 3895 2305 3970 per

872 3999 973 4074 idern
989 3995 1194 4103 judicium,
1214 3995 1286 4072 fuit
1306 3996 1448 4072 dictum
1470 3998 1574 4102 qnod
1593 3997 1716 4075 dictus
1737 3998 1957 4084 Renaudus,
1975 3998 2040 4103 qui
2063 3997 2201 4074 dicitur
2222 4027 2302 4075 esse

871 4128 1061 4232 fugitivus,
1088 4128 1313 4234 requiretur,
1340 4145 1377 4204 et
1397 4129 1607 4205 adducetur
1626 4129 1788 4206 Parisius
1810 4131 1848 4204 in
1866 4127 2086 4220 Castellet0,
2108 4158 2178 4234 pro
2200 4129 2300 4205 dicto

872 4287 1023 4336 excessu
1043 4258 1199 4338 civiliter
1220 4261 1450 4366 puniendus.
1681 4339 1686 4346 ,

926 4393 997 4468 lste
1015 4409 1167 4468 vocatur
1185 4392 1374 4469 lohannes
1392 4390 1427 4467 le
1449 4391 1584 4484 Grant,
1607 4409 1651 4468 ut
1670 4393 1818 4469 dicitur.

926 4525 1027 4630 Roya
1044 4523 1255 4629 reportavit.

925 4652 1030 4730 lstud
1043 4653 1255 4761 judicatum
1277 4654 1416 4732 lactum
1434 4655 1522 4743 luit,
1544 4656 1644 4732 inter
1665 4657 1741 4733 duo
1762 4657 2006 4761 parlamenta,
2024 4657 2199 4735 Mercurii
2214 4671 2300 4760 post

869 4784 1103 4861 Nativitatem
1122 4784 1231 4861 beate
1253 4786 1385 4874 Marie,
1406 4815 1503 4863 anno
1523 4789 1788 4866 trecentesimo
1808 4788 1969 4866 decimo.

924 5048 967 5123 ll.
1000 5047 1097 5125 Cum
1118 5049 1310 5127 Taxardus
1336 5049 1384 5126 de
1409 5051 1545 5140 Pihen‚
1570 5052 1735 5141 scutifer,
1761 5054 1800 5129 in
1826 5053 2011 5159 requestis
2035 5078 2161 5129 coram
2184 5047 2301 5156 presi·

868 5177 1046 5257 dentibus
1066 5181 1226 5258 Parisius
1246 5182 1457 5288 requireret
1471 5184 1577 5288 quod
1592 5185 1758 5265 Herveus
1773 5183 2024 5274 Talemelarii,
2046 5183 2220 5270 clericus,
2237 5207 2300 5285 pe-

868 5312 1034 5404 cuniam,
1051 5341 1165 5418 quam
1182 5313 1227 5390 ab
1243 5313 1323 5418 ipso
1339 5330 1546 5418 receperat,
1565 5343 1633 5420 pro
1649 5316 1886 5422 impetrando
1901 5315 1973 5393 sibi
1987 5316 2162 5392 litterasa
2176 5310 2297 5396 curia,

867 5441 965 5519 ultra
979 5472 1165 5521 summam
1186 5473 1299 5551 qnam
1318 5472 1387 5550 pro
1410 5445 1520 5520 dictis
1538 5445 1674 5523 litteris
1689 5447 1863 5535 solverat,
1881 5447 2060 5525 redderet
2077 5445 2219 5530 eidem,
2237 5441 2300 5518 de·
