5817 7292
1045 1170 1314 1278 suousrss
1339 1187 1404 1263 ΕΤ
1429 1170 1638 1291 mooss.
1982 1187 2052 1259 167

630 1328 695 1419 sis,
718 1328 846 1406 minus
865 1327 1096 1407 sufficienter
1115 1357 1194 1408 esse
1212 1328 1362 1421 saetam,
1384 1329 1602 1408 ordinatum
1622 1327 1695 1405 fuit
1714 1355 1784 1435 per
1802 1328 1975 1407 eamdem
1991 1355 2057 1405 ou·
2093 1338 2225 1395 samm
2236 1340 2280 1404 tv,

630 1460 724 1537 riam
744 1477 910 1539 nostram
930 1462 1034 1567 quod
1051 1490 1165 1568 super
1182 1461 1350 1539 aniculis
1369 1490 1391 1538 a
1408 1460 1519 1539 dictis
1539 1458 1710 1566 partibus
1729 1486 1845 1566 super
1863 1459 2057 1567 premissis
2156 1433 2219 1475 rao.

630 1589 679 1666 de
699 1618 797 1669 novo
819 1590 1027 1681 tradendis,
1047 1618 1172 1669 coram
1188 1591 1425 1669 auditoribus
1441 1591 1643 1699 superbos
1659 1589 1903 1697 deputandis,
1920 1592 2055 1669 iterato

630 1718 698 1798 fiet
720 1721 909 1829 inquesta,
929 1738 969 1798 et
988 1750 1036 1799 aa
1049 1720 1214 1829 perfecta
1234 1722 1282 1799 ad
1301 1740 1467 1800 nostram
1487 1720 1631 1798 eddam
1650 1723 1867 1799 remittetur
1887 1721 1938 1798 ad
1952 1720 2058 1830 judi·

630 1851 810 1942 eandum,
836 1880 913 1929 una
937 1882 1024 1929 oum
1050 1853 1355 1932 attestationibus
1377 1852 1533 1931 testium
1555 1852 1596 1929 in
1618 1850 1718 1930 diota
1740 1852 1857 1958 priori
1882 1852 2057 1961 inquesta

630 1998 941 2059 examrnatorumr
1040 2014 1043 2022 ’

684 2112 794 2190 Luue
811 2128 897 2218 post
915 2111 1193 2191 Assensionem.
1288 2146 1292 2154 “

685 2241 859 2321 Bocellus
876 2244 1090 2350 reportavit.

683 2506 777 2583 XXI.
807 2506 906 2585 Cum
937 2522 1039 2583 mota
1063 2504 1195 2585 fuisset
1224 2506 1263 2583 in
1289 2508 1392 2584 ouria
1417 2525 1546 2585 nostra
1571 2508 1824 2586 controversia
1846 2509 1946 2585 iuter
1969 2508 2058 2587 reli-

627 2636 751 2743 giosos
769 2636 868 2713 viros
880 2634 1055 2714 abbatem
1069 2654 1108 2714 et
1123 2653 1350 2715 conventum
1363 2636 1581 2715 monasterii
1597 2636 1992 2727 Vallis-BeateMarie,
2008 2637 2055 2715 de

628 2767 779 2874 speciali
794 2768 909 2875 garda
922 2784 1058 2855 nostru,
1076 2786 1120 2844 ut
1136 2767 1286 2862 dicitur,
1299 2769 1509 2857 existentis,
1528 2797 1572 2846 er
1586 2797 1663 2845 una
1680 2785 1801 2875 parte,
1818 2786 1858 2846 et
1876 2770 2055 2847 dilectum

628 2915 667 2976 et
690 2898 845 2975 fidelem
875 2914 1047 2976 nostrum
1072 2897 1271 2977 dominum
1297 2898 1700 2997 Montis-Morenciaci,
1725 2926 1769 2975 ex
1790 2898 1923 2991 altera,
1942 2927 2058 3006 super

626 3028 741 3134 prisia
761 3058 875 3135 quam
897 3028 945 3107 de
965 3028 1131 3136 quodam
1150 3057 1267 3137 appro
1289 3030 1427 3138 injuste
1447 3048 1487 3109 et
1502 3031 1551 3109 de
1569 3059 1687 3122 novo,
1707 3047 1752 3108 ut
1774 3030 1865 3107 dicti
1889 3028 2055 3139 religiosi

628 3159 819 3253 dicebant,
845 3160 939 3238 infra
958 3160 1170 3239 clausuram
1198 3158 1299 3240 dicti'
1312 3162 1531 3239 monasterii
1561 3161 1727 3240 fecerant
1747 3178 1879 3271 gentes
1908 3162 2056 3239 domini

625 3292 803 3396 predicti,
828 3292 877 3371 de
899 3317 974 3399 qua
996 3278 1127 3401 prisia,
1145 3309 1309 3400 propter·
1322 3292 1504 3371 debatum
1525 3292 1711 3399 parcium,
1732 3292 1839 3372 locus
1857 3291 1980 3369 suerat
1997 3321 2056 3371 re-

594 3507 601 3517 ,
625 3424 772 3501 saisitus
785 3440 823 3501 et
835 3423 1016 3501 debatum
1032 3424 1251 3533 hujusmodi
1267 3424 1432 3531 positum
1445 3424 1495 3501 ad
1506 3452 1663 3501 manum
1677 3441 1860 3512 nostram,
1876 3440 2055 3531 tanquam

624 3554 844 3661 superioris,
881 3556 991 3633 dictis
1022 3556 1207 3665 religiosis
1237 3555 1412 3662 pluribus
1440 3554 1656 3633 racionibus
1680 3554 1980 3661 proponentibus
2012 3582 2056 3633 ao

625 3686 841 3791 petentibus
865 3686 1003 3763 dictam
1027 3687 1180 3794 prisiam
1203 3686 1342 3765 debere
1361 3714 1557 3765 remanere
1577 3686 1617 3762 in
1642 3685 1727 3763 loco
1747 3686 1918 3792 predicto
1937 3715 2054 3792 penes

626 3815 741 3920 ipsos,
766 3834 804 3893 et
826 3816 1143 3924 impedimentum
1166 3847 1280 3925 super
1298 3818 1373 3895 hoc
1390 3846 1460 3926 per
1479 3818 1624 3896 dictum
1645 3817 1846 3894 dominum
1868 3816 1922 3894 eis
1938 3844 2054 3925 appo-

626 3945 740 4023 situm
755 3948 919 4024 amoveri
935 3947 1093 4041 debere;
1111 3948 1213 4025 dicto
1230 3947 1387 4027 domino
1407 3976 1428 4026 e
1448 3948 1637 4025 contrario
1653 3946 1826 4052 pluribus
1841 3946 2054 4024 racionibus

626 4092 860 4181 proponente
877 4076 997 4155 dictos
1015 4077 1211 4185 religiosos
1230 4106 1308 4157 non
1326 4104 1406 4155 esse
1421 4105 1535 4183 super
1554 4077 1628 4154 boo
1646 4074 1877 4167 audiendos,
1899 4076 2054 4153 dietam-

624 4234 699 4312 que
718 4205 870 4313 prisiam
895 4205 966 4285 sibi
986 4207 1126 4285 debere
1145 4208 1255 4287 reddi
1278 4225 1317 4286 et
1335 4207 1537 4285 deliberari
1558 4238 1567 4282 ε
1591 4205 1780 4295 Tandem,
1806 4205 1944 4282 auditis
1963 4205 2053 4284 hinc

625 4334 715 4411 inde
730 4336 950 4442 propositis,
966 4354 1004 4415 et
1016 4338 1093 4415 visa
1105 4338 1278 4446 inquesta
1290 4366 1403 4445 super
1419 4338 1507 4428 hoe,
1524 4335 1762 4415 demandato
1777 4355 1925 4424 nostro,
1939 4335 2051 4426 sacta,

624 4493 693 4571 per
715 4465 817 4543 curie
841 4484 969 4545 nostre
984 4467 1188 4575 judicium,
1214 4470 1337 4547 dictus
1354 4467 1534 4546 dominus
1554 4468 1600 4545 ab
1619 4468 1862 4575 impeticioue
1885 4466 2054 4573 predicta

624 4594 813 4673 dictorum
839 4597 1099 4706 religiosorum
1121 4600 1243 4678 extitit
1265 4599 1477 4689 absolutus,
1499 4616 1538 4677 et
1559 4626 1629 4707 per
1646 4598 1750 4677 idem
1765 4598 1955 4708 judicium
1976 4597 2054 4677 die·

624 4746 704 4805 tum
726 4727 797 4806 luit
816 4729 922 4837 quod
939 4730 1036 4809 dicta
1056 4730 1169 4838 prisia
1186 4731 1459 4811 deliberabitur
1473 4730 1614 4809 eidem.

681 4860 837 4940 Veneris
852 4879 938 4939 ante
956 4862 1257 4941 Pentheoostem.
1478 4866 1483 4878 '

681 4992 731 5071 Μ.
750 4992 976 5100 Pasquerius
989 4994 1202 5101 reportavit.

679 5254 788 5331 xxn.
819 5254 916 5334 Cum
937 5255 1036 5333 iuter
1053 5256 1273 5365 magistrum
1294 5255 1520 5335 Michaelem
1536 5254 1703 5346 Morelli,
1721 5256 1770 5333 de
1789 5255 1960 5336 Cadomo
1978 5254 2052 5332 cle·

624 5383 761 5475 rieum,
784 5414 827 5464 ex
852 5415 927 5463 una
949 5404 1069 5494 parte,
1097 5405 1135 5465 et
1153 5388 1318 5495 priorem
1343 5404 1382 5464 et
1405 5386 1538 5467 lratres
1566 5388 1614 5465 de
1640 5386 1967 5497 Longo-dumello,
1992 5411 2052 5461 or·

625 5512 723 5590 dinis
740 5514 1086 5598 Vallis-Scolarium
1107 5518 1390 5610 Parisiensium,
1409 5519 1629 5630 magistrum
1644 5518 1872 5606 Psrisetum,
1891 5517 1940 5593 de
1964 5514 2052 5591 Lin-
