<?xml version="1.0" encoding="UTF-8"?>
<!DOCTYPE html PUBLIC "-//W3C//DTD XHTML 1.0 Transitional//EN"
    "http://www.w3.org/TR/xhtml1/DTD/xhtml1-transitional.dtd">
<html xmlns="http://www.w3.org/1999/xhtml" xml:lang="en" lang="en">
 <head>
  <title>
</title>
<meta http-equiv="Content-Type" content="text/html;charset=utf-8" />
  <meta name='ocr-system' content='tesseract 3.04.00' />
  <meta name='ocr-capabilities' content='ocr_page ocr_carea ocr_par ocr_line ocrx_word'/>
</head>
<body>
  <div class='ocr_page' id='page_1' title='image "./lesolimouregist00pargoog_0584.png"; bbox 0 0 5817 7292; ppageno 0'>
   <div class='ocr_carea' id='block_1_1' title="bbox 869 1091 1710 1170">
    <p class='ocr_par' dir='ltr' id='par_1_1' title="bbox 869 1091 1710 1170">
     <span class='ocr_line' id='line_1_1' title="bbox 869 1091 1710 1170; baseline -0.006 0"><span class='ocrx_word' id='word_1_1' title='bbox 869 1097 942 1170; x_wconf 86' lang='lat' dir='ltr'><strong>lt80</strong></span> <span class='ocrx_word' id='word_1_2' title='bbox 1449 1095 1540 1169; x_wconf 86' lang='lat' dir='ltr'><strong>LES</strong></span> <span class='ocrx_word' id='word_1_3' title='bbox 1569 1091 1710 1167; x_wconf 87' lang='lat' dir='ltr'>OLIM.</span> 
     </span>
    </p>
   </div>
   <div class='ocr_carea' id='block_1_2' title="bbox 639 1233 2292 1348">
    <p class='ocr_par' dir='ltr' id='par_1_2' title="bbox 639 1233 2292 1348">
     <span class='ocr_line' id='line_1_2' title="bbox 639 1233 2292 1348; baseline 0.004 -36"><span class='ocrx_word' id='word_1_4' title='bbox 639 1261 768 1312; x_wconf 66' lang='lat' dir='ltr'><strong>earnm</strong></span> <span class='ocrx_word' id='word_1_5' title='bbox 782 1256 825 1318; x_wconf 84' lang='lat' dir='ltr'><strong>tv.</strong></span> <span class='ocrx_word' id='word_1_6' title='bbox 866 1241 938 1316; x_wconf 89' lang='lat' dir='ltr'><strong>hoc</strong></span> <span class='ocrx_word' id='word_1_7' title='bbox 959 1237 1029 1315; x_wconf 90' lang='lat' dir='ltr'><strong>sibi</strong></span> <span class='ocrx_word' id='word_1_8' title='bbox 1051 1237 1260 1344; x_wconf 76' lang='lat' dir='ltr'><strong>specialiter</strong></span> <span class='ocrx_word' id='word_1_9' title='bbox 1282 1235 1521 1340; x_wconf 90' lang='lat' dir='ltr'><strong>deputatum,</strong></span> <span class='ocrx_word' id='word_1_10' title='bbox 1537 1233 1773 1343; x_wconf 83' lang='lat' dir='ltr'><strong>baculusque</strong></span> <span class='ocrx_word' id='word_1_11' title='bbox 1793 1251 1932 1322; x_wconf 87' lang='lat' dir='ltr'><strong>noster,</strong></span> <span class='ocrx_word' id='word_1_12' title='bbox 1947 1235 1989 1312; x_wconf 89' lang='lat' dir='ltr'><strong>in</strong></span> <span class='ocrx_word' id='word_1_13' title='bbox 2004 1237 2157 1346; x_wconf 17' lang='lat' dir='ltr'><strong>‘signum</strong></span> <span class='ocrx_word' id='word_1_14' title='bbox 2176 1241 2292 1348; x_wconf 82' lang='lat' dir='ltr'><strong>garde</strong></span> 
     </span>
    </p>
   </div>
   <div class='ocr_carea' id='block_1_3' title="bbox 701 1348 763 1394">
    <p class='ocr_par' dir='ltr' id='par_1_3' title="bbox 701 1348 763 1394">
     <span class='ocr_line' id='line_1_3' title="bbox 701 1348 763 1394; baseline -0.081 0"><span class='ocrx_word' id='word_1_15' title='bbox 701 1348 763 1394; x_wconf 71' lang='lat'>1³⁰⁹.</span> 
     </span>
    </p>
   </div>
   <div class='ocr_carea' id='block_1_4' title="bbox 866 1365 2383 4621">
    <p class='ocr_par' dir='ltr' id='par_1_4' title="bbox 866 1365 2383 4621">
     <span class='ocr_line' id='line_1_4' title="bbox 866 1365 2294 1476; baseline 0.001 -29"><span class='ocrx_word' id='word_1_16' title='bbox 866 1370 1052 1476; x_wconf 88' lang='lat' dir='ltr'><strong>predicte,</strong></span> <span class='ocrx_word' id='word_1_17' title='bbox 1075 1386 1173 1446; x_wconf 86' lang='lat' dir='ltr'><strong>esset</strong></span> <span class='ocrx_word' id='word_1_18' title='bbox 1191 1365 1314 1475; x_wconf 87' lang='lat' dir='ltr'><strong>palam</strong></span> <span class='ocrx_word' id='word_1_19' title='bbox 1336 1383 1373 1444; x_wconf 89' lang='lat' dir='ltr'><strong>et</strong></span> <span class='ocrx_word' id='word_1_20' title='bbox 1392 1367 1544 1472; x_wconf 90' lang='lat' dir='ltr'><strong>publice</strong></span> <span class='ocrx_word' id='word_1_21' title='bbox 1562 1393 1676 1472; x_wconf 88' lang='lat' dir='ltr'><strong>super</strong></span> <span class='ocrx_word' id='word_1_22' title='bbox 1693 1381 1841 1472; x_wconf 88' lang='lat' dir='ltr'><strong>portam</strong></span> <span class='ocrx_word' id='word_1_23' title='bbox 1866 1366 2023 1443; x_wconf 77' lang='lat' dir='ltr'>ecclesie</span> <span class='ocrx_word' id='word_1_24' title='bbox 2043 1367 2135 1446; x_wconf 82' lang='lat' dir='ltr'><strong>dieti</strong></span> <span class='ocrx_word' id='word_1_25' title='bbox 2153 1370 2294 1476; x_wconf 81' lang='lat' dir='ltr'><strong>priora·</strong></span> 
     </span>
     <span class='ocr_line' id='line_1_5' title="bbox 866 1495 2295 1608; baseline 0.001 -32"><span class='ocrx_word' id='word_1_26' title='bbox 866 1518 928 1577; x_wconf 89' lang='lat' dir='ltr'><strong>tus</strong></span> <span class='ocrx_word' id='word_1_27' title='bbox 947 1499 1109 1607; x_wconf 89' lang='lat' dir='ltr'><strong>positus,</strong></span> <span class='ocrx_word' id='word_1_28' title='bbox 1133 1496 1422 1584; x_wconf 79' lang='lat' dir='ltr'><strong>nichilominus,</strong></span> <span class='ocrx_word' id='word_1_29' title='bbox 1444 1513 1567 1605; x_wconf 87' lang='lat' dir='ltr'><strong>spreta</strong></span> <span class='ocrx_word' id='word_1_30' title='bbox 1585 1524 1702 1573; x_wconf 87' lang='lat' dir='ltr'><strong>manu</strong></span> <span class='ocrx_word' id='word_1_31' title='bbox 1719 1513 1758 1573; x_wconf 87' lang='lat' dir='ltr'><strong>et</strong></span> <span class='ocrx_word' id='word_1_32' title='bbox 1776 1495 1890 1604; x_wconf 79' lang='lat' dir='ltr'><strong>garda</strong></span> <span class='ocrx_word' id='word_1_33' title='bbox 1909 1497 2107 1602; x_wconf 83' lang='lat' dir='ltr'><strong>predictis,</strong></span> <span class='ocrx_word' id='word_1_34' title='bbox 2129 1501 2239 1608; x_wconf 83' lang='lat' dir='ltr'><strong>Ilugo</strong></span> <span class='ocrx_word' id='word_1_35' title='bbox 2257 1519 2295 1578; x_wconf 88' lang='lat' dir='ltr'><strong>et</strong></span> 
     </span>
     <span class='ocr_line' id='line_1_6' title="bbox 867 1626 2296 1735; baseline 0.001 -27"><span class='ocrx_word' id='word_1_36' title='bbox 867 1631 1096 1708; x_wconf 88' lang='lat' dir='ltr'><strong>Bertrandus</strong></span> <span class='ocrx_word' id='word_1_37' title='bbox 1117 1629 1163 1706; x_wconf 91' lang='lat' dir='ltr'><strong>de</strong></span> <span class='ocrx_word' id='word_1_38' title='bbox 1179 1627 1416 1735; x_wconf 79' lang='lat' dir='ltr'><strong>balaguerio,</strong></span> <span class='ocrx_word' id='word_1_39' title='bbox 1437 1627 1586 1714; x_wconf 86' lang='lat' dir='ltr'><strong>Iratres,</strong></span> <span class='ocrx_word' id='word_1_40' title='bbox 1605 1626 1748 1705; x_wconf 87' lang='lat' dir='ltr'><strong>dictum</strong></span> <span class='ocrx_word' id='word_1_41' title='bbox 1769 1627 1978 1734; x_wconf 87' lang='lat' dir='ltr'><strong>prioratum</strong></span> <span class='ocrx_word' id='word_1_42' title='bbox 1993 1628 2243 1719; x_wconf 74' lang='lat' dir='ltr'><strong>intraverunt,</strong></span> <span class='ocrx_word' id='word_1_43' title='bbox 2257 1649 2296 1710; x_wconf 89' lang='lat' dir='ltr'><strong>et</strong></span> 
     </span>
     <span class='ocr_line' id='line_1_7' title="bbox 868 1756 2295 1868; baseline 0.001 -30"><span class='ocrx_word' id='word_1_44' title='bbox 868 1778 994 1867; x_wconf 86' lang='lat' dir='ltr'><strong>portas</strong></span> <span class='ocrx_word' id='word_1_45' title='bbox 1011 1761 1092 1868; x_wconf 90' lang='lat' dir='ltr'><strong>ejus</strong></span> <span class='ocrx_word' id='word_1_46' title='bbox 1107 1759 1341 1846; x_wconf 74' lang='lat' dir='ltr'><strong>claudentes,</strong></span> <span class='ocrx_word' id='word_1_47' title='bbox 1359 1756 1501 1836; x_wconf 89' lang='lat' dir='ltr'><strong>dictum</strong></span> <span class='ocrx_word' id='word_1_48' title='bbox 1518 1758 1681 1864; x_wconf 84' lang='lat' dir='ltr'><strong>priorem</strong></span> <span class='ocrx_word' id='word_1_49' title='bbox 1701 1757 1747 1834; x_wconf 85' lang='lat' dir='ltr'><strong>ad</strong></span> <span class='ocrx_word' id='word_1_50' title='bbox 1764 1758 1909 1836; x_wconf 90' lang='lat' dir='ltr'><strong>dictum</strong></span> <span class='ocrx_word' id='word_1_51' title='bbox 1925 1759 2133 1866; x_wconf 87' lang='lat' dir='ltr'><strong>prioratum</strong></span> <span class='ocrx_word' id='word_1_52' title='bbox 2148 1763 2295 1840; x_wconf 87' lang='lat' dir='ltr'><strong>venien·</strong></span> 
     </span>
     <span class='ocr_line' id='line_1_8' title="bbox 869 1888 2297 1996; baseline 0.004 -29"><span class='ocrx_word' id='word_1_53' title='bbox 869 1911 946 1968; x_wconf 88' lang='lat' dir='ltr'><strong>tem</strong></span> <span class='ocrx_word' id='word_1_54' title='bbox 961 1910 999 1970; x_wconf 89' lang='lat' dir='ltr'><strong>et</strong></span> <span class='ocrx_word' id='word_1_55' title='bbox 1011 1891 1150 1968; x_wconf 88' lang='lat' dir='ltr'><strong>intrare</strong></span> <span class='ocrx_word' id='word_1_56' title='bbox 1160 1889 1348 1969; x_wconf 86' lang='lat' dir='ltr'><strong>volentem</strong></span> <span class='ocrx_word' id='word_1_57' title='bbox 1359 1947 1367 1975; x_wconf 92' lang='lat'><strong>,</strong></span> <span class='ocrx_word' id='word_1_58' title='bbox 1378 1888 1563 1966; x_wconf 88' lang='lat' dir='ltr'><strong>violenter</strong></span> <span class='ocrx_word' id='word_1_59' title='bbox 1576 1905 1614 1964; x_wconf 91' lang='lat' dir='ltr'><strong>et</strong></span> <span class='ocrx_word' id='word_1_60' title='bbox 1625 1918 1713 1966; x_wconf 87' lang='lat' dir='ltr'><strong>cunr</strong></span> <span class='ocrx_word' id='word_1_61' title='bbox 1726 1891 1855 1980; x_wconf 84' lang='lat' dir='ltr'><strong>armis,</strong></span> <span class='ocrx_word' id='word_1_62' title='bbox 1867 1891 2148 1996; x_wconf 87' lang='lat' dir='ltr'><strong>prohibuerunt</strong></span> <span class='ocrx_word' id='word_1_63' title='bbox 2161 1921 2211 1970; x_wconf 89' lang='lat' dir='ltr'><strong>ne</strong></span> <span class='ocrx_word' id='word_1_64' title='bbox 2224 1894 2297 1972; x_wconf 81' lang='lat' dir='ltr'><strong>dio</strong></span> 
     </span>
     <span class='ocr_line' id='line_1_9' title="bbox 869 2019 2296 2146; baseline 0.004 -48"><span class='ocrx_word' id='word_1_65' title='bbox 869 2041 952 2098; x_wconf 90' lang='lat' dir='ltr'><strong>tum</strong></span> <span class='ocrx_word' id='word_1_66' title='bbox 972 2021 1178 2127; x_wconf 88' lang='lat' dir='ltr'><strong>prioratum</strong></span> <span class='ocrx_word' id='word_1_67' title='bbox 1199 2021 1370 2110; x_wconf 75' lang='lat' dir='ltr'><strong>intraret,</strong></span> <span class='ocrx_word' id='word_1_68' title='bbox 1394 2021 1517 2126; x_wconf 85' lang='lat' dir='ltr'><strong>ipsum</strong></span> <span class='ocrx_word' id='word_1_69' title='bbox 1537 2019 1705 2126; x_wconf 87' lang='lat' dir='ltr'><strong>priorem</strong></span> <span class='ocrx_word' id='word_1_70' title='bbox 1716 2021 1849 2146; x_wconf 48' lang='lat' dir='ltr'><strong>galiter</strong></span> <span class='ocrx_word' id='word_1_71' title='bbox 1867 2022 2102 2129; x_wconf 74' lang='lat' dir='ltr'><strong>possessione</strong></span> <span class='ocrx_word' id='word_1_72' title='bbox 2121 2053 2190 2102; x_wconf 86' lang='lat' dir='ltr'><strong>sua</strong></span> <span class='ocrx_word' id='word_1_73' title='bbox 2210 2053 2296 2131; x_wconf 86' lang='lat' dir='ltr'><strong>spo·</strong></span> 
     </span>
     <span class='ocr_line' id='line_1_10' title="bbox 870 2111 2294 2260; baseline 0.004 -34"><span class='ocrx_word' id='word_1_74' title='bbox 870 2151 1015 2240; x_wconf 69' lang='lat' dir='ltr'><strong>tiendo,</strong></span> <span class='ocrx_word' id='word_1_75' title='bbox 1039 2181 1155 2258; x_wconf 83' lang='lat' dir='ltr'><strong>quare</strong></span> <span class='ocrx_word' id='word_1_76' title='bbox 1180 2150 1332 2258; x_wconf 91' lang='lat' dir='ltr'><strong>petebat</strong></span> <span class='ocrx_word' id='word_1_77' title='bbox 1357 2151 1479 2228; x_wconf 88' lang='lat' dir='ltr'><strong>dictus</strong></span> <span class='ocrx_word' id='word_1_78' title='bbox 1505 2111 1752 2260; x_wconf 78' lang='lat' dir='ltr'><strong>berengarius</strong></span> <span class='ocrx_word' id='word_1_79' title='bbox 1776 2153 1985 2258; x_wconf 87' lang='lat' dir='ltr'><strong>prioratum</strong></span> <span class='ocrx_word' id='word_1_80' title='bbox 2009 2153 2225 2259; x_wconf 86' lang='lat' dir='ltr'><strong>predictum</strong></span> <span class='ocrx_word' id='word_1_81' title='bbox 2245 2155 2294 2232; x_wconf 89' lang='lat' dir='ltr'><strong>de</strong></span> 
     </span>
     <span class='ocr_line' id='line_1_11' title="bbox 870 2283 2297 2390; baseline -0.001 -28"><span class='ocrx_word' id='word_1_82' title='bbox 870 2283 1089 2388; x_wconf 84' lang='lat' dir='ltr'><strong>Verogolio,</strong></span> <span class='ocrx_word' id='word_1_83' title='bbox 1102 2311 1187 2360; x_wconf 89' lang='lat' dir='ltr'><strong>cum</strong></span> <span class='ocrx_word' id='word_1_84' title='bbox 1200 2284 1278 2360; x_wconf 90' lang='lat' dir='ltr'><strong>suis</strong></span> <span class='ocrx_word' id='word_1_85' title='bbox 1288 2283 1440 2389; x_wconf 86' lang='lat' dir='ltr'><strong>juribus</strong></span> <span class='ocrx_word' id='word_1_86' title='bbox 1455 2300 1494 2359; x_wconf 86' lang='lat' dir='ltr'><strong>et</strong></span> <span class='ocrx_word' id='word_1_87' title='bbox 1508 2283 1751 2389; x_wconf 85' lang='lat' dir='ltr'><strong>pertinenciis</strong></span> <span class='ocrx_word' id='word_1_88' title='bbox 1766 2299 1904 2362; x_wconf 89' lang='lat' dir='ltr'><strong>etcum</strong></span> <span class='ocrx_word' id='word_1_89' title='bbox 1918 2284 2100 2362; x_wconf 82' lang='lat' dir='ltr'><strong>fructibus</strong></span> <span class='ocrx_word' id='word_1_90' title='bbox 2114 2284 2205 2362; x_wconf 88' lang='lat' dir='ltr'><strong>inde</strong></span> <span class='ocrx_word' id='word_1_91' title='bbox 2216 2312 2297 2390; x_wconf 73' lang='lat' dir='ltr'><strong>per</strong></span> 
     </span>
     <span class='ocr_line' id='line_1_12' title="bbox 873 2412 2294 2520; baseline 0 -28"><span class='ocrx_word' id='word_1_92' title='bbox 873 2413 1004 2519; x_wconf 80' lang='lat' dir='ltr'><strong>ceptis,</strong></span> <span class='ocrx_word' id='word_1_93' title='bbox 1018 2412 1089 2490; x_wconf 90' lang='lat' dir='ltr'><strong>sibi</strong></span> <span class='ocrx_word' id='word_1_94' title='bbox 1103 2413 1265 2501; x_wconf 88' lang='lat' dir='ltr'><strong>restitui,</strong></span> <span class='ocrx_word' id='word_1_95' title='bbox 1281 2432 1319 2490; x_wconf 90' lang='lat' dir='ltr'><strong>et</strong></span> <span class='ocrx_word' id='word_1_96' title='bbox 1333 2442 1371 2490; x_wconf 91' lang='lat' dir='ltr'><strong>se</strong></span> <span class='ocrx_word' id='word_1_97' title='bbox 1385 2413 1424 2489; x_wconf 94' lang='lat' dir='ltr'><strong>in</strong></span> <span class='ocrx_word' id='word_1_98' title='bbox 1439 2430 1578 2491; x_wconf 89' lang='lat' dir='ltr'><strong>statum</strong></span> <span class='ocrx_word' id='word_1_99' title='bbox 1590 2414 1790 2518; x_wconf 89' lang='lat' dir='ltr'><strong>pristinum</strong></span> <span class='ocrx_word' id='word_1_100' title='bbox 1806 2416 1956 2520; x_wconf 87' lang='lat' dir='ltr'><strong>reponi,</strong></span> <span class='ocrx_word' id='word_1_101' title='bbox 1968 2433 2007 2492; x_wconf 90' lang='lat' dir='ltr'><strong>et</strong></span> <span class='ocrx_word' id='word_1_102' title='bbox 2018 2414 2138 2494; x_wconf 88' lang='lat' dir='ltr'><strong>dictos</strong></span> <span class='ocrx_word' id='word_1_103' title='bbox 2146 2413 2294 2501; x_wconf 86' lang='lat' dir='ltr'><strong>fratres,</strong></span> 
     </span>
     <span class='ocr_line' id='line_1_13' title="bbox 872 2543 2383 2650; baseline 0.001 -30"><span class='ocrx_word' id='word_1_104' title='bbox 872 2573 940 2650; x_wconf 89' lang='lat' dir='ltr'><strong>pro</strong></span> <span class='ocrx_word' id='word_1_105' title='bbox 963 2544 1071 2621; x_wconf 89' lang='lat' dir='ltr'><strong>dictis</strong></span> <span class='ocrx_word' id='word_1_106' title='bbox 1090 2544 1317 2630; x_wconf 87' lang='lat' dir='ltr'><strong>excessibus,</strong></span> <span class='ocrx_word' id='word_1_107' title='bbox 1338 2543 1483 2649; x_wconf 77' lang='lat' dir='ltr'><strong>puniri3</strong></span> <span class='ocrx_word' id='word_1_108' title='bbox 1506 2543 1615 2621; x_wconf 90' lang='lat' dir='ltr'><strong>dictis</strong></span> <span class='ocrx_word' id='word_1_109' title='bbox 1634 2544 1813 2624; x_wconf 78' lang='lat' dir='ltr'><strong>fratribus</strong></span> <span class='ocrx_word' id='word_1_110' title='bbox 1832 2545 2008 2650; x_wconf 89' lang='lat' dir='ltr'><strong>pluribus</strong></span> <span class='ocrx_word' id='word_1_111' title='bbox 2026 2545 2238 2624; x_wconf 86' lang='lat' dir='ltr'><strong>racionibus</strong></span> <span class='ocrx_word' id='word_1_112' title='bbox 2256 2571 2295 2622; x_wconf 85' lang='lat' dir='ltr'><strong>se</strong></span> <span class='ocrx_word' id='word_1_113' title='bbox 2378 2645 2383 2650; x_wconf 27' lang='lat'><strong>·</strong></span> 
     </span>
     <span class='ocr_line' id='line_1_14' title="bbox 875 2672 2296 2782; baseline 0.003 -32"><span class='ocrx_word' id='word_1_114' title='bbox 875 2672 1183 2762; x_wconf 78' lang='lat' dir='ltr'><strong>defendentibus,</strong></span> <span class='ocrx_word' id='word_1_115' title='bbox 1202 2703 1246 2751; x_wconf 82' lang='lat' dir='ltr'><strong>ex</strong></span> <span class='ocrx_word' id='word_1_116' title='bbox 1265 2675 1418 2752; x_wconf 81' lang='lat' dir='ltr'><strong>adverso</strong></span> <span class='ocrx_word' id='word_1_117' title='bbox 1436 2675 1544 2752; x_wconf 86' lang='lat' dir='ltr'><strong>:Visa</strong></span> <span class='ocrx_word' id='word_1_118' title='bbox 1563 2675 1754 2780; x_wconf 87' lang='lat' dir='ltr'><strong>inquesta,</strong></span> <span class='ocrx_word' id='word_1_119' title='bbox 1771 2704 1887 2782; x_wconf 90' lang='lat' dir='ltr'><strong>super</strong></span> <span class='ocrx_word' id='word_1_120' title='bbox 1901 2677 1975 2755; x_wconf 89' lang='lat' dir='ltr'><strong>hoc</strong></span> <span class='ocrx_word' id='word_1_121' title='bbox 1993 2705 2061 2782; x_wconf 91' lang='lat' dir='ltr'><strong>per</strong></span> <span class='ocrx_word' id='word_1_122' title='bbox 2079 2676 2222 2754; x_wconf 90' lang='lat' dir='ltr'><strong>dictum</strong></span> <span class='ocrx_word' id='word_1_123' title='bbox 2241 2705 2296 2754; x_wconf 88' lang='lat' dir='ltr'><strong>se·</strong></span> 
     </span>
     <span class='ocr_line' id='line_1_15' title="bbox 873 2803 2297 2913; baseline 0.001 -33"><span class='ocrx_word' id='word_1_124' title='bbox 873 2803 1078 2882; x_wconf 87' lang='lat' dir='ltr'><strong>nescallum</strong></span> <span class='ocrx_word' id='word_1_125' title='bbox 1102 2803 1214 2894; x_wconf 86' lang='lat' dir='ltr'><strong>lacta,</strong></span> <span class='ocrx_word' id='word_1_126' title='bbox 1242 2823 1279 2880; x_wconf 87' lang='lat' dir='ltr'><strong>et</strong></span> <span class='ocrx_word' id='word_1_127' title='bbox 1306 2805 1352 2880; x_wconf 89' lang='lat' dir='ltr'><strong>de</strong></span> <span class='ocrx_word' id='word_1_128' title='bbox 1382 2804 1558 2883; x_wconf 85' lang='lat' dir='ltr'><strong>mandato</strong></span> <span class='ocrx_word' id='word_1_129' title='bbox 1585 2822 1716 2884; x_wconf 87' lang='lat' dir='ltr'><strong>nostro</strong></span> <span class='ocrx_word' id='word_1_130' title='bbox 1741 2806 1789 2881; x_wconf 88' lang='lat' dir='ltr'><strong>ad</strong></span> <span class='ocrx_word' id='word_1_131' title='bbox 1813 2806 2069 2913; x_wconf 86' lang='lat' dir='ltr'><strong>judicandum</strong></span> <span class='ocrx_word' id='word_1_132' title='bbox 2089 2806 2137 2885; x_wconf 87' lang='lat' dir='ltr'><strong>ad</strong></span> <span class='ocrx_word' id='word_1_133' title='bbox 2157 2807 2297 2884; x_wconf 91' lang='lat' dir='ltr'><strong>curiam</strong></span> 
     </span>
     <span class='ocr_line' id='line_1_16' title="bbox 874 2935 2297 3042; baseline 0.003 -32"><span class='ocrx_word' id='word_1_134' title='bbox 874 2951 1038 3012; x_wconf 88' lang='lat' dir='ltr'><strong>nostram</strong></span> <span class='ocrx_word' id='word_1_135' title='bbox 1066 2951 1270 3042; x_wconf 87' lang='lat' dir='ltr'><strong>reportata,</strong></span> <span class='ocrx_word' id='word_1_136' title='bbox 1297 2963 1365 3041; x_wconf 89' lang='lat' dir='ltr'><strong>per</strong></span> <span class='ocrx_word' id='word_1_137' title='bbox 1390 2935 1579 3040; x_wconf 86' lang='lat' dir='ltr'><strong>judicium</strong></span> <span class='ocrx_word' id='word_1_138' title='bbox 1607 2937 1711 3014; x_wconf 90' lang='lat' dir='ltr'><strong>curie</strong></span> <span class='ocrx_word' id='word_1_139' title='bbox 1735 2954 1863 3015; x_wconf 89' lang='lat' dir='ltr'><strong>nostre</strong></span> <span class='ocrx_word' id='word_1_140' title='bbox 1888 2936 2032 3015; x_wconf 91' lang='lat' dir='ltr'><strong>dictum</strong></span> <span class='ocrx_word' id='word_1_141' title='bbox 2058 2935 2131 3014; x_wconf 81' lang='lat' dir='ltr'><strong>tuit</strong></span> <span class='ocrx_word' id='word_1_142' title='bbox 2156 2938 2297 3015; x_wconf 87' lang='lat' dir='ltr'><strong>dictum</strong></span> 
     </span>
     <span class='ocr_line' id='line_1_17' title="bbox 875 3065 2300 3176; baseline 0.002 -35"><span class='ocrx_word' id='word_1_143' title='bbox 875 3066 1313 3174; x_wconf 77' lang='lat' dir='ltr'><strong>fratrem·Berengarium</strong></span> <span class='ocrx_word' id='word_1_144' title='bbox 1329 3066 1369 3142; x_wconf 91' lang='lat' dir='ltr'><strong>in</strong></span> <span class='ocrx_word' id='word_1_145' title='bbox 1387 3065 1521 3144; x_wconf 81' lang='lat' dir='ltr'><strong>saisina</strong></span> <span class='ocrx_word' id='word_1_146' title='bbox 1539 3066 1628 3149; x_wconf 87' lang='lat' dir='ltr'><strong>dicti</strong></span> <span class='ocrx_word' id='word_1_147' title='bbox 1648 3067 1837 3173; x_wconf 86' lang='lat' dir='ltr'><strong>prioratus</strong></span> <span class='ocrx_word' id='word_1_148' title='bbox 1854 3068 1901 3145; x_wconf 88' lang='lat' dir='ltr'><strong>de</strong></span> <span class='ocrx_word' id='word_1_149' title='bbox 1913 3068 2119 3176; x_wconf 63' lang='lat' dir='ltr'><strong>‘Verogolio</strong></span> <span class='ocrx_word' id='word_1_150' title='bbox 2139 3097 2220 3146; x_wconf 89' lang='lat' dir='ltr'><strong>esse</strong></span> <span class='ocrx_word' id='word_1_151' title='bbox 2241 3095 2300 3164; x_wconf 83' lang='lat' dir='ltr'><strong>re·</strong></span> 
     </span>
     <span class='ocr_line' id='line_1_18' title="bbox 873 3198 2301 3308; baseline -0.002 -32"><span class='ocrx_word' id='word_1_152' title='bbox 873 3199 1112 3303; x_wconf 89' lang='lat' dir='ltr'><strong>ponendum,</strong></span> <span class='ocrx_word' id='word_1_153' title='bbox 1128 3199 1166 3274; x_wconf 91' lang='lat' dir='ltr'><strong>in</strong></span> <span class='ocrx_word' id='word_1_154' title='bbox 1188 3198 1324 3276; x_wconf 90' lang='lat' dir='ltr'><strong>eodem</strong></span> <span class='ocrx_word' id='word_1_155' title='bbox 1343 3215 1441 3278; x_wconf 88' lang='lat' dir='ltr'><strong>statu</strong></span> <span class='ocrx_word' id='word_1_156' title='bbox 1463 3198 1501 3274; x_wconf 92' lang='lat' dir='ltr'><strong>in</strong></span> <span class='ocrx_word' id='word_1_157' title='bbox 1522 3228 1600 3305; x_wconf 89' lang='lat' dir='ltr'><strong>quo</strong></span> <span class='ocrx_word' id='word_1_158' title='bbox 1623 3199 1702 3305; x_wconf 85' lang='lat' dir='ltr'><strong>ipse</strong></span> <span class='ocrx_word' id='word_1_159' title='bbox 1721 3217 1815 3289; x_wconf 87' lang='lat' dir='ltr'><strong>erat,</strong></span> <span class='ocrx_word' id='word_1_160' title='bbox 1831 3218 2002 3308; x_wconf 87' lang='lat' dir='ltr'><strong>ternpore</strong></span> <span class='ocrx_word' id='word_1_161' title='bbox 2019 3199 2201 3277; x_wconf 88' lang='lat' dir='ltr'><strong>violencie</strong></span> <span class='ocrx_word' id='word_1_162' title='bbox 2220 3223 2301 3303; x_wconf 90' lang='lat' dir='ltr'><strong>pre·</strong></span> 
     </span>
     <span class='ocr_line' id='line_1_19' title="bbox 877 3328 2300 3436; baseline -0.001 -30"><span class='ocrx_word' id='word_1_163' title='bbox 877 3330 994 3417; x_wconf 90' lang='lat' dir='ltr'><strong>dicte,</strong></span> <span class='ocrx_word' id='word_1_164' title='bbox 1025 3328 1120 3406; x_wconf 86' lang='lat' dir='ltr'><strong>salva</strong></span> <span class='ocrx_word' id='word_1_165' title='bbox 1151 3330 1370 3408; x_wconf 86' lang='lat' dir='ltr'><strong>auctoritate</strong></span> <span class='ocrx_word' id='word_1_166' title='bbox 1402 3346 1439 3406; x_wconf 89' lang='lat' dir='ltr'><strong>et</strong></span> <span class='ocrx_word' id='word_1_167' title='bbox 1465 3329 1716 3436; x_wconf 89' lang='lat' dir='ltr'><strong>disposicione</strong></span> <span class='ocrx_word' id='word_1_168' title='bbox 1743 3331 1889 3409; x_wconf 88' lang='lat' dir='ltr'><strong>abbatis</strong></span> <span class='ocrx_word' id='word_1_169' title='bbox 1914 3328 2233 3406; x_wconf 85' lang='lat' dir='ltr'><strong>Brantbolmensis</strong></span> <span class='ocrx_word' id='word_1_170' title='bbox 2260 3328 2300 3404; x_wconf 88' lang='lat' dir='ltr'><strong>in</strong></span> 
     </span>
     <span class='ocr_line' id='line_1_20' title="bbox 878 3457 2300 3568; baseline 0.001 -35"><span class='ocrx_word' id='word_1_171' title='bbox 878 3457 1073 3547; x_wconf 87' lang='lat' dir='ltr'><strong>omnibus,</strong></span> <span class='ocrx_word' id='word_1_172' title='bbox 1095 3477 1278 3566; x_wconf 85' lang='lat' dir='ltr'><strong>quantum</strong></span> <span class='ocrx_word' id='word_1_173' title='bbox 1299 3461 1344 3537; x_wconf 91' lang='lat' dir='ltr'><strong>ad</strong></span> <span class='ocrx_word' id='word_1_174' title='bbox 1365 3460 1573 3566; x_wconf 87' lang='lat' dir='ltr'><strong>prioratum</strong></span> <span class='ocrx_word' id='word_1_175' title='bbox 1597 3461 1824 3568; x_wconf 86' lang='lat' dir='ltr'><strong>predictum,</strong></span> <span class='ocrx_word' id='word_1_176' title='bbox 1849 3478 1888 3536; x_wconf 87' lang='lat' dir='ltr'><strong>et</strong></span> <span class='ocrx_word' id='word_1_177' title='bbox 1913 3459 2154 3557; x_wconf 85' lang='lat' dir='ltr'><strong>mandabitur</strong></span> <span class='ocrx_word' id='word_1_178' title='bbox 2171 3486 2300 3536; x_wconf 76' lang='lat' dir='ltr'><strong>senes-</strong></span> 
     </span>
     <span class='ocr_line' id='line_1_21' title="bbox 879 3588 2302 3698; baseline 0.001 -34"><span class='ocrx_word' id='word_1_179' title='bbox 879 3588 973 3666; x_wconf 90' lang='lat' dir='ltr'><strong>callo</strong></span> <span class='ocrx_word' id='word_1_180' title='bbox 995 3591 1163 3694; x_wconf 90' lang='lat' dir='ltr'><strong>predicto</strong></span> <span class='ocrx_word' id='word_1_181' title='bbox 1184 3592 1288 3698; x_wconf 90' lang='lat' dir='ltr'><strong>quod</strong></span> <span class='ocrx_word' id='word_1_182' title='bbox 1308 3592 1356 3670; x_wconf 87' lang='lat' dir='ltr'><strong>de</strong></span> <span class='ocrx_word' id='word_1_183' title='bbox 1377 3591 1565 3670; x_wconf 82' lang='lat' dir='ltr'><strong>fructibus</strong></span> <span class='ocrx_word' id='word_1_184' title='bbox 1583 3594 1717 3671; x_wconf 82' lang='lat' dir='ltr'><strong>exinde</strong></span> <span class='ocrx_word' id='word_1_185' title='bbox 1732 3591 1917 3697; x_wconf 78' lang='lat' dir='ltr'><strong>perceptis</strong></span> <span class='ocrx_word' id='word_1_186' title='bbox 1935 3607 1975 3669; x_wconf 90' lang='lat' dir='ltr'><strong>ct</strong></span> <span class='ocrx_word' id='word_1_187' title='bbox 1993 3591 2059 3698; x_wconf 88' lang='lat' dir='ltr'><strong>qui</strong></span> <span class='ocrx_word' id='word_1_188' title='bbox 2079 3589 2218 3697; x_wconf 87' lang='lat' dir='ltr'><strong>percipi</strong></span> <span class='ocrx_word' id='word_1_189' title='bbox 2238 3616 2302 3695; x_wconf 84' lang='lat' dir='ltr'><strong>po</strong></span> 
     </span>
     <span class='ocr_line' id='line_1_22' title="bbox 878 3720 2304 3830; baseline 0.001 -36"><span class='ocrx_word' id='word_1_190' title='bbox 878 3737 1051 3808; x_wconf 80' lang='lat' dir='ltr'><strong>tuarum,</strong></span> <span class='ocrx_word' id='word_1_191' title='bbox 1068 3722 1206 3801; x_wconf 86' lang='lat' dir='ltr'><strong>vocatis</strong></span> <span class='ocrx_word' id='word_1_192' title='bbox 1226 3751 1391 3830; x_wconf 91' lang='lat' dir='ltr'><strong>quorum</strong></span> <span class='ocrx_word' id='word_1_193' title='bbox 1411 3723 1598 3811; x_wconf 86' lang='lat' dir='ltr'><strong>intererit,</strong></span> <span class='ocrx_word' id='word_1_194' title='bbox 1616 3722 1741 3811; x_wconf 83' lang='lat' dir='ltr'><strong>faciat,</strong></span> <span class='ocrx_word' id='word_1_195' title='bbox 1763 3739 1878 3830; x_wconf 88' lang='lat' dir='ltr'><strong>prout</strong></span> <span class='ocrx_word' id='word_1_196' title='bbox 1897 3721 1945 3799; x_wconf 89' lang='lat' dir='ltr'><strong>ad</strong></span> <span class='ocrx_word' id='word_1_197' title='bbox 1967 3721 2205 3828; x_wconf 67' lang='lat' dir='ltr'><strong>sepontium,</strong></span> <span class='ocrx_word' id='word_1_198' title='bbox 2223 3720 2304 3827; x_wconf 84' lang='lat' dir='ltr'><strong>jus·</strong></span> 
     </span>
     <span class='ocr_line' id='line_1_23' title="bbox 878 3851 2304 3963; baseline 0.001 -37"><span class='ocrx_word' id='word_1_199' title='bbox 878 3851 964 3928; x_wconf 91' lang='lat' dir='ltr'><strong>ticie</strong></span> <span class='ocrx_word' id='word_1_200' title='bbox 986 3853 1327 3959; x_wconf 65' lang='lat' dir='ltr'><strong>complementum</strong></span> <span class='ocrx_word' id='word_1_201' title='bbox 1344 3872 1382 3931; x_wconf 89' lang='lat' dir='ltr'><strong>et</strong></span> <span class='ocrx_word' id='word_1_202' title='bbox 1396 3883 1466 3961; x_wconf 92' lang='lat' dir='ltr'><strong>pro</strong></span> <span class='ocrx_word' id='word_1_203' title='bbox 1486 3883 1533 3932; x_wconf 90' lang='lat' dir='ltr'><strong>eo</strong></span> <span class='ocrx_word' id='word_1_204' title='bbox 1548 3855 1653 3961; x_wconf 90' lang='lat' dir='ltr'><strong>quod</strong></span> <span class='ocrx_word' id='word_1_205' title='bbox 1669 3854 1758 3932; x_wconf 90' lang='lat' dir='ltr'><strong>dicti</strong></span> <span class='ocrx_word' id='word_1_206' title='bbox 1776 3853 1910 3932; x_wconf 68' lang='lat' dir='ltr'><strong>frenes</strong></span> <span class='ocrx_word' id='word_1_207' title='bbox 1928 3854 2081 3963; x_wconf 82' lang='lat' dir='ltr'><strong>gardam</strong></span> <span class='ocrx_word' id='word_1_208' title='bbox 2095 3869 2135 3929; x_wconf 91' lang='lat' dir='ltr'><strong>et</strong></span> <span class='ocrx_word' id='word_1_209' title='bbox 2148 3879 2304 3928; x_wconf 88' lang='lat' dir='ltr'><strong>manum</strong></span> 
     </span>
     <span class='ocr_line' id='line_1_24' title="bbox 879 3982 2305 4092; baseline 0.002 -34"><span class='ocrx_word' id='word_1_210' title='bbox 879 3998 1045 4060; x_wconf 89' lang='lat' dir='ltr'><strong>nostram</strong></span> <span class='ocrx_word' id='word_1_211' title='bbox 1075 3983 1283 4092; x_wconf 80' lang='lat' dir='ltr'><strong>fregerunt,</strong></span> <span class='ocrx_word' id='word_1_212' title='bbox 1306 4015 1374 4092; x_wconf 90' lang='lat' dir='ltr'><strong>per</strong></span> <span class='ocrx_word' id='word_1_213' title='bbox 1398 3987 1501 4064; x_wconf 88' lang='lat' dir='ltr'><strong>idem</strong></span> <span class='ocrx_word' id='word_1_214' title='bbox 1524 3985 1713 4092; x_wconf 90' lang='lat' dir='ltr'><strong>judicium</strong></span> <span class='ocrx_word' id='word_1_215' title='bbox 1738 3985 1883 4062; x_wconf 89' lang='lat' dir='ltr'><strong>dictum</strong></span> <span class='ocrx_word' id='word_1_216' title='bbox 1905 3984 1977 4062; x_wconf 88' lang='lat' dir='ltr'><strong>fuit</strong></span> <span class='ocrx_word' id='word_1_217' title='bbox 1997 3984 2103 4091; x_wconf 85' lang='lat' dir='ltr'><strong>qnod</strong></span> <span class='ocrx_word' id='word_1_218' title='bbox 2125 3982 2305 4062; x_wconf 88' lang='lat' dir='ltr'><strong>debonis</strong></span> 
     </span>
     <span class='ocr_line' id='line_1_25' title="bbox 882 4112 2303 4223; baseline 0.002 -35"><span class='ocrx_word' id='word_1_219' title='bbox 882 4112 1068 4192; x_wconf 87' lang='lat' dir='ltr'><strong>dictorum</strong></span> <span class='ocrx_word' id='word_1_220' title='bbox 1089 4113 1244 4194; x_wconf 82' lang='lat' dir='ltr'><strong>fratrum</strong></span> <span class='ocrx_word' id='word_1_221' title='bbox 1262 4117 1457 4223; x_wconf 86' lang='lat' dir='ltr'><strong>capientur</strong></span> <span class='ocrx_word' id='word_1_222' title='bbox 1478 4119 1640 4195; x_wconf 88' lang='lat' dir='ltr'><strong>ducente</strong></span> <span class='ocrx_word' id='word_1_223' title='bbox 1660 4115 1757 4195; x_wconf 93' lang='lat' dir='ltr'><strong>libre</strong></span> <span class='ocrx_word' id='word_1_224' title='bbox 1776 4117 2033 4205; x_wconf 87' lang='lat' dir='ltr'><strong>Turonenses,</strong></span> <span class='ocrx_word' id='word_1_225' title='bbox 2055 4143 2125 4223; x_wconf 91' lang='lat' dir='ltr'><strong>pro</strong></span> <span class='ocrx_word' id='word_1_226' title='bbox 2145 4114 2303 4192; x_wconf 85' lang='lat' dir='ltr'><strong>emenda</strong></span> 
     </span>
     <span class='ocr_line' id='line_1_26' title="bbox 882 4259 1020 4321; baseline 0.036 -5"><span class='ocrx_word' id='word_1_227' title='bbox 882 4259 1020 4321; x_wconf 87' lang='lat' dir='ltr'><strong>nostra.</strong></span> 
     </span>
     <span class='ocr_line' id='line_1_27' title="bbox 937 4377 1604 4460; baseline 0.01 -8"><span class='ocrx_word' id='word_1_228' title='bbox 937 4377 1093 4455; x_wconf 86' lang='lat' dir='ltr'><strong>Veneris</strong></span> <span class='ocrx_word' id='word_1_229' title='bbox 1112 4397 1197 4457; x_wconf 91' lang='lat' dir='ltr'><strong>ante</strong></span> <span class='ocrx_word' id='word_1_230' title='bbox 1218 4383 1352 4460; x_wconf 84' lang='lat' dir='ltr'><strong>Remos</strong></span> <span class='ocrx_word' id='word_1_231' title='bbox 1372 4382 1604 4460; x_wconf 86' lang='lat' dir='ltr'><strong>Palmarum..</strong></span> 
     </span>
     <span class='ocr_line' id='line_1_28' title="bbox 939 4507 1327 4621; baseline 0.018 -38"><span class='ocrx_word' id='word_1_232' title='bbox 939 4507 1095 4586; x_wconf 86' lang='lat' dir='ltr'><strong>Cuillier</strong></span> <span class='ocrx_word' id='word_1_233' title='bbox 1113 4515 1327 4621; x_wconf 84' lang='lat' dir='ltr'><strong>reportavit.</strong></span> 
     </span>
    </p>
   </div>
   <div class='ocr_carea' id='block_1_5' title="bbox 880 4771 2308 5278">
    <p class='ocr_par' dir='ltr' id='par_1_5' title="bbox 880 4771 2308 5278">
     <span class='ocr_line' id='line_1_29' title="bbox 926 4771 2306 4883; baseline 0.004 -36"><span class='ocrx_word' id='word_1_234' title='bbox 926 4771 1157 4849; x_wconf 79' lang='lat' dir='ltr'>LXXXVIII.</span> <span class='ocrx_word' id='word_1_235' title='bbox 1189 4773 1302 4862; x_wconf 88' lang='lat' dir='ltr'><strong>Cum,</strong></span> <span class='ocrx_word' id='word_1_236' title='bbox 1326 4805 1439 4883; x_wconf 91' lang='lat' dir='ltr'><strong>super</strong></span> <span class='ocrx_word' id='word_1_237' title='bbox 1459 4776 1614 4864; x_wconf 81' lang='lat' dir='ltr'><strong>debato,</strong></span> <span class='ocrx_word' id='word_1_238' title='bbox 1635 4777 1672 4852; x_wconf 91' lang='lat' dir='ltr'><strong>in</strong></span> <span class='ocrx_word' id='word_1_239' title='bbox 1697 4777 1800 4852; x_wconf 89' lang='lat' dir='ltr'><strong>curia</strong></span> <span class='ocrx_word' id='word_1_240' title='bbox 1828 4793 1962 4853; x_wconf 75' lang='lat' dir='ltr'><strong>nostra</strong></span> <span class='ocrx_word' id='word_1_241' title='bbox 1975 4778 2181 4882; x_wconf 89' lang='lat' dir='ltr'><strong>pendente,</strong></span> <span class='ocrx_word' id='word_1_242' title='bbox 2205 4775 2306 4852; x_wconf 86' lang='lat' dir='ltr'><strong>inter</strong></span> 
     </span>
     <span class='ocr_line' id='line_1_30' title="bbox 881 4901 2308 5016; baseline 0.006 -40"><span class='ocrx_word' id='word_1_243' title='bbox 881 4901 1053 4980; x_wconf 86' lang='lat' dir='ltr'><strong>consules</strong></span> <span class='ocrx_word' id='word_1_244' title='bbox 1065 4919 1103 4980; x_wconf 84' lang='lat' dir='ltr'><strong>et</strong></span> <span class='ocrx_word' id='word_1_245' title='bbox 1119 4907 1374 4985; x_wconf 88' lang='lat' dir='ltr'><strong>communiam</strong></span> <span class='ocrx_word' id='word_1_246' title='bbox 1384 4908 1473 4985; x_wconf 85' lang='lat' dir='ltr'><strong>ville</strong></span> <span class='ocrx_word' id='word_1_247' title='bbox 1485 4907 1764 4987; x_wconf 82' lang='lat' dir='ltr'><strong>Yssiodoreusis</strong></span> <span class='ocrx_word' id='word_1_248' title='bbox 1778 4934 1819 4984; x_wconf 89' lang='lat' dir='ltr'><strong>ac</strong></span> <span class='ocrx_word' id='word_1_249' title='bbox 1830 4907 2017 5015; x_wconf 80' lang='lat' dir='ltr'><strong>quosdam</strong></span> <span class='ocrx_word' id='word_1_250' title='bbox 2026 4906 2232 5016; x_wconf 82' lang='lat' dir='ltr'><strong>singulares</strong></span> <span class='ocrx_word' id='word_1_251' title='bbox 2241 4907 2308 4984; x_wconf 93' lang='lat' dir='ltr'><strong>bo·</strong></span> 
     </span>
     <span class='ocr_line' id='line_1_31' title="bbox 880 5035 2306 5146; baseline 0.005 -38"><span class='ocrx_word' id='word_1_252' title='bbox 880 5035 1002 5112; x_wconf 91' lang='lat' dir='ltr'><strong>mines</strong></span> <span class='ocrx_word' id='word_1_253' title='bbox 1016 5035 1114 5114; x_wconf 90' lang='lat' dir='ltr'><strong>dicte</strong></span> <span class='ocrx_word' id='word_1_254' title='bbox 1131 5036 1232 5125; x_wconf 91' lang='lat' dir='ltr'><strong>ville,</strong></span> <span class='ocrx_word' id='word_1_255' title='bbox 1243 5057 1375 5116; x_wconf 85' lang='lat' dir='ltr'><strong>contra</strong></span> <span class='ocrx_word' id='word_1_256' title='bbox 1387 5037 1561 5118; x_wconf 86' lang='lat' dir='ltr'><strong>abbatem</strong></span> <span class='ocrx_word' id='word_1_257' title='bbox 1572 5058 1610 5117; x_wconf 90' lang='lat' dir='ltr'><strong>et</strong></span> <span class='ocrx_word' id='word_1_258' title='bbox 1620 5057 1846 5118; x_wconf 87' lang='lat' dir='ltr'><strong>conventum</strong></span> <span class='ocrx_word' id='word_1_259' title='bbox 1860 5038 1933 5117; x_wconf 90' lang='lat' dir='ltr'><strong>loci</strong></span> <span class='ocrx_word' id='word_1_260' title='bbox 1951 5039 2141 5146; x_wconf 86' lang='lat' dir='ltr'><strong>ejusdem,</strong></span> <span class='ocrx_word' id='word_1_261' title='bbox 2157 5039 2306 5116; x_wconf 84' lang='lat' dir='ltr'><strong>racione</strong></span> 
     </span>
     <span class='ocr_line' id='line_1_32' title="bbox 881 5164 2307 5278; baseline 0.003 -36"><span class='ocrx_word' id='word_1_262' title='bbox 881 5164 1128 5273; x_wconf 88' lang='lat' dir='ltr'><strong>quarumdam</strong></span> <span class='ocrx_word' id='word_1_263' title='bbox 1147 5167 1346 5273; x_wconf 84' lang='lat' dir='ltr'><strong>prisiarum</strong></span> <span class='ocrx_word' id='word_1_264' title='bbox 1367 5186 1497 5248; x_wconf 88' lang='lat' dir='ltr'><strong>contra</strong></span> <span class='ocrx_word' id='word_1_265' title='bbox 1514 5170 1705 5277; x_wconf 88' lang='lat' dir='ltr'><strong>predictos</strong></span> <span class='ocrx_word' id='word_1_266' title='bbox 1718 5199 1786 5278; x_wconf 88' lang='lat' dir='ltr'><strong>per</strong></span> <span class='ocrx_word' id='word_1_267' title='bbox 1800 5189 1931 5278; x_wconf 85' lang='lat' dir='ltr'><strong>gentes</strong></span> <span class='ocrx_word' id='word_1_268' title='bbox 1949 5170 2137 5249; x_wconf 89' lang='lat' dir='ltr'><strong>dictorum</strong></span> <span class='ocrx_word' id='word_1_269' title='bbox 2152 5169 2307 5277; x_wconf 81' lang='lat' dir='ltr'><strong>religio-</strong></span> 
     </span>
    </p>
   </div>
   <div class='ocr_carea' id='block_1_6' title="bbox 881 5297 2309 5541">
    <p class='ocr_par' dir='ltr' id='par_1_6' title="bbox 881 5297 2309 5541">
     <span class='ocr_line' id='line_1_33' title="bbox 881 5297 2308 5409; baseline -0.001 -33"><span class='ocrx_word' id='word_1_270' title='bbox 881 5325 1010 5376; x_wconf 90' lang='lat' dir='ltr'><strong>sorum</strong></span> <span class='ocrx_word' id='word_1_271' title='bbox 1024 5297 1063 5374; x_wconf 90' lang='lat' dir='ltr'><strong>in</strong></span> <span class='ocrx_word' id='word_1_272' title='bbox 1079 5297 1176 5375; x_wconf 89' lang='lat' dir='ltr'><strong>dicta</strong></span> <span class='ocrx_word' id='word_1_273' title='bbox 1189 5298 1274 5376; x_wconf 82' lang='lat' dir='ltr'><strong>villa</strong></span> <span class='ocrx_word' id='word_1_274' title='bbox 1292 5298 1490 5390; x_wconf 82' lang='lat' dir='ltr'><strong>factarum,</strong></span> <span class='ocrx_word' id='word_1_275' title='bbox 1507 5329 1576 5408; x_wconf 92' lang='lat' dir='ltr'><strong>per</strong></span> <span class='ocrx_word' id='word_1_276' title='bbox 1595 5318 1780 5380; x_wconf 85' lang='lat' dir='ltr'><strong>arrestum</strong></span> <span class='ocrx_word' id='word_1_277' title='bbox 1796 5302 1898 5379; x_wconf 92' lang='lat' dir='ltr'><strong>curie</strong></span> <span class='ocrx_word' id='word_1_278' title='bbox 1913 5319 2040 5409; x_wconf 75' lang='lat' dir='ltr'><strong>nostre</strong></span> <span class='ocrx_word' id='word_1_279' title='bbox 2060 5301 2204 5381; x_wconf 89' lang='lat' dir='ltr'><strong>dictum</strong></span> <span class='ocrx_word' id='word_1_280' title='bbox 2217 5298 2308 5376; x_wconf 86' lang='lat' dir='ltr'><strong>fuis-</strong></span> 
     </span>
     <span class='ocr_line' id='line_1_34' title="bbox 881 5427 2309 5541; baseline 0 -31"><span class='ocrx_word' id='word_1_281' title='bbox 881 5447 953 5520; x_wconf 84' lang='lat' dir='ltr'><strong>set,</strong></span> <span class='ocrx_word' id='word_1_282' title='bbox 969 5430 1007 5508; x_wconf 91' lang='lat' dir='ltr'><strong>in</strong></span> <span class='ocrx_word' id='word_1_283' title='bbox 1021 5427 1251 5538; x_wconf 85' lang='lat' dir='ltr'><strong>parlamento</strong></span> <span class='ocrx_word' id='word_1_284' title='bbox 1268 5431 1355 5512; x_wconf 88' lang='lat' dir='ltr'><strong>anni</strong></span> <span class='ocrx_word' id='word_1_285' title='bbox 1369 5433 1621 5510; x_wconf 87' lang='lat' dir='ltr'><strong>trecentesimi</strong></span> <span class='ocrx_word' id='word_1_286' title='bbox 1638 5434 1806 5541; x_wconf 83' lang='lat' dir='ltr'><strong>septimi,</strong></span> <span class='ocrx_word' id='word_1_287' title='bbox 1822 5431 1944 5540; x_wconf 91' lang='lat' dir='ltr'><strong>quod,</strong></span> <span class='ocrx_word' id='word_1_288' title='bbox 1965 5461 2034 5540; x_wconf 87' lang='lat' dir='ltr'><strong>per</strong></span> <span class='ocrx_word' id='word_1_289' title='bbox 2049 5459 2205 5511; x_wconf 82' lang='lat' dir='ltr'><strong>manum</strong></span> <span class='ocrx_word' id='word_1_290' title='bbox 2220 5457 2309 5510; x_wconf 71' lang='lat' dir='ltr'><strong>nos¹</strong></span> 
     </span>
    </p>
   </div>
   <div class='ocr_carea' id='block_1_7' title="bbox 0 0 2937 7284">
    <p class='ocr_par' dir='ltr' id='par_1_7' title="bbox 0 0 2937 7284">
     <span class='ocr_line' id='line_1_35' title="bbox 0 0 2937 7284; baseline 0 0"><span class='ocrx_word' id='word_1_291' title='bbox 0 0 2937 7284; x_wconf 95' lang='lat' dir='ltr'><strong> </strong></span> 
     </span>
    </p>
   </div>
  </div>
 </body>
</html>
