5817 7292
1071 1162 1343 1271 nuounrus
1371 1182 1434 1255 ur
1461 1163 1667 1258 rnocns.
2011 1183 2075 1256 131

654 1346 768 1424 super
780 1318 853 1395 hoc
864 1318 912 1395 de
926 1320 1105 1398 mandato
1118 1334 1247 1399 nostro
1261 1320 1453 1429 facto,per
1467 1322 1570 1400 curie
1581 1339 1709 1401 nostre
1719 1320 1922 1428 judicium,
1936 1322 2081 1401 dictum
2120 1334 2250 1385 sutrim
2265 1330 2306 1393 Ν,

654 1448 728 1526 fuit
741 1448 848 1557 quod
863 1449 989 1527 eidem
1006 1450 1214 1530 Guillelmo
1229 1452 1433 1561 nonaginta
1442 1453 1540 1532 libre
1554 1452 1796 1541 Parisienses,
1817 1479 1887 1558 pro
1901 1454 2081 1531 omnibus
2183 1422 2244 1465 Μ’

653 1579 847 1687 predictis,
872 1582 1084 1662 reddentur
1107 1585 1155 1661 de
1181 1600 1322 1663 nostro.
1348 1586 1389 1663 ln
1412 1586 1538 1694 cujus,
1559 1602 1629 1663 etc.

712 1712 868 1791 Veneris
886 1730 973 1820 post
992 1716 1296 1808 Penthecostem,
1318 1744 1420 1795 anno
1439 1716 1705 1795 trecentesimo
1724 1731 1872 1823 quarto.

710 1976 821 2055 XXV.
851 1975 948 2055 Cum
972 1976 1138 2057 decenus
1158 1996 1197 2057 et
1217 1979 1423 2087 capitulum
1440 1980 1695 2068 Senonenses,
1717 1978 1765 2055 de
1786 1992 1912 2056 nostra
1932 1976 2080 2084 speciali

654 2106 782 2215 gordia
796 2106 1011 2199 existentes,
1034 2110 1144 2189 nobis
1165 2110 1457 2190 denuncinssent
1475 2111 1581 2219 quod
1599 2110 1761 2205 Jacobus
1780 2110 1829 2186 de
1842 2109 2080 2199 Tornodoro,

654 2235 843 2342 prefectus
857 2234 1079 2345 vigiliarum,
1102 2268 1169 2319 seu
1185 2240 1349 2319 decenus
1371 2242 1631 2332 excubiarum,
1649 2257 1688 2318 et
1705 2240 1896 2318 Johannes
1910 2238 1947 2317 ie
1968 2239 2083 2318 Cava-

651 2366 741 2456 tier,
760 2368 950 2447 Johannes
966 2370 1047 2480 ejus
1064 2370 1184 2463 filius,
1201 2372 1384 2452 Girardus
1399 2374 1447 2451 de
1462 2372 1663 2453 Vaucbans
1681 2389 1721 2450 et
1738 2370 1886 2451 Giletus
1900 2371 2078 2461 Codrinu,

653 2500 808 2579 excubie
833 2502 986 2611 majoris
1006 2520 1045 2581 et
1064 2506 1281 2583 communie
1302 2506 1549 2595 senonensis,
1570 2507 1783 2585 iohannem
1804 2505 1842 2582 le
1862 2504 2077 2611 Coquetier,

653 2628 831 2708 clericum
854 2633 1132 2712 subdiaconum
1152 2652 1191 2713 et
1211 2636 1258 2713 de
1279 2637 1396 2715 choro
1411 2637 1644 2715 Senonensis
1663 2636 1820 2715 ecclesie
1841 2636 2078 2721 existentem,

654 2760 692 2837 in
711 2762 819 2843 nullo
845 2765 985 2842 delicto
1006 2784 1200 2873 repertum
1224 2767 1411 2845 violenter
1430 2784 1633 2874 ceperunt,
1659 2784 1697 2845 et
1716 2768 1835 2873 ipsius
1854 2764 2009 2843 ecclesie
2024 2766 2081 2873 je·

595 2904 600 2911 “
653 2893 740 2969 nuis
757 2910 795 2971 et
810 2895 925 2973 anulo
939 2896 1180 2975 inherentem
1197 2897 1288 2974 inde
1304 2897 1537 2986 avulserunt,
1555 2897 1674 3004 ipsius
1691 2896 1846 2974 ecclesio
1860 2895 2081 2972 immunita·

653 3039 732 3099 tem
741 3024 950 3134 frangendo
963 3026 1237 3134 multipliciter,
1252 3042 1290 3104 et
1302 3027 1479 3106 violando
1492 3026 1746 3134 impudenter,
1760 3027 1963 3133 ipsumque
1979 3024 2079 3103 dicto

653 3152 808 3233 ecclesie
829 3157 1068 3236 immunitate
1091 3159 1358 3237 reclamantem
1384 3158 1689 3249 verberaverunt,
1710 3157 2016 3244 vulneraverunt,
2042 3173 2081 3233 et

652 3284 700 3360 ed
714 3285 814 3363 dicte
829 3290 1046 3367 communie
1061 3318 1247 3368 carcerem
1261 3307 1412 3398 captum
1428 3292 1620 3369 duxerunt
1631 3295 1804 3397 eiusque
1820 3288 2077 3365 incrastinum

653 3417 917 3510 detinuerunt;
939 3422 1173 3529 requirentes
1190 3422 1380 3528 predictos
1398 3421 1657 3500 malefactores
1676 3422 1725 3498 ad
1748 3420 1888 3498 dictam
1907 3444 2080 3496 commu·

651 3544 771 3637 niam,
794 3548 901 3658 cujus
922 3549 993 3657 ipsi
1015 3552 1179 3631 existunt
1199 3552 1361 3631 ministri
1386 3568 1425 3631 et
1443 3553 1662 3641 servientes,
1686 3548 1863 3658 compelli
1882 3548 1931 3627 ed
1950 3576 2081 3627 ernen-

652 3676 737 3753 dsm
763 3676 898 3758 exinde
918 3680 989 3758 sibi
1007 3680 1215 3761 faciendam
1236 3685 1484 3794 condignam
1505 3710 1621 3791 super
1642 3662 1879 3760 denuncietis
1899 3680 2079 3786 predictis

653 3807 792 3913 inquiri
810 3808 985 3904 fecimus,
1005 3815 1144 3891 vocetis
1158 3814 1346 3923 portibus,
1362 3816 1578 3893 veritatem:
1593 3814 1679 3893 Vise
1698 3814 1813 3920 igitur
1830 3813 2002 3918 inqueste
2018 3836 2080 3887 su-

652 3964 720 4044 per
736 3938 809 4017 hoc
828 3942 938 4034 secte,
956 3962 996 4023 et
1012 3947 1151 4024 auditis
1170 3946 1374 4055 propositis
1391 3946 1482 4023 binc
1496 3960 1536 4022 et
1549 3945 1656 4037 inde,
1673 3973 1744 4051 per
1757 3944 1860 4021 curie
1874 3957 2003 4019 nostre
2015 3942 2079 4049 ju·

654 4067 812 4165 dicium,
832 4073 921 4152 dicti
941 4076 1130 4182 prefectus
1150 4092 1188 4155 et
1208 4077 1365 4155 excubie
1383 4077 1517 4185 privati
1537 4076 1692 4153 i'uerunt
1710 4075 1868 4152 omnino
1887 4090 1927 4151 et
1944 4100 2079 4179 perpe-

653 4214 720 4277 tuo
741 4200 787 4277 ab
809 4230 940 4285 eorum
960 4209 1132 4315 predicto
1152 4208 1327 4297 servicio,
1349 4224 1388 4285 et
1407 4207 1512 4285 omni
1532 4205 1607 4283 ulio
1630 4204 1786 4283 servicio
1802 4200 2021 4312 justiciandi
2041 4217 2079 4277 et

653 4332 881 4439 serjentandi
902 4336 941 4412 in
959 4354 1043 4415 toto
1065 4366 1183 4446 regno
1204 4356 1352 4429 nostro,
1375 4354 1413 4415 et
1432 4337 1480 4415 nd
1499 4334 1716 4413 faciendum
1736 4360 1850 4410 unam
1869 4331 2078 4439 processio-

652 4498 741 4546 nem
761 4468 911 4575 publice
930 4485 968 4546 et
987 4468 1026 4545 in
1047 4471 1241 4548 communi
1265 4470 1313 4548 ed
1333 4467 1530 4547 ecclesiam
1551 4466 1820 4574 supradictam,
1840 4464 2077 4569 discooperto

653 4600 787 4707 capite,
806 4600 844 4675 in
858 4600 1002 4688 tunice,
1021 4601 1102 4677 sine
1120 4628 1230 4693 rona,
1250 4602 1299 4679 ed
1315 4600 1607 4709 requisicionem
1623 4597 1755 4676 deceni
1773 4612 1813 4674 et
1828 4594 1981 4703 capituli
1997 4620 2079 4701 pre

653 4732 858 4819 dictorum,
879 4733 982 4810 etad
1003 4733 1225 4811 solvendum
1248 4736 1357 4814 dictis
1377 4735 1519 4813 decano
1537 4749 1577 4810 et
1594 4729 1759 4837 capitulo
1779 4743 1933 4807 centum
1945 4726 2076 4833 viginti

652 4860 765 4940 libras
786 4862 1024 4953 Perisienses,
1042 4890 1111 4972 pro
1129 4892 1169 4943 se
1189 4883 1226 4943 et
1246 4890 1378 4943 eorum
1393 4864 1565 4973 predicto
1582 4851 1719 4941 clerico
1740 4861 1822 4938 leso
1841 4876 1881 4936 et
1896 4855 2075 4968 injuriam

652 5022 775 5101 passo,
795 5012 833 5071 et
847 4994 958 5073 nobis
974 5014 1126 5074 eentum
1141 4996 1254 5076 libres
1269 5000 1511 5076 Turonenses
1527 5022 1599 5105 pro
1617 4993 1794 5080 emendo,
1818 4991 1921 5069 etad
1937 5006 2072 5068 tenen-

653 5126 744 5203 dum
767 5126 973 5232 prisionem
999 5129 1183 5206 firmattrn
1208 5153 1407 5237 quousque
1430 5129 1501 5237 ipsi
1526 5126 1705 5205 solverint
1727 5122 1927 5232 pecuniam
1947 5148 2077 5229 supre-

653 5258 809 5348 dictam,
829 5260 937 5367 cnjus
961 5260 1122 5367 pecunie
1143 5260 1289 5339 solucio
1308 5287 1377 5369 per
1398 5287 1530 5338 eorum
1547 5259 1707 5336 alterum
1731 5255 1842 5344 fecte,
1865 5254 1957 5331 elios
1976 5252 2073 5329 libe-

652 5390 761 5469 rabit.
774 5389 935 5467 Predicti
954 5417 1044 5469 vero
1060 5394 1179 5500 major
1199 5410 1237 5471 et
1254 5392 1486 5479 communia,
1507 5392 1596 5499 quia
1611 5408 1740 5469 contra
1761 5389 1862 5494 ipsos
1873 5384 2075 5491 probatum

652 5544 728 5595 non
743 5522 862 5599 extitit
877 5524 981 5629 quod
998 5524 1138 5603 suerint
1151 5526 1190 5602 in
1206 5524 1316 5633 culpa
1333 5527 1380 5605 de
1393 5549 1547 5603 excessu
1559 5522 1743 5602 violencie
1758 5518 1944 5626 predicte,
1963 5538 2078 5617 super

1924 5688 1971 5753 17·
