5817 7292
865 1169 939 1240 200
1305 1192 1309 1200 ’
1445 1166 1535 1238 LES
1565 1165 1703 1240 OLIM.

641 1328 770 1381 nanim
782 1325 826 1384 tv,
865 1309 1019 1385 hrarum
1039 1307 1322 1396 Parisiensium,
1342 1308 1445 1385 idem
1465 1307 1659 1396 Nicolaus,
1680 1324 1860 1413 ‘tanqum
1885 1306 2016 1385 alalso
2037 1325 2217 1414 etpravo,
2239 1311 2287 1386 ad

703 1421 763 1460 1³06.

866 1455 1033 1516 nostram
1052 1438 1192 1515 curiam
1219 1438 1369 1515 duxerit
1387 1436 1653 1544 appellandum
1672 1467 1681 1510 ε
1700 1439 1741 1513 ln
1762 1465 1868 1515 causa
1891 1438 1991 1515 dicte
2006 1438 2286 1545 appellacionis,

865 1570 1003 1647 auditis
1015 1568 1186 1676 partibus
1201 1567 1414 1656 antedictis,
1432 1585 1471 1644 et
1481 1567 1569 1645 visis
1583 1595 1762 1672 processu
1777 1585 1814 1645 et
1824 1567 1995 1675 judicato
2010 1570 2204 1676 predictis,
2223 1598 2289 1676 per

864 1701 1107 1778 curieuostre
1118 1699 1324 1806 judicium,
1342 1697 1572 1776 dictumfuit
1583 1714 1621 1775 et
1631 1700 1920 1805 pronunciatum
1935 1700 2148 1806 predictum
2157 1729 2287 1807 prepo-

863 1833 977 1908 situm
996 1830 1096 1908 beue
1110 1829 1305 1939 judicasse
1324 1846 1362 1907 ct
1382 1830 1525 1907 dictum
1545 1829 1741 1908 Nicolaum
1763 1831 1861 1908 male
1882 1831 2103 1937 appellasse,
2127 1850 2164 1909 et
2184 1831 2287 1938 qood

864 1963 1034 2069 ipsc'boc
1051 1960 1284 2038 emendabit.
1375 1966 1379 1979 '

915 2092 1017 2168 lovis
1036 2105 1122 2198 post
1142 2089 1513 2168 Sanctam-Luciam:

920 2224 1043 2300 Mouci
1063 2221 1276 2328 reportavit.

921 2489 1027 2563 XXll.
1059 2487 1156 2565 Cum
1177 2484 1421 2574 Guillelmus‚
1445 2486 1623 2563 domiuus
1643 2485 1924 2578 Montis-Acuti,
1946 2487 2072 2577 miles,
2098 2507 2135 2566 et
2153 2491 2285 2582 Maria,

866 2620 945 2725 ejus
970 2647 1079 2708 uxor,
1103 2645 1228 2694 coram
1254 2617 1475 2695 custodibus
1499 2619 1757 2697 nundinarum
1780 2621 1998 2728 Campanis,
2026 2622 2287 2700 vendicionem

865 2750 1037 2825 omnium
1057 2748 1266 2841 bonorum,
1284 2748 1485 2826 mobilium
1505 2767 1542 2826 et
1562 2749 1824 2846 inmobilium‚
1843 2780 1917 2859 que
1934 2754 2100 2831 Herveus
2112 2755 2236 2831 Jodon
2253 2771 2290 2829 et

865 2881 1071 2972 lohannes,
1090 2881 1170 2988 ejus
1187 2878 1310 2968 lilius,
1328 2879 1519 2957 habebant
1538 2897 1576 2956 et
1594 2881 1735 2959 habere
1756 2898 1928 2988 poterant
1947 2883 1986 2958 in
2000 2881 2088 2960 villa
2107 2899 2144 2959 et
2160 2884 2289 2960 Parro-

866 2992 1191 3118 cbia‘d’Arquain,
1208 3012 1257 3089 ad
1271 3012 1491 3090 instanciam
1507 3012 1739 3092 creditorum
1756 3043 1929 3106 suorum,
1946 3015 1992 3093 de
2018 3015 2194 3092 mandato
2216 3016 2291 3093 dic-

866 3161 1001 3221 torum·
1013 3143 1237 3232 custodum,
1252 3171 1323 3249 pro
1338 3143 1506 3220 facienda
1523 3146 1750 3224 execucione'
1765 3159 1975 3224 contractus
1992 3147 2176 3224 dictarum
2195 3148 2292 3224 nun'-
2418 3163 2420 3168 ’

869 3277 1062 3361 dinarum,
1092 3301 1160 3381 per
1186 3273 1379 3351 dominam
1406 3275 1687 3355 ‘Sancti-Verani
1715 3275 1848 3353 factam
1863 3275 2039 3354 'lobanni
2068 3277 2289 3384 Darrebloy,

867 3424 1040 3511 peterent
1064 3406 1249 3496 anullari,¹
1266 3425 1304 3484 et
1317 3407 1421 3484 dicta
1440 3407 1540 3485 bona
1562 3408 1704 3486 eisdem
1729 3409 1955 3517 conjugibus
1973 3409 2070 3485 tradi
2091 3427 2129 3486 et
2148 3405 2291 3486 delibe-

868 3528 962 3625 rari,
984 3537 1085 3615 dicto
1103 3538 1273 3616 lohanne
1293 3538 1423 3646 plures
1440 3539 1612 3616 raciones
1628 3539 1669 3616 in
1687 3539 1925 3617 ‘contrarium
1945 3556 2202 3647 proponente,
2226 3567 2291 3614 au-

868 3668 1031 3778 ditisque
1051 3669 1220 3776 parcium
1245 3669 1460 3748 racionibus
1479 3671 1568 3747 hinc
1587 3670 1754 3763 atinde,
1776 3671 1867 3748 dicti
1886 3672 2080 3758 custodes,
2103 3698 2171 3777 per
2185 3669 2290 3778 judi·

867 3801 968 3877 cium
995 3830 1126 3894 suum,
1149 3802 1482 3908 pronunciassent,
1510 3829 1587 3879 non
1611 3801 1849 3883 obstantibus
1873 3801 2101 3880 racionibus·
2119 3829 2163 3878 ex
2185 3819 2290 3908 parte

868 3933 1054 4011 dictorum
1069 3935 1274 4043 conjugum
1292 3932 1512 4041 propositis,
1530 3933 1669 4011 dictam
1680 3933 1943 4012 vendicionem
1956 3933 2078 4011 valere
2095 3951 2134 4011 et
2146 3951 2289 4020 tenere,

869 4063 1089 4170 dictumque
1104 4083 1315 4172 emptorem
1335 4064 1445 4142 dictis
1459 4064 1570 4142 bonis
1583 4065 1748 4173 gaudere
1765 4063 1926 4155 debere,
1942 4064 2099 4173 predicti
2115 4064 2293 4172 conjuges

867 4224 887 4269 a
896 4194 1068 4302 judicato
1081 4196 1269 4302 predicto,
1286 4215 1464 4302 tanquam
1479 4225 1500 4272 a
1517 4195 1610 4274 falso
1628 4214 1666 4274 et
1683 4221 1812 4303 pravo,
1830 4195 1879 4274 ad
1895 4213 2061 4273 nostram
2077 4197 2219 4272 curiam
2232 4223 2295 4302 ap·

868 4326 1082 4433 pellarunt:
1103 4329 1325 4408 Constitutis
1342 4329 1461 4435 igitur
1479 4329 1519 4406 in
1540 4328 1642 4406 curia
1661 4345 1790 4406 nostra
1809 4327 1920 4406 dictis
1938 4328 2108 4435 partibus
2128 4327 2168 4404 iu
2187 4355 2293 4404 causa

869 4457 1132 4563 appellacionis
1156 4459 1341 4566 predicte,
1370 4477 1408 4537 et
1436 4459 1576 4538 auditis
1603 4487 1737 4538 eorum
1754 4459 1998 4552 nacionibus,
2034 4489 2076 4537 ac
2099 4459 2185 4536 visis
2209 4485 2295 4564 pro-

869 4617 976 4668 cessu
1001 4608 1038 4668 et
1055 4590 1226 4699 judicato
1250 4591 1446 4698 predictis,
1467 4619 1537 4698 per
1561 4591 1664 4668 curie
1687 4609 1814 4670 nosue
1830 4590 2036 4699 judicium,
2059 4590 2204 4667 dictum
2223 4587 2295 4664 fuit

872 4738 908 4799 et
930 4724 1222 4828 pronunciatum
1248 4723 1369 4800 dictos
1393 4721 1569 4802 custodes
1593 4721 1692 4801 bene
1708 4722 1912 4830 judicasse,
1937 4739 1975 4798 et
1993 4720 2180 4826 predictos
2207 4745 2294 4794 con-

865 4853 976 4962 juges
995 4853 1093 4930 male
1115 4852 1338 4961 appellasse,
1365 4871 1403 4930 et
1419 4855 1525 4961 quod
1541 4853 1754 4962 judicatum
1774 4851 1984 4959 predictum
2003 4849 2190 4926 dictorum
2212 4875 2295 4924 cus-

870 4982 1004 5060 todum
1020 4983 1260 5060 mandabitur
1277 4984 1510 5075 execucioni,
1528 5004 1566 5064 et
1580 4986 1684 5094 quod
1700 4985 1771 5092 ipsi
1787 4983 1859 5060 hoc
1875 4977 2144 5057 emendabunt.

928 5113 977 5187 Μ.
1000 5112 1156 5221 Egidius
1172 5112 1219 5190 de
1234 5114 1367 5193 Remio
1381 5117 1595 5223 reportavit.

927 5243 1128 5320 [lominica
1146 5260 1232 5350 post
1252 5246 1611 5326 Sanctam-Luciam.

930 5508 1053 5588 XXIII.
1084 5509 1180 5588 snm
1200 5539 1379 5619 supereo
1399 5511 1504 5618 quod
1524 5509 1701 5590 domiuus
1720 5509 1768 5586 de
1788 5505 1972 5587 Mailliaco
1992 5505 2145 5614 petebat
2163 5504 2297 5584 Johan·
