5817 7292
876 1129 952 1200 320
1037 1155 1043 1166 ·
1450 1113 1541 1196 LES
1571 1119 1711 1194 OLlM.

653 1302 782 1353 aarum
795 1296 837 1356 tv,
876 1268 1007 1357 tancii,
1032 1267 1236 1346 servientes
1259 1263 1379 1342 nostri
1398 1263 1632 1354 Villa-Nove,
1656 1261 1871 1340 senescallie
1894 1263 2167 1352 Ruthenensis,
2191 1265 2302 1345 Guil-

714 1390 776 1432 ¹³⁰⁸·
875 1399 1014 1477 lelmus
1035 1396 1083 1475 de
1111 1395 1335 1476 Genoberiis
1355 1411 1394 1472 et
1417 1393 1602 1473 Geraldus
1625 1392 1839 1481 Piscatoris,
1861 1422 1930 1498 pro
1955 1421 2002 1472 eo
2024 1395 2128 1500 quod
2146 1397 2300 1476 Petrum

875 1527 1079 1608 Tholosani
1096 1527 1143 1606 de
1158 1525 1341 1614 Petrusia,
1363 1525 1403 1600 in
1423 1523 1583 1601 clericali
1605 1522 1734 1612 babitu
1755 1523 1992 1613 existentem,
2017 1524 2170 1602 diversis
2188 1555 2300 1634 gene·

875 1659 980 1737 ribus
989 1674 1266 1736 tormentorum
1279 1673 1481 1742 torserant,
1498 1681 1565 1761 per
1576 1681 1644 1732 nos
1654 1653 1701 1730 ad
1712 1653 1912 1732 emendam
1926 1655 2180 1761 pecuniariam
2191 1659 2300 1737 nobis

877 1809 914 1869 et
929 1791 1028 1868 dicto
1044 1791 1156 1866 Petro
1171 1788 1408 1894 prestandum
1426 1784 1586 1862 fuissent
1605 1783 1890 1890 condempnati,
1907 1786 2105 1862 taxandam
2123 1811 2227 1876 curn,
2252 1788 2299 1866 de

876 1923 1081 2027 quantitate
1096 1920 1285 1997 bonorum
1296 1916 1499 2024 cujuslibet
1511 1916 1679 2022 ipsorum
1690 1975 1699 2003 ,
1711 1914 1897 1992 fuerimus
1907 1914 2117 2006 informati,
2133 1937 2300 2024 nos,'per

876 2051 1124 2128 senescallum
1141 2066 1312 2128 nostrum
1332 2048 1633 2136 Rutbenensem,
1657 2045 1704 2124 de
1722 2046 1821 2124 dicta
1834 2047 2042 2156 quantitate
2054 2047 2246 2126 bonorum
2263 2066 2299 2125 et

876 2198 1003 2257 contra
1021 2180 1205 2288 quosdam
1221 2178 1328 2267 alios,
1350 2179 1417 2284 qui
1432 2178 1473 2253 in
1490 2175 1680 2283 premissis
1699 2175 1920 2254 dicebantur
1938 2175 2051 2254 luisse
2072 2177 2293 2282 culpabiles,

877 2311 1155 2403 mandavimus,
1177 2310 1315 2388 vocatis
1340 2307 1552 2395 evocandis,
1575 2304 1778 2413 diligenter
1803 2307 1995 2384 veritatem
2022 2307 2184 2412 inquiri:
2210 2308 2296 2384 Visa

877 2444 994 2550 igitur
1015 2444 1186 2549 inquesta
1210 2468 1324 2546 super
1347 2439 1420 2517 boc
1441 2437 1552 2526 facta,
1577 2437 1766 2544 predictos
1789 2441 1960 2529 Petrum,
1983 2435 2235 2517 Guillelmum
2260 2456 2298 2516 et

876 2573 919 2650 B.
940 2573 1172 2660 Constancii,
1193 2571 1414 2658 servientes,
1439 2597 1526 2646 cum
1547 2567 1663 2644 nichil
1691 2569 1925 2674 reperiantur
1944 2567 2082 2646 babere
2107 2569 2148 2644 in
2166 2567 2295 2661 bonis,

876 2728 1126 2806 parmensem
1140 2701 1190 2777 ad
1204 2727 1389 2776 carcerem
1401 2715 1529 2776 nostra
1544 2698 1646 2776 curia
1659 2699 1972 2805 condempnavit,
1989 2715 2027 2774 et
2041 2697 2088 2774 ab
2103 2700 2207 2778 omui
2222 2697 2299 2778 offi-

877 2833 935 2910 cio
956 2848 993 2908 et
1010 2831 1165 2909 servicio
1184 2829 1320 2907 nostris
1340 2829 1440 2934 ipsos
1457 2845 1643 2935 perpetuo
1656 2830 1825 2935 privavit,
1845 2847 1882 2906 et
1895 2830 2037 2909 dictum
2050 2826 2298 2908 Guillelmum

877 2962 925 3039 de
949 2961 1173 3042 Genoberiis
1201 2961 1301 3038 dicto
1324 2961 1435 3039 Petro
1454 2960 1661 3038 Tholosani
1688 2961 1727 3041 in
1751 2961 2023 3068 quinquaginta
2046 2960 2153 3037 libris
2178 2964 2300 3040 Turo-

877 3091 1056 3170 nensibus
1071 3091 1375 3198 condempnavit;
1392 3108 1551 3182 etcum,
1568 3119 1636 3198 per
1656 3091 1794 3170 dictam
1809 3092 2038 3199 inquestam‚
2054 3091 2301 3196 berengarius

880 3223 927 3300 de
938 3223 1220 3310 Galliaco,tunc
1224 3222 2001 3329 judex,Renuntius,serviensVille·Nove,
2014 3220 2216 3308 Arualdus,
2228 3249 2299 3298 ser·

877 3355 981 3430 viens
992 3353 1082 3430 dicti
1092 3353 1322 3460 Berengarii,
1336 3352 1535 3442 Geolinus,
1550 3355 1741 3434 lohannes
1751 3357 1955 3442 Dona-Dei,
1971 3355 2152 3440 notarius,
2165 3353 2297 3432 Deodc

881 3483 928 3560 de
946 3483 1109 3571 Hilsaco,
1128 3500 1167 3560 et
1183 3481 1411 3561 Guillelmus
1430 3485 1630 3593 Rogicerii‚
1652 3486 1888 3564 inveniantur
1904 3484 2016 3562 luisse
2036 3484 2242 3590 culpabiles
2258 3485 2296 3560 in

880 3612 989 3690 dictis
1009 3614 1208 3690 tormentis
1230 3613 1456 3704 inferendis,
1478 3631 1517 3692 et
1537 3633 1730 3720 presentes
1749 3614 1976 3706 interfuisse,
1997 3615 2209 3721 predictum
2229 3618 2298 3693 Be-

878 3744 1091 3851 rengarium
1115 3743 1162 3822 de
1182 3743 1349 3824 Galliaco
1373 3746 1475 3825 dicto
1496 3748 1606 3826 Petro
1626 3746 1830 3826 Tholosani
1859 3747 1899 3824 in
1918 3764 2070 3824 centum
2091 3746 2201 3825 libris
2219 3749 2297 3823 Tu·
2409 3742 2414 3756 ’

876 3873 1102 3952 ronensibus
1130 3891 1258 3952 nostra
1287 3875 1389 3953 curia
1417 3877 1724 3983 condempnavit,
1758 3895 1796 3956 et
1823 3877 2063 3956 mandabitur
2096 3877 2298 3956 senescallo

877 4003 1169 4111 Petragoricensi
1195 4022 1240 4081 ut
1268 4006 1347 4112 ipse
1373 4006 1500 4084 omnia
1518 4007 1619 4084 bona
1639 4035 1705 4086 sua
1726 4008 1775 4085 ad
1794 4035 1947 4086 manum
1977 4025 2141 4086 nostram
2161 4026 2296 4112 ponat,

878 4159 1078 4238 quousque
1089 4134 1201 4214 nobis
1213 4153 1472 4243 competenter
1487 4137 1744 4217 emendaverit
1757 4137 1898 4218 factum
1908 4139 2138 4245 predictum
2152 4137 2299 4216 dictum

877 4289 965 4339 vero
987 4265 1235 4357 Renuntium,
1256 4267 1502 4358 servientem,
1519 4283 1559 4347 ct
1578 4267 1722 4346 dictum
1741 4270 1950 4348 Jobaunem
1965 4264 2177 4356 Dona-Dei,
2199 4285 2300 4345 nota·

878 4391 995 4484 rium,
1016 4394 1063 4472 ab
1086 4395 1211 4473 officio
1240 4413 1278 4472 et
1308 4397 1462 4475 servicio
1485 4398 1621 4476 nostris
1650 4415 1834 4505 perpetuo
1863 4399 2031 4504 privavit3
2063 4400 2182 4477 dictos
2211 4425 2297 4476 vero

878 4519 1102 4614 Arnaldum,
1131 4526 1355 4605 servientem
1382 4527 1474 4605 dicti
1496 4527 1730 4634 Berengarii,
1757 4544 1796 4604 et
1816 4527 2042 4616 Geolinum,
2071 4555 2156 4606 cum
2181 4527 2298 4606 nichil

877 4653 1112 4755 reperiantur
1130 4654 1171 4732 in
1188 4655 1305 4734 bouis¹
1319 4656 1475 4746 habere,
1499 4687 1567 4764 per
1586 4675 1750 4766 quatuor
1771 4687 1919 4737 menses
1938 4660 1988 4736 ad
2006 4685 2190 4736 carcerem
2210 4685 2298 4734 con-

879 4780 1111 4888 dempnavit,
1145 4803 1183 4863 et
1212 4786 1331 4864 dictos
1358 4787 1491 4868 Deode
1522 4787 1569 4866 de
1599 4789 1746 4868 Hilsaoo
1772 4805 1810 4866 et
1837 4788 2085 4870 Guillelmum
2113 4787 2297 4892 Rogicerii

879 4911 978 4988 dicto
999 4913 1110 4990 Petro
1129 4915 1335 4995 Tholosani
1358 4919 1397 4994 in
1417 4937 1569 4997 centum
1582 4918 1690 4998 libris
1704 4919 1988 4998 Turonensibus
2001 4918 2296 5025 condempnavit.

878 5039 988 5116 Nulla
1009 5041 1105 5121 lacta
1124 5062 1181 5121 est
1200 5046 1495 5155 condempnacio
1517 5078 1586 5156 pro
1606 5053 1725 5158 Rege,
1745 5051 1834 5156 quia
1851 5051 1898 5128 de
1915 5050 2026 5129 bonis
2044 5048 2299 5156 condempna-

878 5184 1005 5246 torum
1022 5199 1099 5250 non
1116 5175 1256 5280 poterit
1271 5177 1366 5285 exigi
1386 5177 1530 5284 dequo
1549 5178 1630 5256 leso
1651 5175 1804 5257 satisfiat
1817 5207 1886 5285 pro
1906 5179 2067 5271 lesione,
2088 5176 2299 5283 sumptibus

879 5316 917 5377 et
937 5305 1118 5408 expensis.
1136 5303 1322 5385 Geraldus
1340 5307 1537 5386 Piscatoris
1556 5310 1596 5386 in
1612 5310 1722 5389 nullo
1741 5311 2050 5415 condempnatur,
2071 5309 2160 5416 quia
2176 5333 2299 5413 prose

877 5431 1066 5536 quebatur
1084 5453 1244 5514 mortem
1265 5436 1380 5540 patris
1401 5439 1471 5514 sui.
2186 5423 2188 5432 ’
