5817 7292
1077 1071 1345 1181 euoutrrs
1369 1092 1432 1165 nr
1459 1072 1666 1165 moces.
1997 1094 2072 1168 eol
2119 1057 2125 1067 ’

659 1224 815 1331 proban
829 1254 907 1305 non
917 1229 1053 1317 extitit,
1067 1259 1135 1337 per
1148 1232 1388 1311 curienostre
1398 1233 1606 1340 judicium,
1620 1230 1764 1309 dicuim
1779 1230 2079 1338 fuitpuedicturn
2118 1244 2249 1308 Parum
2259 1246 2304 1311 tt.

655 1355 826 1463 judicem
847 1357 1098 1437 Biterrensem
1118 1362 1158 1438 in
1183 1390 1294 1439 causa
1313 1363 1628 1471 principalibene'
1647 1378 1686 1440 et
1708 1360 1892 1468 legittime
1908 1390 2080 1467 ‚pronum¹
2166 1337 2229 1381 Μ’

659 1488 791 1577 cinere,
814 1506 852 1567 et
872 1489 992 1568 dictos
1012 1491 1185 1595 eonsules
1205 1494 1255 1571 ab.
1275 1523 1322 1571 oo
1340 1494 1438 1571 male
1458 1491 1679 1599 appellasse.
1709 1494 1936 1574 sentenciam
1957 1521 2080 1574 senec

660 1618 744 1693 calli
772 1619 889 1696 nostri
920 1620 1145 1701 Carcassone
1169 1623 1334 1701 indicta
1358 1653 1467 1703 causa
1494 1621 1758 1729 appelltciouis
1781 1623 1820 1699 in
1847 1623 2079 1730 septuaginta

661 1749 852 1827 dumtaxat
872 1750 979 1829 libris
994 1752 1211 1831 anullando.

717 1878 869 1957 Sabbati
885 1898 969 1987 post
986 1882 1394 1991 SanctumGeorgium.

717 2012 765 2087 M.
777 2012 828 2088 H.
845 2012 893 2089 de
913 2013 1181 2092 Sancto-Paulo
1202 2016 1414 2121 reportavit.

716 2274 776 2350 lx.
808 2275 905 2353 Cum
936 2277 976 2353 in
1008 2278 1109 2354 curia
1130 2296 1256 2355 nostra
1281 2278 1387 2356 Albio
1413 2278 1684 2355 denunciatum
1709 2277 1842 2355 fuisset
1867 2277 1972 2384 quod
1996 2277 2079 2383 qui-

661 2402 747 2479 dam
762 2404 935 2517 homines
949 2406 996 2484 de
1009 2408 1184 2486 Lautrico
1201 2408 1493 2515 etLautn'gesio,
1505 2425 1544 2485 et
1557 2408 1712 2515 quidam
1728 2408 1903 2485 homines
1922 2406 1969 2483 de
1981 2408 2080 2485 Vru-

658 2535 786 2641 grieria
810 2538 919 2615 etde
944 2538 1219 2631 Veteri-Mum,
1244 2540 1386 2619 multos
1406 2567 1574 2617 excessus
1598 2539 1891 2630 committendo,
1911 2538 2080 2617 indebite

660 2668 761 2741 arma
778 2684 988 2771 portassent
1007 2669 1045 2746 in
1065 2669 1149 2747 loco
1168 2688 1299 2749 vocato
1314 2671 1360 2747 dc
1381 2671 1567 2759 &remim
1586 2670 1704 2779 juder
1724 2670 1845 2778 major
1863 2670 2080 2747 canescellic

661 2790 903 2886 Carcassom,
930 2800 1065 2878 virtute
1096 2802 1370 2879 commissionis
1395 2802 1467 2880 sibi
1493 2801 1587 2879 facte
1614 2831 1682 2908 per
1695 2802 1865 2879 dilectos
1888 2820 1927 2879 et
1950 2800 2082 2878 fideles

662 2923 817 3003 clericos
836 2946 994 3019 nostros,
1018 2931 1213 3039 magistros
1232 2933 1441 3009 iohannem
1463 2930 1687 3042 deduxeym
1705 2949 1895 3009 cantorem
1917 2932 2084 3011 Aurelia·

660 3082 836 3147 nensem,
854 3076 892 3136 et
903 3060 1098 3139 Nicolaum
1115 3062 1162 3139 de
1178 3063 1407 3152 Lusarchiis‚
1424 3082 1517 3142 tunc
1529 3064 1764 3171 prepositum
1777 3063 1826 3140 de
1837 3064 2022 3152 Ammo,
2036 3066 2084 3141 ad

651 3198 783 3291 ‘partes
794 3188 894 3279 illas,
913 3220 956 3268 ex
973 3208 1077 3297 parte
1090 3210 1233 3284 nostra,
1249 3220 1319 3299 pro
1331 3194 1732 3301 resormacionepatrio
1747 3194 1968 3284 destinatos,
1984 3195 2085 3301 ipsos

661 3316 836 3397 homines
848 3320 1089 3429 singulariter
1101 3322 1139 3397 in
1153 3324 1264 3401 certis
1279 3324 1437 3429 pecunie
1452 3326 1610 3403 summis
1621 3324 1925 3431 condempnavit;
1940 3325 2006 3430 qui
2023 3326 2087 3427 iro

661 3446 784 3527 mines
795 3478 908 3558 super
923 3453 996 3530 hoc
1011 3451 1059 3529 ad
1073 3452 1237 3560 prefatos
1257 3452 1412 3533 clericos
1430 3473 1595 3546 nostros,
1612 3453 1671 3533 rel
1683 3455 1731 3531 ad
1742 3483 1830 3531 eum
1845 3455 1894 3532 ad
1909 3482 2024 3561 quem
2039 3454 2086 3531 de

657 3578 742 3687 jure
763 3599 861 3659 esset
879 3584 1168 3690 appellandum,
1185 3584 1482 3693 appellaverunt,
1505 3604 1543 3664 et
1563 3585 1633 3691 ipsi
1654 3586 1771 3663 nostri
1792 3585 1917 3662 clerici
1937 3614 2085 3663 causam

661 3709 761 3790 dicte
774 3712 1041 3818 appellacionis
1052 3716 1173 3823 judici
1189 3716 1379 3793 ordinario
1396 3717 1621 3795 Carcassone
1640 3715 1926 3802 commiseram
1947 3715 2012 3818 qui
2022 3717 2088 3820 ju-

660 3837 742 3930 der,
755 3840 801 3917 de
812 3866 920 3920 causa
929 3844 1027 3921 dicte
1039 3844 1308 3951 appellacionis
1323 3873 1566 3952 cognoscens,
1584 3844 1812 3921 sentenciam
1825 3842 1936 3948 primi
1947 3841 2086 3947 judicis

623 3982 629 4001 '
661 3966 909 4061 confirmavit,
925 3992 1110 4081 quantum
1123 3975 1170 4052 ad
1179 3976 1353 4052 homines
1361 3976 1409 4052 de
1421 3973 1612 4061 Lautum,
1628 3990 1685 4061 et,
1702 3988 1887 4079 quantum
1904 3970 1955 4046 ad
1964 3972 2087 4049 bomi—

661 4125 728 4177 nes
740 4100 787 4178 de
799 4102 1029 4211 Lautrigesio
1045 4122 1083 4181 et
1099 4104 1147 4183 de
1162 4106 1244 4183 aliis
1255 4105 1363 4196 locis,
1381 4106 1422 4181 iu
1436 4120 1607 4211 quartam
1622 4120 1768 4210 partem
1781 4101 1998 4179 diminuens
2012 4101 2084 4179 dic

661 4246 737 4307 tam
758 4231 1166 4338 condempnacioneru‚
1188 4236 1346 4313 eandem
1364 4235 1404 4312 iu
1421 4234 1571 4342 reliquo
1591 4232 1845 4323 confirmavit3
1867 4261 1888 4308 a
1907 4261 1983 4339 qua
2002 4261 2087 4310 sen-

660 4362 783 4438 tencia
790 4363 923 4469 prefati
931 4342 1109 4443 ‘homines
1121 4368 1169 4444 ad
1180 4396 1252 4445 nos
1260 4368 1510 4475 appellarunt,
1522 4368 1561 4443 in
1572 4383 1756 4474 quantum
1766 4366 1887 4473 prima
1896 4365 2086 4443 sentencia

659 4490 782 4569 extitit
801 4494 1043 4585 confirmatu
1070 4496 1109 4573 in
1130 4517 1313 4605 quantum
1333 4528 1421 4577 vero
1442 4499 1490 4576 de
1510 4498 1698 4575 sentencia
1716 4496 1829 4604 primi
1850 4495 1993 4605 judicis
2014 4495 2086 4573 fuit

661 4650 729 4729 per
743 4624 913 4731 judicem
932 4626 1232 4733 appellacionum
1252 4629 1481 4720 detractum,
1501 4646 1719 4737 procurator
1738 4644 1866 4707 noster
1885 4627 1934 4704 ad
1948 4655 2017 4704 nos
2036 4627 2086 4704 si-

665 4752 805 4833 militer
824 4756 1048 4863 appellavit:
1076 4760 1174 4838 Visis
1199 4759 1312 4867 igitur
1334 4759 1578 4869 processibus.
1595 4758 1807 4847 antedictis,
1831 4758 1878 4835 de
1899 4786 2084 4837 consensu

661 4885 830 4989 parcium
846 4888 1100 4993 predictarum
1112 4908 1151 4969 et
1160 4890 1249 4968 dicti
1264 4892 1515 4997 procuratoris
1528 4889 1663 4979 nostri,
1681 4907 1719 4965 et
1732 4888 1872 4966 auditis
1890 4887 1981 4966 hinc
1994 4888 2084 4967 inde

662 5018 878 5123 propositis,
893 5036 1026 5097 tamer
1039 5038 1144 5129 parte
1154 5039 1280 5099 nostra
1295 5052 1408 5130 quam
1423 5052 1467 5099 er
1479 5039 1585 5129 parte
1600 5020 1798 5099 hominum
1809 5019 2081 5127 predictorum,

661 5174 729 5251 per
738 5148 842 5225 curie
856 5167 983 5228 nostre
992 5151 1194 5259 judicium,
1210 5152 1353 5230 dictum
1363 5152 1442 5230 ¹suit
1452 5152 1668 5260 'predictum
1678 5152 1848 5259 judicem
1863 5151 1962 5229 dicte
1975 5178 2084 5229 cause

662 5276 876 5385 principalis
890 5280 988 5359 male
1002 5284 1285 5390 pronunciasse,
1301 5301 1339 5362 et
1348 5283 1447 5362 bene
1461 5282 1690 5392 appellatum
1706 5282 1821 5361 fuisse
1832 5311 1901 5389 per
1912 5281 2087 5360 homines

665 5409 913 5512 supradictos,
925 5441 967 5489 ac
974 5415 1143 5521 judicem
1157 5416 1370 5521 predictum
1387 5416 1485 5496 dicte
1500 5444 1608 5495 cause
1622 5414 1904 5523 appellacionis‚
1915 5413 1954 5489 in
1967 5437 2086 5516 quau-

749 5582 802 5624 ιιι
822 5584 906 5627 otru.
930 5588 975 5629 m.
1896 5564 1936 5633 46
