5817 7292
848 1079 896 1154 blt
1430 1085 1520 1159 LES
1549 1086 1690 1159 OLIM.

622 1235 751 1288 ammae
764 1233 805 1294 tv,
845 1222 1017 1300 intulisse
1036 1224 1295 1331 multipliciter
1314 1224 1547 1316 dicebantur,
1565 1226 1852 1332 discoperiendo
1870 1227 2028 1304 domum
2045 1229 2265 1306 eorumdem

681 1325 744 1367 Μ’
845 1355 1035 1441 Fratrum,
1056 1353 1164 1430 sitam
1190 1354 1348 1431 indicta
1372 1355 1461 1434 villa
1486 1357 1525 1432 in
1545 1355 1704 1432 carreria
1730 1356 1778 1432 de
1803 1354 1841 1431 la
1864 1355 2078 1447 Pairolaria,
2104 1385 2146 1432 ae
2171 1356 2268 1435 fran-

844 1485 970 1591 gendo
993 1483 1188 1589 quoddam
1209 1486 1412 1563 oratorium
1440 1487 1480 1562 in
1509 1487 1606 1562 dicta
1631 1486 1747 1564 domo
1774 1513 1842 1592 per
1861 1486 1982 1564 dictos
2007 1489 2155 1564 Fratres
2179 1516 2268 1565 oon-

844 1635 1048 1706 structnm,
1066 1643 1141 1692 nna
1160 1645 1247 1692 cum
1263 1616 1496 1693 ornamentis
1510 1617 1698 1725 ejusdem,
1717 1616 1871 1694 eosdem
1886 1619 2035 1696 Fratres
2054 1636 2093 1696 et
2110 1618 2267 1696 domum

842 1748 1066 1853 predictam,
1084 1744 1256 1852 pluribus
1277 1745 1349 1822 sibi
1368 1746 1572 1834 associatis,
1593 1775 1682 1824 cum
1701 1747 1815 1824 armis
1834 1747 2022 1827 hostiliter
2040 1749 2265 1838 invadendo,

844 1907 920 1954 non
935 1875 1170 1955 obstantibus
1181 1874 1307 1952 baculi
1321 1876 1438 1953 nostri
1457 1877 1695 1983 apposicione
1711 1878 1759 1955 ad
1776 1878 1983 1956 tuicionem
1997 1879 2096 1956 dicte
2114 1881 2264 1973 domus,

843 2037 882 2082 ac
896 2007 1156 2114 prohibicione
1167 2005 1306 2113 judicis
1322 2025 1359 2083 et
1374 2007 1603 2086 servientum
1618 2025 1835 2086 nostrorum
1855 2009 1998 2087 eisdem
2013 2008 2106 2086 lacta
2120 2038 2169 2086 ne
2184 2040 2268 2115 pre-

841 2141 952 2215 missa
976 2138 1096 2215 lacere
1118 2154 1398 2244 attemptarent,
1421 2138 1521 2215 dicto
1541 2138 1666 2245 priore
1689 2138 1729 2214 in
1748 2139 1847 2216 dicta
1862 2138 1948 2215 villa
1967 2156 2158 2246 presente,
2181 2168 2266 2246 pre-

840 2270 1026 2376 missaque
1056 2269 1212 2355 sciente,
1244 2269 1445 2346 mandante
1470 2298 1538 2347 seu
1569 2286 1693 2346 ratum
1721 2269 1899 2360 habente,
1927 2288 1964 2347 et
1990 2286 2075 2375 post
2100 2270 2267 2375 predicta

841 2399 1021 2477 maleficia
1042 2401 1232 2506 predictos
1256 2397 1512 2479 malefactores
1535 2417 1767 2508 receptante,
1792 2401 1914 2480 dictus
1936 2400 2162 2478 senescallus
2181 2429 2266 2478 nos-

840 2550 910 2620 ter,
932 2534 1007 2609 visa
1027 2561 1094 2638 per
1113 2533 1240 2639 ipsum
1261 2533 1432 2639 inquesta
1450 2532 1634 2638 predicta,
1651 2530 1841 2609 mandavit
1855 2551 1893 2610 et
1909 2532 2077 2639 precepit
2095 2532 2200 2638 quod
2216 2531 2264 2606 de

840 2663 950 2740 bonis
966 2662 1240 2770 temporalibus
1254 2663 1342 2740 dicti
1355 2663 1544 2769 prioratus
1555 2662 1768 2741 levarentur
1783 2680 1934 2742 centum
1954 2662 2055 2740 libre·
2066 2664 2266 2738 Turonen-

841 2796 938 2872 sium
952 2823 1170 2902 parvorum,
1186 2823 1347 2902 quarum
1360 2793 1491 2901 bajulo
1507 2793 1598 2871 dicti
1611 2793 1684 2870 loci
1695 2812 1857 2901 quatuor
1869 2793 1983 2880 libre,
2000 2820 2070 2900 pro
2081 2793 2168 2900 jure
2179 2821 2265 2883 suo,

842 2919 879 3002 et
893 2954 955 3002 sex
972 2924 1068 3004 libre
1084 2925 1238 3003 notariis
1252 2925 1316 3032 qui
1334 2923 1472 3002 dictam
1490 2925 1703 3032 inquestam
1716 2925 1959 3031 scripserunt,
1972 2923 2216 3014 solverentur,
2229 2939 2267 3000 et

840 3057 1034 3134 residuum
1053 3055 1236 3133 dictarum
1261 3072 1413 3133 centum
1433 3053 1615 3132 librarum
1639 3055 1750 3133 nobis
1769 3056 2034 3162 applicaretur;
2055 3056 2164 3146 item,
2183 3080 2268 3131 cen·

839 3206 921 3263 tum
942 3185 1055 3262 solidi
1075 3183 1242 3262 solvendi
1264 3184 1373 3262 dictis
1398 3184 1590 3262 Fratribus
1615 3213 1684 3290 pro
1701 3185 1906 3265 relectione
1927 3186 2026 3264 dicte
2047 3187 2183 3262 domus
2203 3211 2267 3261 eo·

841 3315 1017 3392 rumdam
1045 3317 1228 3391 Fratrum.
1261 3313 1292 3390 A
1321 3315 1462 3421 quibus
1485 3316 1675 3393 sentencia
1703 3343 1770 3394 seu
1798 3336 1975 3425 precepto
2002 3316 2125 3395 dictus
2151 3315 2262 3420 prior,

839 3464 1017 3552 tanquam
1045 3445 1092 3522 ab
1112 3445 1267 3553 iniquis,
1296 3463 1334 3522 et
1354 3463 1576 3553 procurator
1598 3464 1737 3536 noster,
1762 3467 1943 3555 tanquam
1968 3478 1989 3524 a
2009 3447 2156 3524 modica
2177 3473 2265 3522 con·

842 3579 1113 3684 dampnacione
1126 3605 1192 3655 seu
1206 3577 1414 3670 taxacione,
1430 3578 1478 3655 ad
1492 3596 1659 3657 nostram
1672 3580 1814 3658 curiam
1824 3578 2077 3686 appellamnt:
2092 3579 2265 3655 Tandem

841 3711 939 3787 dicta
964 3711 1133 3816 inquesta
1157 3737 1232 3786 nna
1259 3737 1343 3785 cum
1373 3706 1490 3807 dictis,
1510 3710 1830 3817 appellacionibus
1854 3712 1902 3788 ad
1929 3711 2069 3788 curiam
2099 3727 2265 3789 nostram

841 3841 961 3916 missis
982 3858 1019 3917 et
1039 3840 1092 3917 ais
1110 3867 1178 3947 per
1199 3840 1335 3918 dictam
1356 3840 1498 3916 curiam
1517 3858 1683 3920 nostram
1696 3841 1783 3919 visis
1797 3857 1835 3917 et
1850 3840 2052 3948 diligenter
2070 3841 2263 3949 inspectis,

839 3972 1129 4078 pronunciatum
1155 3970 1226 4048 luit
1253 3971 1391 4048 dictam
1423 3973 1668 4061 sentenciam,
1697 4000 1775 4049 non
1804 3971 2042 4052 obstantibus
2068 3973 2266 4052 antedictis

840 4102 1178 4209 appellacionibus,
1201 4104 1240 4180 in
1270 4132 1340 4181 suo
1360 4102 1497 4181 robore
1517 4128 1749 4210 permanere.

897 4235 1002 4312 Lune
1027 4252 1112 4340 post
1131 4233 1269 4312 festum
1291 4234 1390 4311 beati
1410 4234 1579 4311 Barnabe
1599 4232 1771 4342 apostoli.

897 4364 1071 4472 Magister
1090 4366 1131 4440 R.
1153 4364 1362 4442 Rousseleti
1381 4366 1592 4470 reportavit.

896 4626 954 4705 IV.
987 4627 1085 4705 Cum
1112 4627 1210 4704 inter
1233 4627 1468 4722 Gnidonem,
1492 4630 1692 4709 dominum
1716 4632 1763 4709 de
1783 4632 1997 4720 Severiaco,
2022 4629 2197 4717 militem,
2220 4657 2264 4704 ex

839 4773 942 4862 parte
962 4786 1054 4850 una,
1077 4775 1115 4836 et
1133 4759 1297 4866 priorem
1315 4761 1501 4868 prioratus
1515 4761 1563 4840 de
1576 4763 1759 4853 Vernbia,
1780 4789 1822 4839 ex
1841 4761 1973 4849 altera,
1994 4758 2141 4866 questio
2160 4775 2263 4836 mota

839 4887 969 4966 luisset
990 4917 1113 4967 coram
1140 4889 1344 4969 senescallo
1367 4908 1496 4971 nostro
1515 4892 1765 4982 Rutbenensi,
1789 4891 1994 4996 superbae
2014 4887 2117 4996 qnod
2143 4889 2264 4968 dietus

838 5018 947 5097 miles
974 5022 1146 5100 saisinam
1169 5051 1235 5100 seu
1261 5051 1417 5099 manum
1444 5041 1629 5116 nostram,
1652 5023 1857 5130 appositam
1883 5022 1921 5098 in
1945 5021 2031 5102 villa
2050 5050 2118 5099 seu
2135 5018 2264 5098 affario

839 5151 886 5227 de
906 5153 1067 5230 Vernbia
1095 5181 1162 5260 pro
1183 5154 1270 5261 jure
1294 5169 1422 5232 nostro
1447 5171 1486 5232 et
1505 5155 1595 5232 dicti
1619 5153 1770 5262 prioris,
1792 5154 1955 5230 amoveri
1975 5152 2145 5260 petebat,
2168 5181 2266 5231 asse·

837 5311 924 5362 rens
938 5282 1077 5360 lactum
1093 5283 1141 5361 de
1157 5282 1337 5373 Vernhia,
1356 5285 1429 5362 sibi
1451 5287 1491 5363 in
1510 5284 1739 5364 escambium
1754 5283 1870 5361 fuisse
1887 5285 2069 5363 traditum
2087 5312 2157 5391 per
2170 5287 2265 5363 Eus-

838 5416 1004 5494 tachium
1019 5415 1067 5493 de
1082 5412 1430 5504 Bello-Marcbesio,
1447 5417 1641 5522 quondam
1660 5413 1909 5493 senescallum
1930 5433 2103 5494 nostrum
2118 5415 2265 5494 Tholo-
