5817 7292
849 1154 920 1229 its
1305 1165 1310 1177 ’
1432 1154 1696 1227 caslonin.

620 1292 750 1349 Panum
766 1292 814 1359 tva
846 1298 946 1387 nati,
978 1296 1107 1374 illicite
1126 1314 1179 1374 ¹et
1198 1297 1238 1372 in
1256 1297 1383 1378 nostri
1408 1296 1664 1403 prejudicium
1692 1295 1920 1374 detinebat:
1948 1298 1997 1374 Et
2021 1295 2180 1384 idcirco,
2208 1325 2277 1401 per

684 1386 746 1427 1304.

848 1428 950 1505 curie
971 1445 1097 1505 nostre
1112 1426 1319 1535 judicium,
1343 1426 1488 1519 dictum
1507 1426 1580 1503 fuit
1599 1443 1637 1503 et
1656 1427 1949 1533 pronunciatum
1968 1426 2091 1534 quod,
2112 1454 2192 1504 non
2208 1428 2277 1505 ob-

848 1559 1032 1637 stantibus
1061 1558 1313 1636 contractibus
1344 1576 1381 1634 et
1405 1556 1725 1635 convencionibus
1744 1558 2063 1665 ·super.hiis1per
2088 1558 2278 1664 predictos
2380 1623 2381 1626 ,

848 1690 973 1778 Iactis,
996 1719 1038 1766 ac
1059 1689 1414 1766 confirmacionibus
1433 1718 1454 1765 a
1474 1687 1585 1765 nobis
1605 1688 1787 1778 obtentis,
1808 1718 1869 1767 res
1889 1717 2022 1767 omnes
2040 1689 2210 1795 predicte
2230 1688 2278 1765 ad

850 1850 919 1899 nos
938 1824 1174 1899 rciertcntur
1188 1820 1352 1897 e't-nobis
1368 1821 1633 1898 remanebunt
1653 1823 1769 1909 Item,
1786 1822 1981 1901 inventum
2000 1818 2073 1897 suit
2090 1819 2280 1899 sufficien-

848 1971 908 2029 ter
927 1952 1126 2059 probatum
1141 1950 1266 2058 quod,
1287 1951 1506 2059 prorviginti
1525 1951 1936 2033 IibrisTuronensibus
1952 1951 2067 2029 annui
2087 1952 2276 2040 redditus,

850 2114 943 2191 quas
964 2084 1089 2161 eidbm
1106 2083 1248 2180 Iacobo
1267 2112 1381 2191 super
1397 2083 1537 2173 uostris
1549 2083 1774 2164 incursibus
1794 2083 2072 2192 percipiendas,
2094 2082 2279 2189 quamdiu

851 2216 1160 2323 nobio‘placerat‚
1177 2233 1498 2307 concessam,
1511 2214 1623 2295 idem
1641 2215 1804 2295 Iacobus
1824 2216 1956 2295 dolose
1971 2213 2045 2293 sibi
2059 2242 2280 2319 procurave-

851 2348 1235 2453 ratxarsignaribona
1265 2346 1376 2424 nobis
1398 2347 1616 2432 commissa,
1638 2375 1714 2453 que
1743 2346 1900 2427 fuerunt
1918 2344 2089 2427 Arnaudi
2106 2343 2278 2429 Embriui

804 2530 812 2549 .
854 2476 1334 2585 daberesioondqmpnnti,
1355 2476 1441 2583 plus
1456 2476 1858 2583 selenciamdupplo,
1878 2495 1918 2555 et
1936 2476 2077 2591 idcirco
2093 2474 2279 2582 peridem

848 2608 1037 2717 judicium
1057 2607 1294 2686 dictumbrit
1317 2608 1423 2714 qbn‘d
1447 2616 1500 2688 ex'
1516 2636 1647 2697 nuum.
1667 2627 1840 2693 sevocata
1858 2608 2068 2691 donacione
2087 2606 2277 2713 predicta,

852 2741 952 2819 bona
968 2740 1188 2848 hujusmodi
1209 2740 1258 2816 ad
1273 2768 1342 2817 nos
1359 2757 1595 2818 revertentur
1610 2757 1649 2818 et
1662 2740 1774 2823 nobis
1788 2738 2059 2827 remanebunt,
2077 2736 2280 2844 punicione

853 2872 995 2949 fraudis
1016 2890 1054 2949 et
1074 2871 1167 2962 doli,
1186 2872 1225 2947 in
1241 2871 1431 2977 premissis
1447 2900 1516 2977 per
1529 2872 1720 2978 predictos
1734 2871 1943 2960 habitores,
1955 2869 2113 2957 arbitrio
2131 2883 2280 2954 nostin,

854 3021 1037 3111 quantum
1059 3004 1105 3080 ad
1126 3031 1195 3081 nos
1214 3004 1402 3109 pertinet,
1429 3017 1635 3081 reservata.'

894 3136 1062 3214 ‘Sabbati
1083 3152 1168 3211 ante
1188 3135 1419 3213 Brandones.
1951 3213 1956 3219 ,

909 3269 980 3343 Ista
999 3267 1173 3373 inquesta
1196 3281 1254 3341 est
1272 3294 1364 3343 oum
1385 3265 1556 3369 aliaque
1571 3264 1741 3371 judicata
1760 3264 1831 3343 suit
1849 3267 1889 3347 in
1909 3265 2161 3371 pedamento,
2182 3292 2281 3342 anno

855 3396 1008 3475 Domini
1028 3395 1232 3473 millesimo
1251 3394 1518 3473 trecentesimo
1532 3394 1755 3474 undecimo.

909 3660 1036 3739 XXIII.
1055 3659 1165 3737 *Cum
1192 3657 1302 3735 nubis
1330 3658 1599 3750 demmciatum
1624 3657 1757 3737 suisset
1778 3656 1886 3764 quod
1909 3655 2135 3764 Hugolinus,
2164 3682 2283 3761 nepos

716 3878 720 3887 Ι
854 3792 1049 3874 Iaoobida
1069 3789 1303 3897 Peligniaco‚
1325 3787 1372 3865 de
1392 3787 1611 3867 illistribus
1630 3788 1795 3878 denariis
1805 3818 1910 3895 quos
1930 3787 2215 3893 condempnatis
2235 3787 2283 3864 dc

856 3924 979 4001 berosi
1007 3921 1165 3999 facimus
1188 3919 1490 4027 ministrariper
1513 3919 1634 4009 diem,
1663 3937 1701 4001 et
1724 3923 1773 3998 de
1792 3920 1951 4027 pecunia
1970 3948 2045 4026 que
2070 3918 2217 3996 eisdem
2235 3917 2283 3997 ab

857 4079 988 4133 eorum
1011 4053 1139 4131 etnicis
1158 4052 1389 4140 mittebatur,
1406 4068 1551 4129 ¹certam
1565 4062 1713 4159 partem
1727 4052 1800 4131 sibi
1817 4052 2019 4142 retinebat3
2035 4052 2147 4138 item,
2159 4050 2282 4157 quod,

857 4199 943 4293 post
961 4187 1111 4266 obitum
1131 4184 1346 4293 aliquorum
1367 4185 1540 4261 inmuro
1559 4184 1846 4272 deceden'cium,
1867 4184 2055 4292 stipendia
2074 4210 2144 4289 pro
2165 4183 2219 4259 eis
2232 4210 2286 4259 re

858 4320 1019 4423 cipiebat
1040 4347 1117 4426 »per
1135 4346 1275 4395 annum
1294 4316 1354 4394 nel
1371 4315 1590 4406 biennium,
1612 4332 1814 4423 antequam
1834 4344 1937 4395 mors
1957 4344 2089 4394 eorum
2110 4316 2284 4401 sciretur3

858 4448 966 4537 item,
989 4450 1095 4553 quod
1119 4450 1167 4524 do
1183 4474 1362 4526 merreno
1383 4463 1421 4524 et
1438 4447 1577 4557 tegulis
1600 4447 1739 4527 nostris
1757 4448 1961 4555 quamdam
1980 4447 2138 4527 domum
2157 4474 2285 4552 prose

859 4578 1214 4676 feceratedificari:
1234 4580 1322 4658 Visa
1335 4580 1509 4685 inquesta
1530 4609 1644 4685 super
1661 4580 1872 4671 biis'sacta,
1899 4578 2016 4657 nichil
2040 4577 2088 4654 de
2107 4576 2286 4683 predictis

859 4710 1052 4786 inventum
1073 4706 1147 4785 Iuit
1165 4726 1294 4787 contra
1314 4710 1439 4815 ipsum
1459 4708 1688 4791 sufficienter
1701 4711 1918 4817 probatum,
1943 4708 2135 4787 etidcirco
2152 4704 2199 4781 ab
2215 4705 2285 4781 bu-

854 4824 1026 4947 jusmodi
1047 4840 1118 4916 sibi
1138 4840 1325 4947 impositis
1344 4839 1417 4917 suit
1435 4842 1717 4921 sentencialiter
1734 4841 1942 4919 absolutus.

915 4970 1070 5047 Sabbeti
1087 4988 1174 5047 ante
1194 4970 1422 5049 Brandoues.

898 5235 1041 5313 ›xnlvt
1071 5235 1169 5313 Cum
1184 5234 1359 5316 consules
1371 5236 1480 5313 castri
1494 5236 1768 5315 Lemovicensis
1780 5260 1906 5312 coram
1921 5229 2212 5338 inquisitoribus
2222 5258 2288 5306 nu·

859 5393 927 5473 per
943 5395 964 5443 a
984 5364 1095 5443 nobis
1114 5367 1153 5443 in
1173 5366 1377 5444 Pictarensi
1398 5368 1616 5446 senescaIIia
1632 5364 1836 5473 deputatis,
1854 5379 1984 5441 contra
2002 5361 2216 5442 Gerardum
2237 5360 2285 5439 de

859 5498 1034 5587 Busche,
1056 5497 1234 5591 militam,
1254 5500 1510 5604 proponentes
1528 5498 1651 5604 quod,
1671 5526 1718 5574 eo
1737 5512 1908 5600 tempore
1928 5522 2006 5602 quo
2025 5494 2106 5600 ipse
2127 5510 2207 5572 erat
2224 5491 2285 5569 ba·
