5817 7292
935 1115 1009 1189 596
1519 1110 1608 1183 LES
1638 1110 1776 1184 OLIM.

715 1268 844 1323 Prunrs
854 1267 898 1327 tv,
935 1253 1028 1343 neti,
1046 1254 1147 1330 inter
1158 1269 1439 1358 procuratorem
1457 1270 1629 1329 nostrum
1644 1251 1860 1329 senescallie
1875 1253 2203 1362 Petragoricensis,
2220 1285 2262 1334 ex
2277 1289 2355 1337 una

774 1361 836 1403 Μ’
935 1402 1054 1492 parte,
1075 1402 1113 1460 et
1128 1383 1348 1461 Ratherium
1371 1402 1410 1460 et
1435 1383 1685 1463 Bertrandum
1707 1383 1755 1459 de
1779 1382 1963 1471 Calocata,
1987 1383 2135 1478 fratres,
2161 1388 2355 1482 exaltem,

937 1516 1083 1623 questio
1098 1530 1306 1591 verteretur
1321 1512 1528 1619 fuissetque
1543 1512 1692 1621 justicia
1709 1512 1891 1618 predicta,
1912 1530 2067 1621 propter
2085 1515 2267 1594 debatum
2283 1548 2362 1626 par·

939 1647 1054 1736 cium,
1080 1644 1127 1721 ad
1152 1671 1305 1721 manum
1329 1661 1511 1732 nostram,
1541 1661 1734 1748 tamquam
1761 1644 1964 1750 superioris
1984 1644 2120 1751 posita,
2149 1646 2363 1727 dicentibus

940 1776 1048 1855 dictis
1063 1773 1239 1852 fratribus
1251 1803 1309 1862 se,
1325 1792 1497 1882 tempore
1513 1773 1762 1880 opposicionis
1774 1803 1908 1853 manus
1922 1793 2047 1853 nostre
2063 1794 2102 1854 et
2112 1796 2215 1865 ante,
2230 1808 2311 1857 esse
2324 1797 2363 1855 et

938 1907 1053 1984 fuisse
1073 1907 1111 1981 in
1126 1904 1360 2013 possessione
1374 1903 1528 2011 pacifica
1538 1904 1689 2011 justicie
1707 1904 1891 2010 predicte,
1907 1905 2123 2012 petentibus
2136 1925 2220 1984 ante
2235 1911 2363 1987 omnia

940 2037 987 2114 de
1002 2037 1072 2113 hac
1086 2034 1267 2113 incidenti
1283 2036 1480 2143 questione
1495 2034 1686 2143 cognosci,
1702 2052 1740 2111 et
1754 2035 1892 2112 dictam
1907 2064 2062 2112 manum
2076 2055 2243 2115 nostram
2257 2058 2366 2117 ante·

941 2196 1069 2275 quam,
1083 2168 1305 2274 superdicto
1318 2166 1514 2273 principali
1529 2166 1701 2273 negocio,
1716 2184 1937 2243 tenerentur
1951 2167 2165 2273 procedere,
2182 2170 2355 2256 amoveri,

943 2299 1160 2404 dictumque
1176 2298 1319 2388 fuisset,
1331 2327 1399 2405 per
1413 2314 1595 2375 arrestum
1608 2298 1709 2375 curie
1724 2314 1868 2385 nostre,
1882 2299 1930 2375 de
1945 2296 2042 2374 dicta
2053 2297 2228 2375 incidenti
2243 2326 2358 2404 ques-

943 2430 1045 2506 tione
1065 2428 1187 2534 primo
1204 2428 1375 2534 cognosci
1392 2428 1548 2515 debere,
1561 2454 1739 2532 suspensa
1753 2425 2062 2533 mediotempore
2072 2426 2285 2534 cognicione
2300 2458 2359 2505 su·

945 2588 1012 2666 per
1024 2558 1123 2635 dicto
1136 2559 1292 2666 negocio
1301 2557 1628 2664 principalizDatis
1641 2558 1754 2664 igitur
1765 2587 1786 2634 a
1797 2556 1906 2635 nobis
1918 2559 2027 2635 certis
2037 2557 2294 2637 commissariis
2303 2588 2361 2636 su·

944 2718 1012 2795 per
1024 2689 1122 2766 dicta
1137 2689 1317 2767 incidenti
1331 2689 1545 2796 questione,
1564 2688 1733 2794 factaque
1748 2717 1816 2794 per
1834 2716 1899 2765 eos
1913 2688 2086 2795 inquesta
2104 2718 2217 2796 super
2230 2689 2363 2767 eadem

946 2820 1141 2927 questione
1163 2836 1200 2897 et
1219 2820 1268 2897 ad
1279 2836 1444 2897 nostram
1467 2819 1608 2897 curiam
1627 2819 1674 2895 de
1689 2836 1818 2897 nostro
1832 2836 2015 2924 asportata
2027 2820 2205 2895 mandato
2221 2847 2263 2896 ac
2282 2818 2366 2896 dili·

946 2968 1076 3058 genter
1089 2952 1180 3040 visa,
1203 2952 1291 3058 quia
1304 2980 1373 3057 per
1392 2979 1473 3027 eam
1490 2950 1638 3056 liquido
1653 2966 1889 3055 compertum
1909 2968 1966 3027 est
1978 2950 2097 3047 dictos
2108 2949 2257 3041 fratres,
2273 2966 2368 3027 tem·

946 3110 1038 3187 pore
1056 3081 1303 3187 opposicionis
1321 3110 1454 3158 manus
1475 3097 1618 3171 nostre,
1636 3108 1716 3156 esse
1734 3097 1773 3155 ct
1786 3078 1997 3158 antefuisse
2012 3080 2051 3156 in
2063 3078 2217 3185 pacifica
2232 3081 2367 3157 saisina

942 3211 1091 3318 justicie
1105 3212 1293 3317 predicte,
1308 3239 1376 3318 per
1393 3212 1496 3289 curie
1512 3228 1639 3289 nostre
1648 3210 1852 3318 judicium,
1868 3209 1940 3288 fuit
1955 3211 2097 3287 dictum
2110 3210 2217 3316 quod
2231 3238 2366 3287 manus

949 3358 1075 3417 nostra
1089 3341 1136 3417 de
1152 3340 1249 3417 dicta
1259 3341 1409 3447 justicia
1427 3340 1674 3430 amovebitur,
1691 3340 1764 3417 sub
1783 3340 1958 3417 caucione
1971 3340 2131 3446 ydonee,
2149 3339 2362 3417 secundnm

949 3486 1121 3545 tenorem
1136 3472 1266 3547 arresti
1279 3499 1347 3577 per
1361 3470 1503 3547 curiam
1517 3489 1684 3549 nostram
1694 3470 1794 3559 facti,
1813 3489 1850 3548 et
1862 3468 2036 3574 predictis
2046 3468 2233 3561 fratribus,
2244 3469 2285 3545 in
2299 3470 2369 3547 sai·

951 3598 1031 3675 sina
1048 3598 1145 3676 dicte
1152 3600 1316 3707 justicie,
1331 3601 1481 3678 interim
1494 3601 1793 3690 remanentibus,
1805 3628 1913 3706 super
1928 3600 2027 3678 dioto
2040 3598 2234 3705 principali
2249 3627 2368 3706 nego·

951 3728 1008 3807 cio
1021 3730 1260 3834 procedetur,
1278 3748 1315 3808 et
1329 3730 1569 3809 renovabitur
1584 3733 1797 3811 commissio
1817 3759 1929 3839 super
1947 3758 2009 3820 eo,
2025 3729 2136 3807 certis
2155 3730 2373 3809 commissa·

950 3860 1015 3936 riis
1034 3890 1148 3966 super
1162 3864 1235 3939 hoc
1251 3861 1475 3969 deputandis
1491 3892 1512 3939 a
1530 3863 1655 3953 nobis,
1678 3863 1818 3970 quibus
1840 3861 1991 3939 dabitur
2009 3862 2048 3937 in
2062 3859 2247 3938 mandatis
2264 3861 2377 3968 quod

951 3991 1178 4098 compellant
1194 3994 1313 4073 dictos
1328 3992 1460 4071 fratres
1476 3994 1616 4071 litteras
1634 4010 1672 4071 et
1693 3995 1940 4071 instrumenta
1952 4007 2164 4069 contractus
2182 3990 2301 4068 habiti
2319 3992 2379 4067 in

950 4138 1008 4197 ter
1035 4122 1211 4201 comitem
1231 4124 1572 4232 Petragoricensem
1590 4142 1627 4201 et
1644 4127 1746 4231 ipsos
1761 4154 1875 4230 super
1894 4122 2137 4201 translacione
2154 4121 2250 4228 juris
2267 4124 2379 4227 quod

951 4248 1115 4328 habebat
1136 4254 1238 4331 idem
1265 4284 1390 4333 comes
1415 4256 1454 4331 in
1471 4255 1622 4363 justicia
1645 4253 1902 4361 predictorum
1928 4254 2119 4343 locorum,
2139 4254 2382 4360 procuratori

953 4397 1081 4458 nostro
1096 4384 1276 4489 predicto,
1285 4386 1391 4494 juxta
1405 4385 1485 4463 fisci
1496 4385 1744 4493 privilegium,
1761 4385 1957 4475 exhibere3
1968 4383 2075 4492 qnod
2087 4384 2118 4460 si
2133 4381 2254 4460 Iacere
2268 4412 2383 4461 recu·

953 4511 1113 4589 saverint
1133 4514 1230 4593 dicta
1239 4516 1391 4624 justicia
1408 4518 1457 4595 ed
1473 4545 1630 4594 manum
1645 4533 1810 4593 nostram
1822 4515 1965 4603 statim,
1979 4513 2083 4593 nuIIa
2096 4513 2168 4590 aIia
2183 4540 2293 4590 cause
2314 4542 2385 4591 co-

952 4640 1127 4747 gnicione
1136 4646 1327 4751 premissa,
1340 4665 1555 4752 reponetur,
1568 4676 1639 4725 nec
1650 4646 1809 4725 ulterius
1817 4643 2044 4751 procedetur
2052 4646 2093 4720 in
2105 4637 2260 4752 negocio
2270 4644 2384 4749 prin-

953 4768 1081 4876 cipali,
1099 4773 1220 4852 donec
1235 4775 1333 4855 dicta
1347 4778 1594 4857 instrumenta
1607 4778 1733 4855 eidem
1746 4775 1978 4883 procuratori
1989 4792 2119 4853 nostro
2135 4772 2383 4851 exhibuerint

955 4918 991 4979 et
1007 4903 1054 4979 de
1069 4905 1288 5013 hujusmodi
1304 4937 1369 4985 sua
1384 4909 1617 4985 contumacia
1630 4908 1735 5017 prius
1755 4907 1999 4985 satisfecerint
2013 4918 2279 5011 competenter.

1010 5032 1185 5113 Mercurii
1203 5055 1289 5145 post
1307 5039 1594 5117 Penthecosten.

1015 5172 1065 5249 Μ.
1083 5169 1127 5248 G.
1146 5169 1192 5247 de
1213 5170 1308 5246 Usco
1329 5170 1540 5274 reportavit.

1012 5429 1231 5510 LXXXVIII.
1251 5428 1365 5518 Cum,
1379 5458 1423 5507 ex
1437 5447 1539 5534 parte
1553 5430 1989 5537 religiosorumvirorum
2003 5427 2148 5505 abbatis
2161 5443 2200 5503 et
2212 5454 2390 5505 conven-
