5817 7292
861 1018 936 1095 tos
1457 1019 1545 1093 crs
1575 982 1717 1091 on'rn.

638 1178 767 1230 Parum
779 1172 821 1230 Ν·
857 1181 942 1241 tum
957 1162 1027 1241 snit
1041 1190 1109 1240 nos
1125 1188 1204 1241 osse
1218 1178 1256 1239 et
1269 1189 1467 1239 remanere
1482 1159 1641 1249 debere,
1656 1176 1851 1265 tamquam
1863 1160 2129 1267 partem‚jure
2141 1181 2285 1255 nostro,

698 1265 760 1310 Μ’
859 1296 899 1373 in
919 1296 1051 1373 saisina
1073 1293 1269 1374 exercendi
1289 1321 1444 1373 omnem
1462 1292 1653 1401 justiciam
1676 1290 1789 1369 altam
1809 1307 1848 1367 et
1865 1290 2013 1369 bassam
2031 1291 2072 1369 in
2093 1292 2185 1371 locis
2205 1324 2271 1401 pre

860 1426 985 1521 dictis,
1002 1427 1259 1516 salvatamen,
1276 1452 1390 1532 super
1403 1425 1494 1514 hoc,
1509 1422 1609 1531 parti
1623 1423 1794 1511 adverse,
1812 1422 2013 1530 questione
2031 1424 2287 1533 proprietatis,

860 1577 898 1637 et
910 1558 1045 1636 dictam
1058 1574 1204 1663 partem
1215 1556 1408 1633 adversam
1422 1584 1502 1635 esse
1516 1555 1555 1632 in
1572 1554 1708 1634 saisina
1722 1554 1922 1633 exercendi
1933 1554 2241 1664 jurisdictionem
2251 1559 2289 1635 in

860 1689 958 1767 dicta
973 1687 1168 1796 parrochia
1184 1686 1232 1764 de
1249 1686 1421 1776 Antaeo,
1442 1685 1538 1764 etin
1555 1714 1599 1763 ea
1616 1713 1810 1765 remanere
1829 1686 1986 1778 debere,
2008 1688 2106 1767 salva
2124 1686 2236 1768 nobis
2250 1692 2289 1767 in

858 1819 1077 1929 hujusmodi
1092 1818 1292 1926 questione
1304 1817 1566 1926 proprietatis;
1583 1835 1621 1897 et
1636 1846 1771 1896 manus
1785 1836 1929 1911 nostra,
1947 1818 2091 1899 ibidem
2103 1822 2286 1928 apposito,

857 1950 928 2029 fuit
943 1970 1082 2042 amota,
1098 1968 1136 2028 et
1150 1950 1269 2029 eciam
1284 1926 1418 2029 manus
1431 1966 1573 2041 nostra,
1585 1950 1755 2058 apposita
1765 1950 1805 2027 in
1819 1949 1917 2029 dicta
1930 1952 2128 2058 parrochia
2139 1952 2187 2031 de
2202 1954 2290 2031 Bus

858 2100 955 2173 seco,
971 2080 1043 2161 luit
1058 2099 1199 2171 amota,
1217 2081 1313 2161 salva
1328 2080 1440 2160 nobis
1456 2080 1653 2189 questione
1665 2082 1906 2189 proprietatis
1921 2100 1962 2160 et
1974 2083 2218 2190 possessionis
2224 2084 2288 2190 ju·

858 2213 1085 2292 risdictionis
1098 2214 1138 2291 in
1149 2213 1233 2292 loco
1243 2211 1435 2320 predicto;
1451 2229 1507 2301 et,
1523 2239 1593 2319 pro
1609 2212 1821 2291 excessibus
1835 2212 2030 2320 predictis,
2046 2214 2190 2321 liquide
2204 2243 2287 2321 pro

857 2348 972 2438 batis,
993 2346 1137 2425 dictum
1157 2344 1230 2422 fuit
1247 2344 1352 2451 quod
1370 2360 1503 2453 gentes
1524 2342 1616 2421 dicti
1640 2343 1740 2451 regis
1758 2342 1892 2453 Anglie
1917 2344 1989 2424 boc
2009 2344 2282 2434 emendabunt;

859 2506 972 2585 quam
994 2476 1338 2584 emendam'postea
1358 2474 1460 2552 curia
1473 2490 1618 2565 nostra,
1640 2477 1932 2555 contradictum
1952 2480 2144 2585 Augemm
2162 2476 2282 2565 Mota,

858 2626 950 2685 tunc
964 2606 1210 2685 senescallum
1226 2605 1480 2714 dgenensem‚
1491 2605 1627 2684 mavit
1641 2604 1691 2683 ad
1700 2607 1870 2715 quinque
1886 2606 2005 2685 millia
2016 2606 2196 2685 librarum
2210 2608 2287 2685 Tu-

857 2738 1096 2828 ronensium,
1119 2736 1247 2825 nobis,
1270 2762 1339 2843 pro
1360 2735 1520 2814 emenda
1540 2734 1817 2845 predictorum,
1840 2737 2033 2817 solvenda.

913 2869 1011 2947 lovis
1031 2882 1118 2945 ante
1137 2865 1399 2947 Candelosarn.

914 2999 1071 3078 Cuillier
1090 2998 1302 3105 reportavit.
1440 3033 1443 3044 ·

913 3268 1005 3343 XXI.
1037 3265 1123 3343 Visa
1144 3265 1313 3372 inquesta
1335 3264 1428 3343 lacta
1449 3265 1547 3343 inter
1565 3265 1738 3345 abbatem
1759 3266 1941 3355 Obarine‚
1955 3294 1999 3343 ex
2017 3283 2122 3372 parte
2144 3293 2233 3353 una,
2247 3282 2286 3342 et

858 3396 1107 3473 Bertrandum
1132 3386 1423 3475 ot'Armandum
1449 3395 1497 3473 de
1521 3395 1721 3487 Grumum,
1742 3394 1889 3486 fratres,
1912 3394 2068 3486 milites,
2091 3413 2283 3476 eteorum

859 3542 1066 3616 consortes,
1089 3554 1134 3605 ex
1153 3526 1286 3616 altera,
1309 3555 1485 3633 supereo
1501 3527 1606 3634 quod
1626 3527 1775 3606 dicebat
1793 3526 1917 3604 dictus
1935 3525 2050 3604 abbas
2067 3527 2172 3635 quod
2193 3527 2283 3605 dicti

858 3656 997 3737 milites
1018 3674 1205 3736 eteorum
1226 3676 1420 3737 consortes
1440 3658 1623 3767 injuriose
1642 3656 1808 3738 fecerant
1825 3657 1945 3737 occidi
1965 3658 2150 3765 quosdam
2168 3658 2284 3737 boves

856 3789 973 3897 ipsius
993 3789 1156 3879 abbatim
1175 3818 1261 3868 cum
1278 3790 1473 3869 inventum
1492 3789 1607 3869 luerit
1620 3790 1758 3869 dictam
1771 3790 1981 3899 inquestam
1996 3817 2074 3868 nou
2088 3818 2168 3868 esse
2184 3818 2286 3868 com·

855 3921 1013 4026 pletam,
1035 3950 1104 4028 per
1123 3922 1264 3999 curiam
1290 3922 1435 4001 dictum
1462 3922 1537 4000 tuit
1554 3920 1660 4030 quod
1685 3920 1784 3999 dicta
1811 3923 1984 4030 inquesta
2005 3922 2219 4000 remittetur
2238 3923 2285 3998 ad
2364 4000 2373 4013 ,

856 4050 1129 4157 perficiendum
1142 4080 1211 4160 per
1226 4054 1408 4162 majorem
1420 4053 1592 4162 judicem
1608 4053 1827 4132 senescallie
1839 4053 2166 4160 Petregoricensis‚
2179 4081 2284 4131 voca-

855 4184 904 4261 tis
916 4184 1099 4289 partibus,
1112 4201 1151 4261 et
1162 4185 1333 4264 lobanne
1348 4184 1510 4275 calveti,
1526 4201 1770 4291 procuratore
1783 4201 1913 4263 nostro
1928 4184 2147 4265 senescallie
2159 4186 2283 4263 Petra-

856 4314 1069 4420 goricensis.

912 4445 1012 4523 Jovis
1030 4446 1210 4553 predicta.

816 4664 820 4671 ,
910 4575 1068 4657 Cuillier
1087 4580 1299 4687 reportavit.

910 4710 1133 4790 Procurator
1151 4712 1465 4822 Petregoricensis
1484 4715 1620 4793 babuit
1640 4740 1735 4792 eam.

894 4975 1019 5065 XXII.
1050 4976 1153 5053 Mota
1166 4976 1366 5083 questione
1381 4976 1481 5055 inter
1495 4976 1729 5085 prepositum
1746 4993 1918 5054 nostrum
1932 4976 2114 5064 Cnosiaci,
2127 4975 2280 5053 nomine

852 5120 999 5197 nostro,
1026 5134 1069 5183 ex
1094 5132 1170 5185 una
1188 5124 1311 5213 parte,
1334 5125 1372 5186 et
1399 5107 1574 5187 homines
1595 5106 1770 5187 villarum
1794 5106 1977 5185 Coulliaci
1997 5105 2103 5183 etde
2127 5105 2281 5183 Sancto-

852 5232 1061 5327 Germano,
1076 5236 1265 5327 exaltem,
1283 5266 1397 5345 super
1417 5238 1581 5347 eoquod
1594 5238 1699 5318 idem
1714 5238 1943 5347 prepositus,
1958 5235 2112 5313 nomine
2131 5250 2278 5323 nostro,

852 5366 1004 5471 petebat
1023 5367 1143 5447 dictos
1158 5366 1333 5448 homines
1348 5370 1525 5476 compelli
1542 5370 1591 5449 ad
1606 5369 1925 5449 contribuendum
1941 5365 2137 5446 refectioni
2155 5366 2280 5475 pontis
