5817 7292
1039 1094 1309 1202 evocares
1336 1112 1399 1184 nr
1427 1090 1636 1185 rnocns.
1977 1112 2045 1183 rav

621 1254 768 1342 liandc,
790 1268 962 1359 petentes
982 1252 1127 1331 dictum
1143 1252 1400 1331 vicecomitem
1421 1251 1600 1358 compelli
1619 1250 1668 1328 ad
1683 1250 1961 1328 restituendum
1980 1252 2051 1331 eis-
2084 1261 2214 1315 aarum
2235 1264 2277 1325 W.

620 1386 709 1464 dem
724 1401 888 1465 castrum
902 1382 1136 1490 predictum;
1153 1385 1255 1464 dicto
1269 1384 1488 1462 vicecomite
1501 1383 1541 1460 in
1551 1383 1781 1463 contradam
1793 1400 2046 1490 proponente,
2149 1356 2211 1397 ω’

619 1533 658 1595 et
682 1515 831 1593 dicente
855 1543 896 1593 se
917 1515 1062 1593 dictum
1086 1532 1250 1594 castrum
1275 1514 1416 1621 cepisse
1441 1532 1480 1593 et
1502 1532 1653 1605 tenere,
1678 1516 1823 1593 utendo
1841 1514 1929 1622 jure
1951 1544 2046 1594 suo:

617 1646 806 1737 Tandem,
826 1644 965 1723 auditis
980 1673 1097 1753 super
1110 1647 1184 1725 hoc
1196 1645 1410 1725 racionibus
1424 1646 1623 1753 utriusque
1636 1646 1753 1752 partis
1766 1662 1806 1722 et
1815 1644 1893 1723 visa
1908 1675 1950 1723 ac
1965 1645 2050 1722 dili-

614 1795 748 1885 genter
767 1778 933 1885 inspecta
951 1778 1124 1885 inquesta
1146 1808 1261 1885 super
1283 1779 1356 1856 hoc
1376 1779 1423 1856 de
1443 1778 1619 1855 mandato
1632 1795 1768 1856 nostro
1787 1776 1901 1867 sacta,
1925 1780 2047 1857 dictus

614 1908 839 1999 vicecomes,
860 1935 929 2013 per
952 1928 1137 1987 arrestum
1158 1927 1286 1987 nostre
1308 1911 1431 1999 curie,
1455 1910 1754 2015 condempnatus
1776 1908 1849 1986 suit
1868 1909 1917 1986 ad
1937 1910 2045 1988 resti-

613 2041 802 2119 tuendum
814 2039 1008 2118 Bernardo
1025 2056 1063 2117 et
1077 2040 1270 2119 Gauberto
1281 2039 1461 2147 predictis
1474 2054 1636 2117 castrum
1650 2041 1926 2148 supradictum,
1946 2040 2045 2119 salvo

614 2170 740 2249 eidem
763 2170 975 2247 vicecomiti
987 2171 1075 2279 jure
1095 2198 1185 2263 suo,
1210 2188 1390 2278 tanquam
1413 2172 1569 2248 domino
1591 2171 1730 2249 feodali
1752 2189 1792 2249 et
1811 2171 1900 2249 alias
1920 2173 1958 2249 in
1982 2202 2047 2251 eo·

612 2300 701 2378 dem
717 2318 857 2393 castro,
872 2302 904 2379 si
922 2318 959 2380 et
977 2301 1016 2379 in
1032 2317 1218 2408 quantum
1236 2303 1284 2381 de
1295 2303 1383 2412 jure
1399 2332 1467 2381 seu
1480 2303 1598 2409 patrie
1613 2303 1889 2381 consuetudine
1902 2304 2045 2383 salvum

614 2458 694 2509 esse
715 2429 884 2509 debebit.

669 2563 797 2640 Martis
816 2581 900 2669 post
920 2563 1197 2671 Magdalenam,
1218 2594 1319 2653 anno
1337 2567 1604 2646 trecentesimo
1632 2586 1778 2674 quarto.

670 2826 812 2905 XXXV.
843 2826 942 2907 Cum
959 2827 1060 2905 inter
1077 2828 1259 2907 dilectum
1273 2845 1311 2906 et
1324 2824 1482 2905 fidelem
1497 2846 1669 2905 nostrum
1682 2828 1901 2935 episcopum
1916 2829 2045 2907 Belva-

613 2983 781 3047 censem,
803 2985 847 3035 ex
862 2986 938 3035 una
957 2975 1079 3064 parte,
1102 2976 1141 3037 et
1152 2960 1372 3067 magistrum
1393 2958 1582 3035 Thomam
1602 2959 1651 3036 de
1666 2958 1846 3066 Sarnayo,
1863 2957 2042 3037 clericum

613 3104 804 3177 nostrum,
823 3103 861 3165 et
874 3090 1087 3167 Johannem
1101 3088 1147 3167 de
1163 3093 1364 3199 Moncayo,
1382 3089 1609 3197 regalatores
1623 3106 1773 3167 nostros
1788 3117 1909 3195 nuper
1921 3090 2044 3168 Belva-

612 3244 759 3307 censes,
781 3248 825 3297 ex
845 3220 933 3309 alia,
954 3222 1204 3299 controversia
1222 3238 1319 3299 esset
1338 3237 1419 3299 orta
1438 3250 1553 3328 super
1572 3249 1617 3297 eo
1637 3220 1743 3326 quod
1763 3220 1886 3298 dictus
1905 3223 2043 3328 episco

610 3376 684 3453 pus
707 3350 895 3429 asserebat
926 3351 1034 3459 quod
1060 3352 1150 3429 dicti
1176 3352 1422 3461 regalatnres,
1450 3352 1611 3429 durante
1642 3352 1780 3458 regalia
1806 3352 2039 3444 Belvacensi,

612 3498 742 3559 contra
749 3482 814 3590 jus
825 3501 863 3560 et
876 3483 1195 3562 consuetudinem
1204 3485 1389 3593 regalium
1403 3484 1525 3564 muita
1541 3484 1703 3591 dampna
1719 3484 1928 3561 intulerant
1939 3485 2040 3563 dicto

612 3612 860 3720 episcopatui,
883 3615 1094 3695 scindendo
1118 3616 1355 3725 episcopatus
1376 3646 1534 3695 nemora
1559 3617 1597 3693 in
1622 3616 1737 3693 nimia
1757 3616 1983 3723 quantitate,
2005 3636 2042 3695 et

612 3743 731 3819 eciam
751 3762 837 3823 ante
856 3763 1007 3855 tempus
1027 3748 1253 3826 conveniens
1269 3766 1308 3827 et
1324 3767 1549 3828 consuetum
1569 3749 1617 3825 ad
1637 3776 1680 3825 ea
1699 3747 1969 3835 scindendum,
1986 3749 2041 3825 vi-

613 3900 702 3953 neas
722 3875 811 3954 dicti
833 3879 1071 3987 episcopatus
1090 3880 1319 3958 dimittendo
1340 3881 1518 3967 incultas,
1536 3878 1754 3985 recipiendo
1770 3880 1970 3984 pecuniam
1992 3880 2039 3955 do

613 4005 770 4085 calceata
786 4009 1016 4103 Belvacensi,
1035 4029 1073 4091 et
1088 4041 1170 4089 earn
1186 4040 1264 4089 non
1281 4010 1535 4089 convertendo
1547 4010 1585 4087 in
1602 4009 1701 4086 dicte
1718 4008 1878 4086 calceate
1894 4027 2040 4087 susten·

611 4138 816 4233 tacionem,
835 4157 874 4218 et
888 4141 1008 4219 multa
1023 4142 1096 4220 alia
1115 4141 1325 4249 gravamina
1345 4159 1385 4221 et
1399 4142 1562 4247 dampna
1577 4141 1616 4215 in
1631 4138 1774 4217 eisdem
1786 4138 1977 4244 regalibus
1989 4140 2039 4216 in·

611 4264 786 4362 ferenda,
808 4270 974 4380 ideoque
994 4272 1148 4381 petebat
1171 4274 1334 4379 dampna
1353 4288 1392 4349 et
1410 4270 1622 4380 gravamina
1642 4269 1810 4377 predicta
1827 4269 1900 4346 sibi
1925 4298 2039 4347 resar-

612 4400 679 4479 ciri
703 4419 741 4479 et
763 4402 975 4495 emendari3
1004 4403 1114 4481 dictis
1140 4403 1413 4511 regalatoribus
1440 4402 1480 4479 in
1504 4400 1734 4479 contrarium
1761 4398 1976 4479 dicentibus
1999 4419 2038 4478 et

610 4531 786 4639 pluribus
802 4536 1017 4613 racionibus
1036 4534 1335 4645 proponentibus
1354 4536 1478 4644 quod,
1500 4532 1683 4643 quicquid
1702 4532 1773 4640 ipsi
1795 4531 1974 4622 fecerant,
1996 4534 2036 4610 in

612 4664 798 4743 dictorum
819 4638 1002 4775 regalium
1020 4667 1192 4747 custodia
1207 4686 1246 4747 et
1262 4668 1552 4775 explectatione,
1574 4666 1713 4743 sactum
1733 4664 1855 4741 suerat
1878 4663 1976 4742 bene
1998 4683 2037 4743 et

605 4794 727 4902 juste,
755 4815 793 4875 et
815 4798 1028 4878 secundum
1054 4800 1237 4908 regalium
1261 4800 1578 4879 consuetudinem
1597 4799 1686 4906 jure
1712 4813 1841 4877 nostro
1865 4795 2033 4875 utendo:

610 4926 798 5021 Tandem,
815 4930 955 5009 auditis
972 4930 1060 5008 hinc
1078 4931 1170 5011 inde
1184 4932 1403 5041 propositis,
1424 4947 1463 5007 et
1479 4930 1555 5008 visa
1573 4929 1746 5036 inquesta
1761 4956 1875 5035 super
1894 4927 1967 5005 biis
1987 4929 2035 5007 de

610 5059 786 5139 mandato
807 5076 936 5139 nostro
954 5062 1066 5151 facta,
1083 5064 1273 5170 predictos
1287 5061 1513 5170 regalatores
1527 5060 1574 5137 ad
1589 5058 1830 5139 reddendum
1844 5057 1947 5135 dicto
1960 5059 2036 5165 epi·

609 5217 723 5297 scopo
737 5193 925 5301 sexaginta
939 5193 1053 5273 libras
1066 5195 1307 5282 Parisienses,
1321 5192 1472 5271 racione
1486 5192 1679 5270 vinearum
1694 5190 1786 5269 dicti
1801 5189 2036 5297 episcopatus

608 5348 685 5399 non
701 5322 799 5401 bene
820 5324 1007 5403 cultarum
1027 5326 1126 5405 dicta
1147 5326 1306 5405 durante
1325 5323 1480 5432 regalia,
1502 5339 1542 5401 et
1560 5323 1609 5400 ad
1626 5320 1868 5401 reddendum
1886 5319 2033 5399 bonum

610 5470 827 5559 compotum
853 5454 901 5533 de
924 5456 1062 5563 vigenti
1085 5458 1206 5537 tribus
1230 5456 1338 5535 libris
1358 5454 1646 5544 Parisiensibus,
1666 5480 1760 5561 quas
1783 5478 1823 5529 se
1846 5446 2032 5553 recepisse

697 5624 747 5668 m
768 5626 853 5669 οιιΙ.
877 5629 923 5671 tu.
1865 5604 1902 5664 18
