5817 7292
994 1050 1262 1163 saoneres
1287 1066 1350 1143 ar
1376 1052 1583 1146 moces.
1925 1071 2000 1147 655

582 1229 712 1320 questa
727 1238 841 1318 super
858 1211 931 1291 hoc
949 1209 1043 1289 sacta
1063 1239 1104 1287 ac
1124 1209 1294 1317 pluribus
1307 1210 1485 1318 judicatis
1506 1227 1583 1286 tam
1603 1210 1642 1287 in
1660 1208 1807 1316 placitis
1824 1240 1939 1320 mam
1962 1212 2001 1290 in
2039 1222 2168 1277 aereum
2182 1224 2225 1284 tv,

582 1341 707 1423 assisia
732 1341 1016 1421 contradictum
1035 1342 1218 1448 Agatham
1231 1370 1344 1447 super
1364 1343 1438 1420 hoc
1455 1340 1560 1418 factis
1579 1359 1617 1418 et
1637 1340 1791 1430 habitis,
1810 1370 1880 1448 per
1897 1343 2000 1421 curie
2101 1316 2163 1359 ’ω’

582 1488 708 1551 nostre
718 1470 927 1579 judicium,
948 1471 1240 1579 pronunciatum
1256 1471 1329 1549 suit
1346 1471 1452 1579 quod
1470 1472 1570 1549 dicta
1588 1470 1731 1579 Agatha
1745 1468 1910 1576 amplius
1925 1498 2002 1549 non

583 1602 801 1681 admittetur
820 1602 989 1680 adanam
1011 1602 1236 1709 peticionem
1254 1602 1477 1707 predictam,
1495 1620 1534 1679 et
1547 1601 1652 1708 quod
1668 1600 1766 1677 dicta
1780 1600 1947 1708 judicata
1964 1600 2003 1676 in

583 1759 653 1811 suo
680 1732 817 1813 robore
841 1734 1107 1825 remanebunt,
1134 1750 1172 1811 et
1191 1762 1306 1840 super
1324 1734 1396 1811 hoc
1421 1733 1606 1841 imposuit
1623 1732 1726 1809 curia
1747 1747 1873 1809 nostra
1892 1730 2004 1809 silen-

583 1863 685 1940 cium
704 1881 930 1975 perpetuum
949 1862 1092 1970 Agathe
1107 1863 1288 1970 predicte.

638 1994 745 2071 Lune
765 2011 850 2073 ante
866 1993 1134 2073 Asceneionem
1149 1993 1314 2071 Domini.

637 2121 788 2227 Crepon
809 2123 1024 2230 reportavit.

635 2385 760 2464 XXIV.
792 2386 875 2465 Lite
888 2404 1002 2477 mota,
1014 2413 1140 2464 coram
1152 2384 1344 2491 preposito
1357 2385 1574 2476 Parisiomi,
1590 2386 1691 2464 inter
1707 2384 1889 2463 iacobum
1903 2386 2005 2463 Bou-

580 2513 685 2604 celli‚
707 2545 750 2593 ex
771 2546 845 2594 una
864 2534 988 2623 parte,
1015 2534 1054 2594 et
1076 2513 1252 2594 abbatem
1272 2529 1311 2592 et
1329 2531 1554 2592 conventum
1575 2513 1917 2595 Sancte-Genovefe
1937 2516 2004 2592 Pa·

579 2644 760 2735 rmensis,
783 2674 827 2723 ex
842 2647 976 2740 altera,
994 2672 1168 2751 supereo
1191 2646 1297 2751 quod
1315 2644 1439 2723 dictus
1452 2644 1614 2723 Jacobus
1630 2643 1780 2722 dicebat
1793 2644 1897 2749 quod
1911 2643 2002 2721 dicti

580 2775 694 2854 abbas
708 2794 747 2853 et
763 2794 969 2856 conventus
982 2792 1088 2855 erant
1102 2776 1173 2853 sibi
1189 2776 1344 2884 obligati
1363 2776 1403 2852 in
1418 2803 1553 2856 novem
1570 2774 1710 2853 modiis
1721 2792 1760 2853 et
1774 2774 1905 2853 decem
1921 2802 2002 2852 sex-

579 2906 682 2984 tariis
694 2906 874 2987 frumenti
889 2908 980 2987 boni
1000 2924 1038 2985 et
1052 2905 1200 3015 legalis,
1217 2907 1264 2984 ad
1283 2934 1498 2983 mensuram
1512 2905 1775 2997 Parisiensem‚
1793 2906 1842 2982 ad
1858 2933 1920 2983 sex
1937 2904 2003 2983 de-

580 3038 704 3117 narios
720 3067 838 3145 prope
859 3039 1027 3117 melioris
1048 3036 1225 3116 immenti
1247 3039 1350 3145 quod
1374 3037 1605 3116 inveniretur
1624 3037 1665 3114 in
1683 3035 1766 3115 foro
1785 3036 1999 3125 Parisiensi‚

580 3185 618 3244 et
629 3168 732 3275 quod
750 3169 892 3249 dietum
906 3170 1079 3263 bladum,
1096 3197 1183 3247 eum
1195 3167 1375 3246 omnibus
1387 3166 1561 3273 dampnis
1572 3167 1619 3245 ad
1631 3194 1846 3251 mensuram
1860 3166 2002 3273 predic·

578 3316 670 3392 tam,
686 3297 939 3378 dictoJacobo
950 3300 1008 3377 vel
1028 3302 1109 3410 ejus
1121 3314 1225 3378 certo
1241 3298 1435 3386 mandato,
1452 3296 1663 3389 bonafide,
1679 3296 1751 3374 sub
1766 3295 2001 3403 obligacione

578 3429 749 3508 omnium
763 3430 952 3508 bonorum
966 3459 1123 3509 suorum
1138 3427 1415 3534 temporalium,
1435 3426 1579 3505 solvere
1595 3444 1634 3505 et
1647 3425 1810 3503 reddere
1818 3427 2002 3532 promise-

578 3576 667 3637 mut
678 3560 1023 3668 quocienscumque
1034 3592 1055 3639 a
1067 3561 1168 3639 dicto
1180 3558 1318 3637 Jacobo
1333 3558 1391 3637 vel
1408 3559 1491 3667 ejus
1506 3573 1608 3635 certo
1620 3554 1797 3633 mandato
1809 3554 1935 3635 forent
1947 3584 2002 3635 re·

577 3689 723 3795 quisiti‚
744 3691 900 3795 etquod
916 3691 1007 3768 dieti
1021 3689 1187 3798 religiosi
1208 3690 1256 3765 de
1278 3687 1382 3766 dieto
1400 3686 1591 3765 frumento
1610 3682 1807 3772 solvendo,
1828 3699 2000 3791 tempore

579 3818 823 3925 competenti,
847 3819 1002 3897 filerunt
1015 3817 1203 3927 requisiti,
1222 3834 1260 3893 et
1275 3815 1486 3893 satisfacere
1502 3814 1710 3892 noluerunt
1728 3812 1819 3889 dicti
1834 3814 1999 3922 religiosi

579 3948 627 4027 de
641 3948 832 4029 frumento
845 3950 1027 4056 predicto,
1045 3974 1160 4056 quare
1177 3946 1330 4052 petebat
1342 3945 1653 4033 dietusiacobus‚
1664 3958 1794 4022 contra
1808 3942 1929 4021 dictos
1947 3974 2001 4021 re-

579 4079 750 4187 ligiosos,
767 4096 865 4157 certa
877 4079 977 4160 bona
990 4097 1029 4158 et
1041 4080 1124 4158 loca
1133 4074 1354 4183 temporalia
1370 4076 1559 4153 dictorum
1566 4073 1839 4183 religiosorum,
1853 4073 1902 4152 de
1915 4076 2002 4181 qui-
2075 4144 2080 4151 .

577 4210 649 4289 bus
671 4211 765 4289 sacta
786 4228 842 4289 est
862 4227 1045 4301 monstra,
1067 4238 1141 4317 qne
1167 4211 1248 4316 ipse
1272 4205 1421 4285 dicebat
1444 4206 1517 4285 sibi
1537 4232 1617 4283 esse
1640 4203 1823 4311 obligata,
1843 4206 2000 4285 nomine
2043 4186 2062 4226 ⁸

577 4340 781 4447 ypothece,
807 4368 876 4445 pro
907 4340 1037 4421 debito
1063 4338 1299 4446 supradicto,
1327 4338 1396 4415 sibi
1425 4364 1495 4443 per
1526 4334 1740 4443 predictum
1763 4334 2000 4441 prepositum

576 4472 676 4549 tradi
696 4488 734 4549 et
756 4471 956 4550 deliberari
977 4499 1046 4578 pro
1066 4470 1167 4549 dicto
1188 4467 1317 4547 debito
1339 4466 1599 4574 explectanda;
1621 4480 1864 4572 procuratore
1881 4463 2003 4543 dicto-

578 4630 663 4680 rum
694 4602 957 4711 religiosorum
987 4600 1094 4709 plura
1126 4628 1169 4677 ex
1201 4599 1355 4677 adverso
1387 4597 1634 4675 declinatorie
1663 4612 1919 4703 proponente,
1952 4598 2000 4673 ad

577 4734 688 4812 illum
703 4732 819 4811 finem
839 4734 944 4841 quod
965 4733 1088 4811 dictus
1106 4731 1322 4838 prepositus
1344 4729 1391 4807 de
1409 4727 1588 4835 predictis
1607 4754 1686 4805 non
1704 4744 1946 4837 cognosceret
1962 4745 2001 4804 et

577 4864 681 4971 quod
700 4864 868 4975 cognicio
892 4864 991 4944 dicte
1014 4888 1122 4941 cause
1143 4862 1190 4940 ad
1211 4888 1345 4940 eorum
1365 4886 1521 4939 examen
1544 4859 1810 4949 remitteretur,
1839 4859 1999 4970 maxime

577 5024 663 5075 cum
680 4997 807 5075 dicant
831 4994 924 5079 dicti
946 4994 1111 5104 religiosi
1137 4992 1393 5071 omnimodam
1408 4989 1718 5100 jurisdiceionem
1738 4990 1926 5067 dictoriam
1945 4988 2001 5065 Ιο-

577 5154 706 5206 corum
728 5145 765 5205 et
782 5126 989 5217 bonorum,
1012 5125 1060 5204 de
1079 5123 1218 5232 quibus
1237 5122 1330 5201 sacto
1353 5139 1410 5203 est
1428 5139 1612 5211 monstra,
1628 5122 1688 5201 sel
1706 5120 1841 5200 saltem
1856 5119 1999 5227 aliquo·

577 5284 661 5336 rum
683 5287 726 5336 ex
745 5260 851 5366 ipsis,
874 5259 922 5339 ad
941 5286 1005 5339 eos
1025 5258 1234 5365 pertinere3
1254 5254 1393 5335 auditis
1413 5254 1629 5333 racionilms
1646 5253 1845 5361 utrimque
1861 5250 1996 5358 partis,

577 5414 645 5491 per
665 5388 807 5467 dictum
837 5390 1070 5496 prepositum
1090 5386 1302 5496 judicatum
1318 5384 1389 5465 fuit
1413 5384 1520 5495 quod
1535 5384 1705 5491 cognicio
1716 5382 1816 5461 dicte
1834 5406 1942 5457 cause
1956 5378 1996 5454 in
