5817 7292
996 1050 1261 1159 arounrns
1288 1068 1352 1139 nr
1380 1049 1586 1140 raeces.
1923 1068 1993 1138 oor

583 1214 725 1291 dictum
741 1210 813 1290 luit
827 1211 931 1318 quod
947 1210 1045 1287 dicta
1058 1208 1278 1289 informacio
1289 1236 1365 1286 non
1377 1206 1619 1315 judicabitur,
1636 1234 1740 1294 cum,
1761 1234 1828 1312 per
1840 1205 1997 1284 modum
2037 1214 2166 1271 ruiense
2177 1214 2223 1279 tv,

583 1345 772 1450 inquesta,
788 1370 864 1419 non
880 1339 993 1418 luerit
1006 1340 1098 1419 facta
1108 1403 1117 1432 ‚
1128 1339 1196 1417 sed
1208 1340 1238 1416 si
1255 1337 1345 1417 dicti
1360 1336 1527 1444 religiosi
1538 1318 1651 1441 super
1662 1335 1888 1441 proprietate
1900 1336 1999 1413 dicte
2098 1305 2160 1347 ”m

577 1474 730 1581 justicie
746 1491 874 1551 contra
887 1501 958 1551 nos
976 1472 1108 1550 volunt
1123 1500 1252 1579 agere,
1272 1498 1386 1575 super
1397 1468 1487 1555 boc,
1504 1467 1562 1545 ria
1579 1466 1783 1554 ordinaria,
1799 1465 2002 1543 audientur

584 1624 620 1683 et
642 1603 707 1683 liet
720 1606 795 1712 jus.

639 1736 814 1814 Mercurii
836 1736 1014 1840 predicta.

641 1867 812 1944 Decanus
828 1866 875 1944 dc
890 1864 1057 1944 Caesello
1077 1868 1290 1972 reportarit.

639 2126 762 2204 XClIl.
794 2128 909 2213 Cum,
928 2098 1088 2232 exparte
1104 2124 1240 2230 prioris
1254 2124 1301 2201 de
1317 2124 1536 2231 Albigniaco
1549 2125 1692 2231 captivo
1707 2142 1746 2202 et
1754 2126 2003 2232 procuratoris

584 2258 700 2334 nostri
716 2256 958 2335 Bituricensis
972 2255 1104 2335 suisset
1117 2254 1254 2333 ballivo
1269 2256 1510 2347 Bituricensi‚
1526 2258 1811 2362 conquerendo,
1829 2275 2005 2336 monstra·

582 2401 663 2461 tum
679 2387 782 2494 quod
799 2385 966 2465 Andreas
981 2386 1178 2492 bourgois,
1195 2385 1418 2463 castellanus
1435 2386 1580 2465 domini
1596 2385 1862 2477 Graciatensis,
1877 2385 2004 2493 plures

583 2515 738 2621 injurias
755 2534 792 2593 et
806 2517 1007 2595 violencias
1027 2517 1152 2601 eidem
1171 2516 1288 2622 priori
1308 2533 1345 2593 et
1362 2517 1480 2622 ipsius
1498 2516 1660 2594 subditis
1674 2516 1853 2594 intulerat
1871 2535 1910 2595 et
1927 2545 2005 2593 ma·

582 2672 675 2722 num
699 2646 900 2725 violentam
922 2648 962 2722 in
983 2674 1142 2752 persona
1162 2645 1249 2723 dicti
1267 2646 1403 2751 prioris
1426 2664 1668 2753 apposuerat,
1688 2646 1789 2723 dicto
1813 2647 1940 2751 priore
1964 2648 2004 2723 in

584 2775 736 2882 speciali
756 2776 869 2883 garda
888 2794 1015 2855 nostra
1033 2779 1228 2863 existente,
1242 2792 1326 2882 post
1345 2793 1383 2853 et
1397 2793 1526 2853 contra
1547 2776 1818 2854 inbibicionem
1841 2775 2006 2855 Simonis

584 2906 699 2995 Duri,
715 2905 906 2985 servientis
918 2910 1052 2997 nostri,
1068 2908 1115 2985 ad
1126 2908 1199 2985 hoc
1212 2906 1335 2983 eidem
1351 2906 1468 3012 priori
1479 2906 1688 3013 specialiter
1700 2906 1889 3012 deputati,
1902 2904 2007 2983 balli·

585 3065 651 3113 vus
661 3037 903 3117 Bituricensis
916 3038 962 3116 de
973 3038 1165 3145 predictis,
1177 3038 1314 3115 vocatis
1325 3036 1537 3125 evocandis,
1551 3036 1640 3115 lecit
1651 3036 1793 3143 inquiri
1805 3036 2005 3144 diligenter

584 3194 697 3273 super
715 3168 789 3247 biis
806 3169 1015 3259 veritatem3
1035 3168 1128 3246 facta
1146 3168 1261 3275 igitur
1277 3197 1390 3275 super
1409 3170 1483 3245 boc
1499 3168 1687 3274 inquesta,
1711 3168 1835 3245 dictus
1847 3165 2006 3244 ballivus

585 3296 702 3402 ipsam
722 3299 770 3375 ad
793 3298 934 3375 curiam
961 3316 1126 3377 nostram
1151 3299 1397 3375 Parisiensem
1417 3298 1563 3375 remisit
1579 3297 1846 3404 judicandam
1868 3297 2006 3375 auditis
2078 3306 2086 3321 ‘

584 3456 670 3506 vero
692 3428 800 3506 dictis
827 3429 994 3536 partibus
1018 3456 1132 3536 super
1149 3429 1222 3505 boc
1243 3427 1282 3504 in
1303 3427 1537 3534 parlamento
1561 3443 1705 3517 nostro,
1727 3454 1797 3532 per
1824 3445 2006 3504 arrestum

585 3575 710 3637 nostre
724 3560 839 3647 curie,
852 3590 895 3637 ex
910 3558 1161 3649 habundanti,
1174 3558 1265 3635 certi
1278 3558 1430 3636 fuerunt
1442 3558 1611 3662 deputati
1628 3555 1872 3635 commissarii
1886 3556 1934 3635 ad
1948 3558 2007 3631 in·

584 3688 834 3791 quirendum,
856 3716 971 3792 super
987 3688 1094 3765 totali
1110 3686 1207 3765 facto
1221 3688 1407 3793 predicto,
1429 3689 1568 3764 vocatis
1585 3685 1771 3791 partibus,
1793 3686 2004 3796 veritatem3

586 3812 724 3891 deinde
745 3814 922 3920 predictis
946 3815 1114 3921 partibus
1135 3843 1260 3893 coram
1282 3815 1392 3893 dictis
1407 3814 1672 3892 commissariis
1690 3812 1944 3919 presentibus,
1959 3815 2007 3891 de

586 3942 750 4046 ipsarum
769 3944 936 4050 parcium
948 3944 1140 4023 voluntate
1163 3963 1200 4023 et
1218 3944 1388 4035 assensu,
1410 3943 1482 4021 luit
1498 3943 1767 4021 concordatum
1781 3942 1887 4049 quod
1905 3944 2008 4021 curia

586 4090 711 4150 nostra
724 4074 936 4179 inquestam
951 4074 1156 4181 predictam
1166 4136 1176 4165 ‚
1185 4102 1253 4180 per
1266 4074 1539 4153 commissarios
1550 4072 1677 4150 ballivi
1686 4073 1925 4151 bituricensis
1935 4072 2009 4151 lao-

585 4203 889 4309 tam‚judicaret,
900 4204 965 4281 tali
978 4205 1105 4283 habita
1121 4206 1358 4294 condicione,
1371 4204 1418 4283 de
1430 4205 1598 4313 parcium
1612 4203 2009 4311 predictarumrolun-
2041 4288 2044 4294 ,

584 4350 676 4421 tate,
689 4329 811 4441 quod,
824 4362 892 4441 per
903 4352 1085 4413 arrestum
1100 4334 1312 4413 laciendum
1330 4362 1444 4442 super
1458 4337 1629 4442 inquesta
1640 4334 1842 4427 antedicta,
1857 4333 2005 4411 bullum

586 4464 837 4570 prejudicium
862 4494 931 4543 nec
956 4466 1073 4543 eciam
1102 4468 1402 4545 emolumentum
1430 4466 1672 4577 generabitur
1701 4494 1770 4543 nec
1794 4464 2009 4571 imponetur

587 4595 742 4673 domino
760 4596 807 4673 de
824 4596 1000 4677 Graciaco
1017 4626 1086 4676 nec
1105 4599 1220 4705 priori
1235 4599 1420 4705 predicto,
1443 4615 1627 4707 quantum
1642 4597 1693 4674 ad
1705 4597 1915 4706 justiciam,
1931 4627 2009 4707 gar·

586 4726 685 4805 diam
701 4745 739 4804 et
750 4728 922 4805 saisinam
930 4728 1083 4836 justicie
1099 4728 1147 4806 de
1157 4729 1374 4839 Albigniaco
1389 4731 1549 4837 captivm
1563 4729 1700 4836 quibus
1715 4729 1767 4805 sic
1781 4728 1903 4817 factis,
1920 4728 2010 4805 dicti

586 4859 828 4936 commissarii
852 4859 1059 4965 predictam
1087 4862 1298 4968 inquestam
1325 4862 1372 4939 ad
1401 4861 1545 4938 curiam
1570 4877 1737 4938 nostram
1762 4860 2009 4937 remiserunt:

585 4988 670 5067 Visa
687 4986 801 5097 igitur
816 4990 1020 5098 diligenter
1038 4991 1210 5100 inquesta
1227 4993 1409 5100 predicta,
1427 4993 1515 5099 quia
1530 5009 1721 5098 repertum
1737 5007 1794 5069 est
1809 4990 1913 5097 quod
1927 5019 2012 5096 pre·

587 5118 893 5213 dictusAndreas
901 5121 1125 5200 castellanus
1135 5121 1401 5211 Graciatencis,
1412 5122 1514 5199 dicto
1525 5121 1640 5227 priori
1651 5120 1699 5199 de
1706 5118 1925 5226 Albigniaco
1934 5148 2013 5222 cap

586 5248 674 5341 tivo,
684 5254 766 5357 ipso
776 5254 914 5358 priore,
931 5253 970 5330 in
986 5254 1099 5361 garda
1111 5272 1238 5333 nostra
1249 5255 1441 5341 existente,
1450 5270 1488 5331 et
1502 5271 1588 5359 post
1602 5251 1870 5330 inhibitionem
1879 5248 2011 5326 factam

589 5376 659 5481 ipsi
680 5381 878 5459 castellano
894 5412 960 5489 per
976 5384 1233 5491 supradictum
1250 5384 1472 5462 seruientem
1486 5402 1674 5473 nostrum,
1692 5381 1799 5487 plura
1812 5375 2012 5482 obprobria

676 5554 727 5595 aas
748 5554 831 5596 ocur.
856 5557 901 5598 ur.
1823 5530 1862 5614 76
