5817 7292
1069 1093 1332 1200 annutans
1357 1114 1421 1187 nr
1447 1098 1649 1188 enonas
1987 1134 2060 1204 nra

652 1257 899 1336 namracione
913 1254 1149 1364 minagii,.sd
1162 1253 1391 1332 voluntatem
1405 1254 1601 1360 capiantis;
1618 1283 1729 1360 quara
1744 1289 1812 1340 nos
1823 1281 1861 1340 et
1876 1264 1965 1344 dicti
1978 1270 2064 1344 reli·
2104 1283 2233 1340 enirm
2246 1291 2276 1336 n·

650 1388 747 1496 giosi
762 1383 983 1493 petebamus
996 1386 1324 1492 impedimentum,
1342 1413 1455 1492 super
1467 1385 1540 1464 hoc
1552 1387 1763 1492 appositum
1777 1419 1821 1468 ox
1834 1409 1936 1496 parte
1950 1395 2066 1476 dicto·
2166 1379 2220 1414 ’ω’

653 1546 739 1600 rum
759 1515 911 1623 majoris
931 1532 969 1592 et
985 1516 1200 1623 juratorum
1217 1515 1507 1626 Pictavensium,
1529 1516 1710 1602 amoveri,
1727 1517 1864 1621 majore
1886 1538 1925 1598 et
1935 1521 2067 1625 juratis

653 1646 831 1754 predictis
840 1646 1094 1726 asserentibus
1105 1646 1146 1724 in
1156 1647 1385 1726 contrarium
1396 1663 1435 1726 et
1444 1643 1659 1724 dicentibus
1670 1673 1709 1722 se
1724 1646 1852 1726 esseio
1866 1649 1999 1728 saisina
2008 1655 2069 1732 im

652 1777 849 1858 munitatis
874 1795 913 1854 et
934 1775 1134 1856 franchisie
1157 1779 1301 1856 dictum
1324 1777 1531 1884 minagium
1549 1805 1627 1855 non
1646 1775 1861 1880 prestandi:
1885 1779 2067 1868 Tandem,

653 1909 824 2017 inquesita
840 1935 954 2013 super
965 1907 1038 1984 hoc
1055 1907 1298 1986 demandato
1316 1925 1447 1986 nostro
1460 1907 1554 1987 lacta
1579 1906 1654 1983 visa
1672 1924 1710 1984 et
1724 1905 1922 2013 diligenter
1939 1915 2073 1992 examir

653 2056 756 2126 nata,
772 2040 859 2146 quia
877 2039 1071 2117 inventum
1095 2057 1151 2118 est
1170 2039 1403 2118 sufficienter
1425 2038 1624 2144 probatum
1653 2065 1720 2116 nos
1745 2055 1782 2115 st
1805 2035 1992 2142 predictos
2010 2041 2072 2120 aba

652 2168 777 2246 batem
792 2186 830 2246 ct
839 2186 1086 2257 conventum,
1099 2199 1168 2276 pro
1178 2169 1355 2262 indiviso,
1371 2198 1451 2248 essa
1467 2187 1505 2246 et
1520 2169 1633 2248 luisse
1647 2171 1686 2248 in
1699 2167 1833 2246 saisina
1852 2167 1941 2247 dicti
1959 2169 2075 2246 mina—

651 2299 721 2408 gii,
740 2300 858 2377 eciam
874 2328 987 2405 super
999 2299 1087 2380 illos
1104 2300 1152 2377 de
1169 2301 1385 2380 communia
1399 2299 1586 2406 predicta,
1603 2300 1893 2405 pronunciatum
1904 2297 1992 2388 luit,
2009 2328 2075 2403 per

653 2431 757 2509 curie
773 2449 899 2510 nostre
914 2431 1124 2540 judicium,
1147 2459 1217 2508 nos
1237 2447 1274 2507 et
1290 2431 1481 2538 predictos
1502 2431 1675 2510 abbatem
1701 2447 1738 2512 et
1761 2447 1988 2508 conventum
2009 2430 2074 2508 de*

652 2561 744 2638 bere
763 2590 957 2640 remanere
978 2561 1018 2638 in
1036 2562 1174 2640 saisina
1191 2562 1466 2668 predictorum,
1483 2579 1522 2639 et
1542 2559 1858 2666 impedimentum
1872 2587 1986 2665 super
2003 2561 2075 2642 hoc

653 2692 882 2796 appositum,
898 2708 1058 2798 exparte
1075 2692 1265 2770 dictorum
1279 2691 1431 2798 majoris
1444 2709 1482 2769 et
1489 2693 1720 2798 juratorum,
1737 2688 1876 2770 debere
1892 2693 2072 2791 amoveri,

653 2819 750 2898 salva
767 2847 881 2926 super
897 2819 970 2899 hoc
984 2820 1134 2928 majori,
1150 2821 1285 2928 juratis
1295 2837 1335 2898 et
1348 2820 1566 2900 communie
1579 2819 1758 2926 predictis
1775 2819 1973 2924 questione
1990 2849 2076 2925 pro-

652 2948 831 3054 prietatis.

712 3079 873 3160 Sobbato
886 3098 972 3186 post
989 3080 1247 3187 Epiphaniam.

707 3209 884 3290 Bocellus
902 3210 1114 3316 reportavit.

711 3477 818 3554 XLII.
849 3475 894 3552 ln
916 3504 1026 3552 causa
1048 3475 1316 3581 appellacionis
1345 3475 1394 3552 ad
1418 3475 1566 3553 curiam.
1592 3494 1757 3553 nostram
1787 3475 2006 3583 interposite
2029 3479 2076 3558 ab

654 3606 851 3684 audiencia
876 3604 1001 3682 dilecti
1029 3623 1068 3683 et
1087 3605 1213 3684 fidelis
1235 3605 1353 3684 nostri
1379 3604 1655 3684 Aurelianensis
1681 3605 1866 3712 episcopi,
1893 3637 2076 3712 supereo

654 3734 760 3841 quod
779 3733 902 3812 dictm
928 3735 1131 3841 episcopus-
1148 3735 1206 3812 vel
1232 3736 1315 3844 ejus
1341 3735 1455 3814 curia.
1469 3734 1645 3812 secularis
1667 3735 1880 3814 iohannem
1903 3737 1951 3814 de
1974 3739 2075 3831 Quc-

655 3863 747 3953 beu,
764 3863 934 3942 Giletum
948 3865 995 3940 de
1014 3865 1176 3972 Latingi,
1198 3881 1237 3942 et
1252 3865 1491 3970 Amulpbum
1512 3865 1665 3942 Lentier
1682 3894 1750 3970 per
1769 3893 1879 3942 suum
1891 3865 2075 3973 judicium

656 3993 996 4099 condempnavcrat
1015 3995 1063 4073 ad
1087 3995 1328 4074 reddendum
1356 4013 1394 4074 et
1419 3994 1696 4073 restituendum
1719 3996 1882 4074 lohanni
1907 3997 2072 4086 Thome,

656 4121 807 4230 Agneti,
822 4123 904 4231 ejus
918 4126 1041 4214 uxori,
1059 4144 1098 4204 et
1110 4126 1292 4217 iohanni,
1309 4125 1392 4204 filio
1406 4126 1646 4213 eorumdem,
1661 4143 1806 4229 septem
1825 4128 2011 4231 quarteria
2025 4131 2077 4204 vi·

657 4281 814 4329 nearum
834 4253 988 4333 sitarum
1011 4255 1050 4332 in
1064 4257 1254 4336 territorio
1273 4256 1322 4332 de
1338 4257 1436 4345 Bon,
1460 4255 1507 4332 de
1527 4255 1665 4360 quibus
1683 4255 1860 4362 agebatur
1880 4258 1977 4335 inter
1995 4287 2077 4363 par·

656 4398 714 4459 tes
730 4381 931 4489 predictas,
949 4385 1083 4462 solutis
1099 4386 1204 4491 prius
1223 4385 1314 4492 ipsis
1332 4384 1619 4490 condempnatis
1635 4411 1655 4460 a
1674 4384 1782 4462 dictis
1800 4385 2023 4493 conjugibus
2040 4406 2077 4466 et

657 4511 738 4590 filio
758 4541 892 4592 novem
907 4514 1014 4592 libris
1028 4544 1091 4592 sex
1110 4514 1241 4593 solidis
1254 4532 1292 4592 et
1307 4532 1452 4621 septem
1475 4515 1657 4602 denariis;
1672 4544 1692 4593 a
1708 4545 1784 4622 quo
1799 4516 1985 4625 judicato,
2001 4534 2077 4597 tan·

656 4671 771 4750 quam
795 4643 888 4722 falso
913 4663 952 4722 et
972 4674 1101 4752 pravo,
1127 4646 1217 4723 dicti
1238 4646 1505 4753 condempnati
1527 4647 1574 4724 ad
1596 4665 1762 4726 nostram
1788 4648 1929 4724 curiam
1951 4649 2078 4756 appel-

656 4769 802 4851 larunt:
816 4774 903 4855 Viso
912 4804 1091 4883 processu
1105 4793 1143 4854 et
1147 4777 1318 4886 judicato
1334 4777 1528 4883 predictis,
1542 4807 1609 4884 per
1621 4779 1723 4856 curie
1735 4795 1859 4855 nostre
1871 4777 2073 4887 judicium.

659 4901 802 4980 dictum
822 4905 893 4982 luit
912 4923 950 4984 et
967 4908 1258 5015 pronunciatum
1277 4907 1420 4985 dictum
1442 4909 1661 5015 episcopum
1677 4926 1714 4986 et
1732 4909 1813 5018 ejus
1825 4909 1963 4986 curiam
1978 4909 2076 4988 bene

652 5032 840 5138 judicasse
854 5055 891 5113 et
902 5038 1092 5144 predictos
1102 5037 1331 5145 appellantes
1349 5038 1446 5116 male
1467 5039 1686 5146 appellasse,
1705 5058 1740 5118 et
1753 5041 1857 5147 quod
1865 5041 2077 5149 judicatum

657 5164 870 5268 predictum
889 5168 979 5246 dicti
1000 5167 1165 5275 episcopi
1184 5167 1425 5247 mandabitur
1441 5170 1667 5247 execucioni.

714 5297 817 5375 lovis
830 5316 917 5404 post
932 5300 1082 5378 octabas
1101 5299 1322 5406 Epiphanio.

715 5427 766 5504 M.
787 5429 832 5506 H.
854 5429 1014 5510 Cuillier
1026 5431 1240 5538 reportavit.
