5817 7292
1011 1079 1275 1188 anunrns
1301 1097 1366 1168 rr
1391 1077 1598 1171 raeces.
1808 1125 1813 1136 ·
1943 1100 2016 1170 517

592 1255 725 1315 eontra
754 1236 967 1316 Guiardnm
995 1239 1043 1316 de
1072 1237 1214 1326 Plailli,
1243 1236 1486 1327 scutiferum,
1515 1267 1584 1342 per
1610 1237 1755 1314 dictum
1784 1239 2017 1343 prepositum
2047 1249 2178 1302 Pfflum
2197 1251 2240 1311 tv.

595 1367 811 1446 execucioni
829 1368 1068 1458 demandari,
1085 1368 1186 1445 dicto
1203 1367 1371 1446 Gniardo
1388 1366 1538 1444 dicente
1558 1367 1663 1473 quod
1682 1366 1780 1442 dicta
1794 1366 1921 1448 littera
1940 1398 2017 1446 non

595 1515 675 1575 erat
686 1497 901 1576 execucioni
918 1497 1196 1586 demandanda;
1213 1527 1326 1604 super
1338 1498 1493 1604 quibus,
1510 1496 1638 1574 multis
1650 1496 1879 1585 racionibns,
1894 1498 2018 1603 primo

2117 1343 2179 1384 1310,

595 1657 719 1708 coram
750 1630 850 1707 dicto
879 1630 1069 1737 preposito
1099 1655 1247 1707 necnon
1274 1647 1403 1735 postea
1434 1657 1560 1705 coram
1588 1628 1727 1706 ballivo
1753 1628 2019 1706 Silvanectensi

594 1759 682 1836 binc
708 1759 799 1836 inde
822 1753 1045 1868 propositis',
1067 1791 1088 1836 a
1101 1760 1272 1867 judicato
1299 1761 1387 1837 dicti
1414 1760 1541 1838 ballivi
1566 1787 1681 1864 super
1699 1758 1773 1835 hoc
1794 1757 1910 1849 facto,
1936 1775 2020 1835 tan-

531 1995 534 2002 ‚
595 1917 708 1996 quam
724 1919 744 1966 a
758 1888 851 1968 falso
871 1906 909 1968 et
928 1905 1057 1996 pravo,
1074 1890 1123 1966 ad
1141 1908 1307 1967 nostram
1320 1871 1472 1968 ‘curiam
1490 1917 1559 1995 per
1573 1888 1716 1965 dictum
1731 1888 1943 1978 Johannem
1959 1915 2020 1968 ex·

593 2020 671 2098 titit
696 2019 947 2126 appellatum:
969 2020 1067 2100 Visis
1082 2018 1206 2127 igitur,
1229 2020 1268 2095 in
1288 2047 1396 2096 causa
1415 2019 1515 2096 dicte
1535 2017 1818 2124 appellacionis,
1841 2018 2019 2123 predictis

593 2149 846 2252 processibus,
863 2165 901 2224 et
916 2148 1025 2226 dictis
1039 2147 1208 2256 partibus
1224 2170 1338 2253 super
1354 2149 1427 2226 hoc
1444 2148 1645 2254 diligenter
1660 2147 1816 2237 auditis,
1834 2175 1903 2253 per
1915 2148 2018 2224 curie

592 2296 717 2357 nostre
726 2278 932 2386 judicium,
951 2278 1094 2356 dictum
1115 2277 1188 2356 fuit
1200 2279 1305 2385 quod
1324 2278 1421 2356 dicta
1440 2279 1563 2355 littera
1578 2277 1716 2355 ballivo
1733 2278 2017 2368 Silvanectensi,

592 2410 657 2516 qui
674 2439 776 2488 nunc
791 2426 863 2498 est,
880 2410 1094 2486 remittetur
1107 2409 1322 2487 execucioni
1340 2409 1468 2487 debite
1484 2408 1763 2497 demandanda,
1776 2408 1875 2486 salvo
1890 2427 2018 2487 tamen

593 2540 692 2618 dicto
718 2540 904 2628 Guiardo,
934 2539 965 2616 si
991 2537 1171 2616 ballivum
1202 2540 1415 2644 predictum
1446 2539 1760 2616 silvanectensem
1787 2539 2017 2645 requisierit,

592 2670 714 2775 quod,
732 2669 1016 2748 ordinacionem
1037 2697 1057 2744 a
1074 2668 1184 2746 nobis
1198 2668 1331 2746 laetam
1348 2696 1461 2774 super
1474 2669 1607 2744 annuis
1623 2666 1836 2744 redditibus
1857 2668 1914 2745 vel
1931 2698 2021 2774 pen-

593 2798 779 2888 sionibus,
801 2799 849 2874 ad
868 2813 1019 2902 tempus
1041 2797 1100 2874 vel
1122 2798 1170 2875 ad
1196 2797 1327 2884 vitam,
1349 2798 1579 2903 prestandis,
1601 2825 1715 2901 super
1735 2797 1809 2874 hoc
1828 2796 2017 2887 observet,

593 2928 713 3035 quod,
729 2957 800 3033 per
816 2955 969 3034 presens
984 2926 1214 3034 judicatum,
1238 2925 1361 3004 eidem
1382 2926 1520 3004 ballivo
1537 2926 1747 3033 injungitur
1765 2927 1888 3032 quod,
1907 2955 2021 3032 super

593 3059 810 3167 hujusmodi
830 3076 1023 3165 requesta,
1043 3059 1118 3136 visa
1139 3057 1380 3135 ordinacione
1396 3057 1563 3163 predicta
1582 3085 1624 3134 ac
1643 3057 1719 3134 visa
1738 3057 1860 3135 littera
1881 3057 2020 3165 obliga·

592 3191 710 3268 cionis
734 3190 923 3297 predicte,
948 3189 1069 3267 dictus
1092 3188 1269 3276 ballivus,
1295 3189 1466 3294 partibus
1482 3187 1622 3266 vocatis
1645 3204 1685 3266 et
1708 3187 1866 3279 auditis,
1894 3188 2019 3266 eidem

591 3321 701 3400 saciat
719 3350 833 3427 super
851 3322 924 3398 boc
944 3320 1076 3398 celeris
1089 3319 1241 3426 justicie
1263 3318 1598 3423 complementum.

647 3455 747 3532 lovis
766 3469 851 3530 ante
871 3454 1102 3531 Brandones.

647 3588 692 3663 H.
715 3586 763 3665 de
783 3583 1057 3664 Sancto-Paulo
1077 3582 1291 3688 reportavit.

648 3849 739 3926 xvl.
770 3846 852 3924 Lite
871 3863 990 3937 mota,
1013 3846 1052 3920 in
1071 3845 1173 3922 curia
1193 3862 1336 3930 nostra,
1351 3844 1450 3920 inter
1464 3842 1657 3921 Valesium
1670 3839 1866 3930 comitem,
1883 3867 1926 3914 ex
1945 3867 2021 3916 una

592 3994 713 4084 parte,
736 3994 774 4054 et
793 3977 990 4054 dominum
1011 3975 1202 4064 Couciaci,
1224 4004 1269 4051 ex
1288 3973 1425 4060 altera,
1441 3999 1616 4076 supereo
1636 3970 1741 4077 quod
1758 3970 1882 4048 dictus
1897 3969 2021 4046 domi-

591 4138 663 4186 nus
692 4107 865 4187 Couciaci
897 4106 1045 4185 dicebat
1072 4135 1111 4184 se
1142 4105 1266 4182 solum
1296 4131 1376 4180 esse
1407 4105 1445 4179 in
1471 4102 1607 4180 saisina
1637 4101 1835 4206 exercendi
1866 4129 2021 4180 omnem

587 4239 790 4348 justiciam,
808 4267 877 4316 seu
885 4236 1104 4346 justiciandi
1119 4264 1231 4342 supra
1247 4251 1402 4341 pontem
1416 4250 1454 4310 et
1471 4232 1646 4311 calceiam
1667 4231 1714 4310 de
1730 4235 1764 4310 T
1765 4232 1912 4319 raimes,
1926 4260 2022 4339 quo-

593 4368 694 4446 ciens
715 4397 820 4448 casus
840 4367 888 4446 ad
903 4371 978 4447 hoc
993 4397 1032 4446 se
1054 4367 1290 4456 obtulerunt,
1313 4381 1427 4450 etse,
1447 4362 1603 4440 indicta
1622 4362 1773 4451 saisina,
1796 4360 2021 4466 impeditum

593 4529 660 4581 seu
679 4501 873 4578 turbatum
892 4527 960 4608 per
983 4516 1113 4608 gentes
1136 4498 1284 4576 comitis
1303 4494 1485 4602 predicti,
1507 4494 1615 4571 dicto
1631 4494 1768 4570 comite
1791 4493 2020 4570 eontrarium

593 4647 795 4721 asserente,
812 4649 850 4709 et
867 4631 1016 4709 dicente
1031 4659 1071 4708 se
1085 4657 1165 4708 esse
1181 4630 1221 4707 in
1237 4629 1372 4706 saisina
1387 4624 1590 4734 colligendi
1607 4642 1644 4702 et
1659 4623 1806 4703 levandi
1821 4624 2020 4732 gruagivun

593 4762 801 4842 debituma
821 4761 1122 4870 quibuscumque
1137 4790 1249 4868 supra
1263 4759 1384 4838 dictos
1403 4773 1561 4867 pontem
1580 4774 1620 4834 et
1636 4755 1812 4832 calceiam
1829 4772 2022 4832 transenn-

592 4892 709 4981 tibus,
730 4892 954 4972 vehentibus
972 4921 1040 4970 seu
1060 4892 1286 4970 ducentibus
1308 4907 1556 4980 mercaturas,
1569 4915 1640 4994 pro
1658 4885 1813 4992 quibus,
1831 4884 1879 4962 de
1895 4913 1969 4964 usu
1982 4901 2022 4962 et

593 5023 866 5102 consuetudine
895 5024 1031 5132 patrie,
1060 5023 1222 5102 debetur
1248 5021 1446 5132 gruagium
1474 5035 1513 5096 et
1535 5018 1697 5096 maxime
1721 5017 1762 5094 in
1788 5015 1850 5092 die
1875 5016 2021 5092 veneris

593 5171 735 5243 sancta,
756 5157 906 5234 racione
927 5156 1204 5244 nundinarum,
1227 5153 1324 5232 dicta
1344 5153 1406 5230 die
1427 5149 1590 5238 veneris,
1615 5147 1762 5228 invilla
1783 5146 1831 5223 de
1851 5146 2021 5223 Traimes

594 5285 853 5377 existencium,
880 5287 1052 5395 quolibet
1073 5315 1190 5374 anno,
1219 5284 1389 5390 capiendi
1410 5283 1528 5360 eciam
1554 5296 1593 5360 et
1618 5277 1824 5359 arrestandi
1847 5305 1924 5354 non
1949 5275 2021 5352 sol—

594 5432 731 5507 ventes,
742 5416 1017 5523 etjusticiandi,
1030 5418 1223 5498 occasione
1233 5415 1325 5494 dicti
1334 5415 1542 5525 gruegii,et
1553 5413 1669 5491 eciam
1681 5407 1840 5490 faciendi
1854 5405 2016 5510 explecta
