5817 7292
1048 1130 1310 1238 rnounrns
1336 1147 1399 1219 rr
1425 1129 1628 1222 procus.
1974 1156 2044 1226 eor

631 1295 811 1372 librarum
831 1289 1113 1370 Turonensium
1131 1290 1337 1377 bonorum,
1358 1317 1427 1395 per
1446 1289 1549 1368 curie
1569 1308 1696 1369 nostre
1710 1292 1917 1399 judicium,
1939 1296 2049 1375 nobie
2088 1302 2217 1392 rerum
2230 1305 2273 1369 tv,

629 1425 750 1504 extitit
765 1425 1072 1529 condempnatus.
1846 1399 1855 1410 “
2026 1425 2034 1434 ’
2150 1395 2211 1439 ¹³⁰⁸·

683 1557 840 1636 Veneris
853 1571 940 1662 post
955 1553 1215 1632 CandeIosam.

684 1688 887 1768 MeIIentus
907 1687 1117 1792 reportavit.

683 1821 890 1927 Episcopus
904 1817 1186 1895 suessionensis
1200 1817 1315 1894 michi
1334 1819 1536 1924 reportavit
1550 1818 1655 1925 quod
1670 1819 1848 1898 dominus
1862 1822 1937 1899 Rex
1957 1822 2052 1927 quit·

627 1970 680 2028 tat
700 1950 824 2029 eidem
842 1949 1033 2055 Delphino
1052 1947 1294 2024 medietatem
1312 1948 1421 2026 istius
1441 1951 1614 2030 emendo.

680 2211 822 2289 XXVII.
854 2211 952 2288 Cum
966 2209 1157 2286 Iohannes
1173 2209 1334 2317 Forget,
1355 2207 1520 2297 scutifer,
1538 2210 1642 2286 curie
1663 2227 1788 2288 nostre
1808 2209 2051 2318 significasset

626 2342 748 2448 quod,
763 2341 845 2448 ipso
858 2340 1038 2418 existente
1053 2340 1093 2415 in
1105 2338 1206 2417 bona
1215 2338 1351 2416 saisina
1362 2337 1468 2417 bosci
1480 2340 1599 2417 vocati
1611 2340 1659 2418 de
1671 2340 1707 2417 Ia
1717 2342 1879 2432 Saisine,
1894 2360 1933 2420 et
1942 2341 1989 2419 ad
2000 2343 2051 2448 ip

625 2502 726 2561 sum,
747 2501 791 2550 ex
807 2490 911 2579 parte
932 2471 1078 2550 domini
1094 2470 1220 2579 Regis,
1236 2470 1531 2549 custodiendum
1547 2472 1586 2547 in
1606 2471 1703 2550 dicta
1722 2473 1856 2550 saisina
1873 2474 1961 2552 dato
1977 2474 2049 2551 sibi

626 2606 736 2681 Petro
753 2601 972 2710 Burgundie
993 2618 1031 2679 et
1047 2601 1274 2708 quibusdam
1296 2601 1396 2691 aliis,
1410 2603 1653 2708 Haymericus
1672 2603 1844 2710 Seniner
1863 2621 1900 2680 et
1922 2605 2046 2712 Engo,

627 2734 707 2842 ejus
717 2733 839 2823 frater,
855 2761 1088 2809 cumeorum
1103 2730 1369 2836 complicibus,
1383 2747 1471 2838 post
1485 2749 1524 2808 et
1538 2749 1668 2810 contra
1680 2732 1870 2810 defensam
1887 2762 1930 2810 er
1945 2751 2050 2841 parte

627 2865 772 2944 domini
798 2863 909 2970 Regis
934 2864 988 2939 eis
1013 2862 1146 2938 factam
1171 2861 1411 2949 sufficienter,
1432 2860 1481 2936 nd
1497 2862 1640 2940 dictum
1663 2863 1821 2942 boscum
1840 2863 2047 2954 venientes,

627 2996 818 3103 operarios
836 2995 980 3072 dictum
999 2993 1173 3083 boscum,
1197 2994 1245 3069 de
1263 2993 1440 3070 mandato
1457 2993 1546 3070 dicti
1561 2997 1591 3070 F
1592 2996 1727 3103 orgeti,
1744 2995 1959 3073 scindentes
1977 2996 2050 3072 vio·

626 3127 750 3204 lenter
764 3126 974 3234 ejecerunt,
992 3143 1031 3201 et
1044 3122 1185 3202 dictum
1201 3126 1355 3200 Petrum
1371 3123 1532 3230 graviter
1544 3124 1848 3214 vulneraverunt,
1867 3142 1905 3202 et
1920 3126 2050 3234 plures

627 3257 751 3334 eidem
766 3257 921 3364 injurias
932 3255 1157 3344 intulerunt,
1171 3271 1224 3343 et,
1239 3254 1278 3329 in
1290 3255 1407 3331 nostri
1422 3254 1668 3359 vituperium,
1684 3255 2051 3362 inobedienciasplu-

627 3418 686 3465 res
706 3415 821 3494 super
836 3385 909 3463 hoc
921 3385 1111 3476 fecerunt,
1128 3414 1171 3461 ac
1185 3383 1323 3460 multas
1340 3382 1576 3491 quadrigatas
1588 3385 1692 3463 bosci
1713 3413 1841 3463 secum
1857 3387 1965 3477 inde,
1982 3415 2051 3493 per

626 3517 866 3609 violenciam,
881 3517 1070 3593 duxerunt
1088 3516 1193 3594 :Visa
1210 3514 1383 3622 inquesta
1403 3541 1517 3622 super
1535 3515 1623 3610 hoc,
1638 3517 1776 3593 vocatis
1794 3517 1979 3622 partibus,
2003 3517 2049 3594 de

627 3650 804 3726 mandato
825 3648 928 3725 curie
954 3664 1081 3724 nostre
1101 3646 1213 3735 facta,
1232 3673 1301 3753 per
1321 3647 1423 3722 curie
1447 3665 1574 3725 nostre
1595 3647 1799 3754 judicium,
1818 3648 1961 3725 dictum
1979 3645 2051 3725 fuit

627 3781 731 3888 quod
752 3779 874 3856 dictus
893 3781 1032 3883 Forget
1050 3777 1089 3852 in
1109 3776 1275 3881 predicta
1285 3777 1417 3852 saisina
1436 3806 1504 3854 sua
1525 3777 1615 3854 dicti
1632 3777 1735 3855 bosci
1749 3777 1991 3866 custodietur,
2015 3793 2051 3854 et

627 3908 943 4015 impedimentum
968 3936 1082 4015 super
1106 3907 1179 3984 hoc
1205 3906 1331 3984 eidem
1355 3935 1424 4010 per
1447 3907 1636 4013 predictos
1661 3907 1873 4014 appositum
1902 3932 2051 3983 amove-

628 4041 740 4128 bitur,
763 4056 801 4114 et
817 4038 980 4116 reddent
996 4039 1087 4116 dicti
1107 4037 1240 4114 fratres
1259 4037 1383 4114 eidem
1405 4039 1436 4112 F
1436 4055 1585 4145 orgeto,
1602 4066 1672 4144 pro
1693 4037 1803 4115 dictis
1822 4037 2052 4147 quadrigatis

627 4170 731 4248 bosci
752 4197 820 4275 per
839 4196 905 4246 eos
923 4168 1070 4258 levatis,
1089 4169 1221 4245 decem
1240 4167 1354 4246 libras
1368 4169 1625 4258 Turoneuses,
1645 4198 1666 4246 a
1686 4168 1787 4244 curia
1808 4185 1936 4246 nostra
1953 4187 2052 4245 tars-

628 4319 683 4377 tes
703 4317 742 4377 et
760 4327 781 4377 a
802 4299 904 4377 dicto
925 4302 1086 4405 Forgeto
1101 4299 1259 4405 juratas,
1275 4316 1314 4375 et
1328 4298 1429 4376 dicto
1450 4299 1623 4376 servienti
1639 4299 1826 4405 sexaginta
1846 4299 1959 4378 libras
1972 4301 2052 4376 Tu-

630 4459 829 4521 ronenses,
843 4459 911 4535 pro
927 4430 1074 4538 injuriis
1092 4430 1273 4536 predictis
1292 4430 1363 4507 sibi
1383 4429 1512 4520 illatis,
1527 4459 1567 4507 ac
1587 4430 1744 4508 domino
1762 4431 1852 4542 Regi
1873 4432 2052 4509 ducentas

630 4561 743 4638 libras
761 4563 1018 4646 Turonenses,
1039 4590 1107 4666 pro
1128 4561 1288 4638 emenda
1306 4589 1373 4638 sua
1392 4561 1540 4639 racione
1559 4561 1838 4668 premissorum.

685 4692 840 4771 Veneris
859 4710 945 4798 post
963 4691 1225 4769 CandeIosam.

688 4823 708 4900 J
712 4886 719 4900 .
742 4824 791 4901 de
810 4824 939 4932 Voyssi
960 4823 1173 4930 reportavit.

687 5084 845 5163 XXVIII.
866 5085 969 5162 Mota
978 5086 1228 5164 controversie
1244 5086 1344 5162 inter
1352 5085 1518 5191 priorem
1533 5102 1571 5162 et
1582 5104 1806 5165 conventum
1820 5087 2055 5166 Sancti-Mau·

632 5215 712 5292 ricii
733 5214 1035 5307 silvanectensis,
1050 5245 1094 5293 ex
1112 5246 1188 5294 una
1205 5235 1327 5323 parte,
1345 5233 1384 5293 et
1403 5217 1619 5324 episcopum
1639 5219 1916 5312 Belvacensem,
1939 5247 1980 5295 er
2001 5219 2054 5296 al·

632 5363 730 5437 tera,
753 5374 930 5454 supereo
948 5348 1155 5454 quoddicti
1174 5348 1358 5456 religiosi,
1376 5368 1582 5428 asserentes
1602 5379 1640 5429 se
1661 5351 1761 5430 solos
1781 5368 1817 5428 et
1831 5351 1870 5427 in
1890 5349 2053 5429 solidum

636 5502 714 5551 esse
734 5477 774 5552 in
794 5476 928 5554 saisina
948 5478 1114 5560 habendi
1128 5499 1299 5587 questam
1318 5481 1358 5557 in
1368 5479 1456 5559 viIIa
1472 5481 1520 5560 de
1536 5483 1730 5588 Castenoy,
1747 5476 1896 5557 racione
1909 5478 2056 5554 molen-

1872 5633 1922 5715 37.
