5817 7292
1019 1096 1288 1207 anoudrns
1313 1116 1378 1189 nr
1405 1102 1611 1191 raucas.
1952 1121 2025 1196 sos

606 1261 728 1370 quod,
748 1260 881 1337 virtute
894 1258 984 1336 dicti
992 1257 1149 1365 judicati
1160 1320 1169 1349 ,
1181 1257 1352 1364 predicto
1365 1256 1566 1363 Radulpho
1581 1284 1659 1334 non
1674 1255 1948 1337 deliberaretur
1960 1262 2028 1339 sai·
2063 1270 2199 1328 rasam
2210 1274 2254 1337 lv.

600 1394 682 1470 sina
695 1418 809 1499 mam
827 1389 994 1496 petebat,
1014 1406 1052 1465 et
1069 1386 1174 1495 quod
1189 1388 1311 1465 dictus
1330 1414 1449 1493 nepos
1465 1386 1569 1464 diem
1583 1387 1810 1465 ostensionis
1823 1416 1936 1494 super
1950 1392 2023 1471 hoc
2126 1364 2190 1407 Μ’

601 1550 678 1601 non
694 1523 866 1610 haberet,
883 1522 1001 1599 immo
1013 1519 1211 1627 deputaret
1224 1520 1326 1597 curia
1339 1534 1597 1597 nostracertos
1612 1516 1804 1597 auditores
1815 1518 1882 1626 qui
1897 1521 2023 1599 statim

599 1670 640 1730 et
658 1652 705 1730 de
722 1654 848 1761 plano,
864 1652 1001 1730 vocatis
1015 1650 1199 1758 partibus,
1217 1650 1454 1758 inquirerent
1471 1650 1663 1729 veritatem
1683 1648 1731 1726 de
1751 1648 1886 1727 saisina
1906 1668 1944 1727 et
1964 1678 2026 1729 oc·

598 1786 802 1893 cupacione
816 1784 995 1891 predictis
1011 1810 1080 1889 per
1094 1782 1239 1860 dictum
1254 1779 1499 1888 Radulphum
1512 1780 1734 1888 propositis,
1753 1805 1902 1859 necnon
1922 1782 2023 1860 etde

598 1915 733 1993 saisina
749 1915 837 1992 dicti
853 1914 1002 2020 nepotis
1018 1930 1055 1991 et
1068 1911 1304 2018 temporibus
1316 1912 1537 1989 saisinarum
1553 1928 1591 1988 et
1605 1910 1866 2016 occupacionis
1876 1912 2024 2019 predic-

593 2064 738 2138 tarum,
755 2063 794 2122 et
804 2044 987 2151 quicquid
1000 2043 1209 2121 invenirent
1224 2041 1272 2118 ad
1283 2059 1449 2120 nostram
1462 2043 1604 2119 curiam
1616 2042 1870 2130 remitterent,
1886 2041 1925 2119 in
1935 2071 2025 2150 par-

595 2176 760 2253 lamento
780 2175 964 2281 presenti,
982 2200 1098 2281 quare
1112 2171 1371 2251 mandavimus
1384 2171 1564 2279 magistro
1577 2172 1740 2250 Martino
1756 2172 1805 2249 de
1818 2173 2019 2278 Cieponin,

595 2304 730 2382 clerico
743 2322 889 2395 nostro,
904 2321 963 2395 ut,
974 2330 1086 2411 super
1097 2304 1291 2410 predictis,
1308 2320 1580 2382 vocatosecum
1593 2303 1632 2380 in
1638 2303 1881 2383 Viromandia
1892 2304 2021 2413 aliquo

591 2436 712 2541 probo
723 2436 814 2525 viro,
832 2452 870 2513 et
880 2435 919 2511 in
933 2434 1146 2514 Belvacinio
1161 2434 1328 2540 quodam
1343 2433 1416 2511 aiio
1427 2432 1554 2511 neutri
1564 2436 1747 2541 suspectis
1756 2435 1924 2541 parcium
1934 2463 2021 2542 pre·

594 2567 796 2659 dictarum,
813 2567 951 2645 vocatis
966 2565 1180 2653 evocandis,
1199 2590 1312 2669 super
1327 2564 1507 2670 predictis
1519 2564 1745 2672 inquireret,
1763 2592 1850 2641 cum
1865 2565 2021 2674 diligen-

593 2697 647 2773 cia
662 2698 873 2785 veritatem,
890 2714 929 2773 et
942 2698 1172 2803 inquestam,
1188 2722 1302 2801 super
1317 2693 1390 2770 hoc
1403 2693 1554 2783 facum,
1570 2696 1619 2771 ad
1632 2712 1797 2773 nostram
1812 2695 1953 2773 curiam
1965 2724 2020 2773 re

592 2827 758 2905 mitteret
769 2827 1034 2934 judicandam,
1056 2825 1179 2903 dietus
1192 2851 1281 2902 vero
1300 2824 1578 2903 commissarius
1592 2842 1631 2902 et
1643 2825 1821 2902 Odardus
1832 2826 2015 2919 Quenart,

592 2956 791 3066 burgensis
806 2956 1166 3047 Montis-Desiderii,
1183 2952 1361 3063 quemad
1378 2956 1451 3034 hoc
1465 2982 1595 3033 secum
1606 2956 1748 3046 vocavit
1761 2957 1810 3035 de
1832 2981 2017 3035 consensu

591 3089 759 3193 parcium
774 3088 1040 3196 predictarum,
1052 3086 1102 3165 de
1115 3083 1293 3193 predictis
1306 3085 1598 3194 inquisiverunt,
1612 3088 1751 3165 vocatis
1764 3086 1949 3195 partibus,
1959 3114 2017 3165 ve

589 3218 755 3309 ritatem,
774 3238 811 3298 et
830 3221 1042 3326 inquestam
1064 3244 1178 3325 super
1199 3218 1274 3294 hoc
1289 3214 1422 3295 factam
1444 3217 1493 3293 ad
1506 3236 1671 3296 nostram
1696 3216 1839 3295 mariam
1858 3218 2015 3295 remise·

589 3366 702 3427 runt:
719 3350 867 3429 Auditis
882 3350 996 3457 igitur
1010 3348 1123 3427 wdictis
1141 3347 1311 3454 partibus
1325 3363 1363 3424 et
1376 3348 1452 3424 visa
1466 3348 1639 3455 inquesta
1655 3348 1838 3455 predicta,
1853 3348 1944 3455 quia
1958 3376 2015 3426 re·

588 3496 739 3585 partum
754 3479 930 3589 estquod
943 3476 1314 3584 dictusRadulphus,
1331 3495 1516 3585 quantum
1532 3479 1580 3556 ad
1593 3477 1703 3557 feoda
1717 3479 1758 3555 in
1769 3479 2014 3558 Viromandis

589 3612 787 3689 existencia
811 3628 849 3688 et
873 3628 1056 3717 quantum
1077 3610 1123 3686 ad
1144 3636 1277 3687 census
1294 3608 1527 3715 ubicumque
1552 3611 1769 3697 existentes,
1795 3634 1869 3716 que
1891 3632 2014 3715 quon·

588 3741 675 3816 dam
695 3741 849 3818 fuerunt
869 3740 1016 3817 comitis
1036 3738 1230 3829 antedicti,
1251 3756 1422 3845 tempore
1443 3766 1522 3845 qno
1542 3737 1718 3827 decessit,
1739 3765 1808 3843 pro
1822 3739 2012 3843 porcioni-

586 3865 659 3945 bus
685 3868 897 3959 antedictis,
924 3896 1028 3946 suam
1054 3868 1311 3946 intencionem
1333 3868 1518 3973 probavit,
1544 3895 1613 3973 per
1636 3866 1740 3944 curis
1764 3882 1892 3943 nostre
1907 3866 2011 3972 judi-

586 3998 705 4089 cium,
736 4000 879 4078 dictum
911 3998 983 4077 fisis
1011 3998 1115 4106 quod
1143 3997 1243 4076 dicto
1275 3997 1475 4104 Radulpho
1502 3996 1637 4104 quinte
1664 3996 1781 4105 partis
1808 3996 2008 4086 feodorum

584 4130 827 4209 Viromandis
857 4147 895 4210 et
921 4130 1134 4208 medietatis
1163 4129 1335 4207 omnium
1359 4129 1592 4207 censivarum
1621 4156 1688 4207 seu
1715 4156 1897 4207 cenarum
1925 4127 2010 4206 ubi·

583 4288 745 4369 cumque
770 4261 1036 4353 eristencium,
1059 4263 1107 4341 de
1130 4260 1271 4370 quibus
1291 4260 1451 4341 decessit
1472 4260 1621 4339 saisitus
1646 4286 1773 4337 comes
1795 4258 2003 4366 predictus,

583 4389 851 4470 deliberabitur
872 4393 1023 4484 saisina,
1045 4408 1083 4471 et
1099 4393 1224 4470 eidem
1241 4392 1466 4500 adjudicavit
1479 4391 1583 4468 curia
1602 4409 1730 4469 nostra
1748 4389 2003 4498 predictorum

580 4522 754 4600 saisinam
769 4550 942 4601 unacum
961 4522 1142 4602 fructibus
1161 4539 1199 4600 et
1214 4522 1375 4601 exitibus
1394 4521 1484 4598 inde
1499 4522 1684 4629 perceptis
1700 4524 1907 4628 atempore
1927 4518 2004 4598 litis

580 4670 698 4747 mote,
728 4670 785 4743 et,
814 4654 843 4732 si
871 4653 993 4732 diruas
1018 4654 1258 4763 Radulphus,
1286 4655 1326 4732 in
1351 4652 1528 4761 predictis
1556 4652 1678 4730 feodis
1700 4650 1921 4741 Beivacinii,
1937 4651 2002 4759 jus

578 4806 690 4861 suum
708 4786 884 4893 prosequi
898 4784 1074 4879 voluerit,
1093 4786 1194 4864 curia
1214 4800 1357 4877 nostra,
1378 4784 1518 4863 vocatis
1534 4784 1722 4891 partibus,
1739 4782 1848 4863 faciet
1875 4783 2000 4862 eide·

577 4916 679 5021 quod
699 4915 814 4994 fuerit
831 4916 1002 4995 racionis,

632 5046 808 5125 Mercurii
827 5065 911 5153 post
930 5047 1216 5127 Penthecosten.

630 5176 672 5251 R.
690 5176 738 5253 de
754 5178 1112 5257 Sancto-Benedicto
1130 5178 1341 5284 reportavit.

631 5434 834 5513 LXXXVII.
865 5438 980 5531 Cum,
998 5464 1112 5544 super
1121 5438 1272 5547 justicia
1284 5456 1384 5517 terre
1398 5437 1445 5516 de
1463 5437 1630 5517 Moleriis
1646 5437 1747 5515 etde
1763 5430 1993 5513 Podio-Cor·

1617 5586 1620 5591 ·
1793 5589 1842 5669 7⁵.
