5817 7292
883 1145 932 1219 88
1159 1160 1164 1168 “
1467 1144 1558 1219 LES
1587 1145 1725 1219 OLIM.

658 1297 787 1348 rutum
802 1295 844 1356 tv,
939 1288 1064 1366 XXXI.
1096 1289 1192 1368 Cum
1212 1289 1251 1365 in
1272 1289 1374 1364 curia
1392 1306 1518 1364 nostra
1536 1288 1685 1395 questio
1703 1304 1805 1364 mota
1823 1285 1955 1363 fuisset
1972 1286 2072 1363 inter
2089 1287 2304 1368 ministrum

719 1385 782 1428 lm
883 1436 920 1495 et
948 1417 1078 1497 fratres
1102 1418 1240 1496 domus
1264 1419 1611 1498 Sancte-Trinitatis
1634 1417 1945 1507 Fontis-Bliaudi,
1968 1446 2013 1494 ex
2032 1447 2107 1494 una
2125 1437 2245 1525 parte,
2267 1441 2306 1500 et

883 1550 1057 1628 homines
1076 1548 1249 1626 villarum
1265 1549 1312 1626 de
1328 1549 1631 1637 Fonte-Bliaudi,
1648 1547 1695 1625 de
1714 1547 1961 1655 Bosco-Regis
1980 1563 2018 1623 et
2038 1546 2085 1624 de
2105 1547 2302 1638 Samosiis,

882 1708 925 1757 ex
950 1681 1083 1768 altera,
1110 1708 1223 1787 super
1248 1708 1293 1757 eo
1318 1679 1427 1785 quod
1447 1679 1538 1757 dicti
1563 1678 1726 1785 religiosi
1750 1677 1926 1755 dicebant
1951 1706 1990 1754 se
2015 1706 2104 1755 usos
2128 1677 2243 1757 luisse
2267 1698 2304 1757 et

882 1811 999 1886 eciam
1019 1839 1058 1887 se
1073 1811 1138 1918 jus
1158 1810 1298 1888 habere
1315 1810 1544 1886 immittendi
1560 1837 1696 1918 porcos
1709 1837 1813 1899 suos,
1833 1825 2022 1915 quotquot
2035 1808 2190 1898 vellent,
2209 1829 2305 1890 tem·
2372 1801 2378 1810 ’

879 1969 971 2047 pore
991 1941 1184 2047 peissone,
1210 1940 1258 2016 ad
1277 1939 1507 2046 pascendum
1528 1940 1568 2014 in
1587 1939 1728 2016 valleiis
1747 1955 1874 2016 nostre
1895 1936 2032 2016 foreste
2049 1939 2197 2046 Byerie,
2215 1970 2302 2020 cum

879 2069 1097 2146 redeveucia
1115 2070 1232 2146 trium
1257 2068 1499 2146 denariorum
1516 2099 1586 2176 pro
1606 2069 1777 2176 quolibet
1799 2097 1933 2176 porco,
1955 2084 1994 2144 et
2018 2096 2058 2145 se
2078 2069 2235 2176 injuste,
2258 2073 2304 2148 ad

878 2203 1188 2308 procuracionem
1210 2201 1398 2279 dictorum
1418 2203 1635 2290 hominum,
1654 2230 1723 2308 per
1742 2216 1871 2310 gentes
1890 2218 2035 2277 nostras
2055 2199 2170 2277 fuisse
2192 2230 2304 2308 super

880 2334 951 2409 hoc
972 2333 1190 2438 impeditos;
1213 2333 1322 2410 dictis
1342 2333 1562 2412 hominibus
1580 2333 1810 2450 cqutrarium
1830 2331 2098 2424 asserentibus,
2120 2350 2158 2409 et
2178 2331 2304 2411 dicen-

878 2463 981 2541 tibus
994 2464 1058 2571 jus
1075 2463 1288 2570 predictum
1305 2462 1352 2541 ad
1369 2466 1634 2570 parrochianos
1653 2463 1838 2541 seculares
1856 2463 2041 2540 dictarum
2061 2462 2177 2540 trium
2196 2463 2302 2541 villa-

878 2622 963 2670 rum
989 2594 1254 2686 tantummodo
1278 2595 1482 2701 pertinere,
1510 2598 1562 2673 ita
1580 2595 1685 2703 quod
1703 2622 1780 2672 non
1797 2594 1845 2671 ad
1863 2593 2060 2700 religiosos
2086 2595 2301 2700 predictos:

878 2724 1066 2812 Tandem,
1082 2724 1219 2802 auditis
1234 2725 1445 2804 racionibus
1459 2727 1574 2832 partis
1586 2725 1799 2831 utriusque,
1811 2723 1963 2831 visaque
1983 2725 2171 2831 inquesta,
2191 2754 2304 2832 super

878 2854 966 2943 hoc,
984 2854 1031 2932 de
1045 2855 1221 2933 mandato
1235 2873 1381 2945 nostro,
1397 2856 1509 2944 lacta,
1524 2884 1592 2964 per
1605 2855 1708 2932 curie
1723 2871 1850 2931 nostre
1859 2854 2065 2961 judicium,
2081 2855 2223 2932 dictum
2233 2854 2305 2933 fuit

878 2984 1066 3062 addictos
1091 2985 1267 3063 homines
1288 2986 1459 3064 villarum
1485 2987 1739 3093 predictarum
1764 3013 1841 3063 non
1864 2984 2092 3090 pertinuisse
2110 2984 2305 3091 religiosos

878 3117 1067 3223 predictos
1090 3115 1211 3194 facere
1232 3118 1407 3224 impediri
1428 3119 1468 3194 in
1488 3117 1685 3224 predictis,
1714 3133 1753 3194 et
1776 3116 1862 3192 ideo
1889 3116 2033 3192 dictum
2058 3116 2306 3222 impedimen·

878 3264 975 3335 tum,
991 3264 1173 3354 quantum
1190 3249 1238 3324 ad
1252 3249 1372 3325 dictos
1387 3249 1581 3340 homiues,
1597 3247 1761 3326 amoveri
1776 3246 1927 3324 debere.
1940 3248 2097 3335 Vemm,
2113 3247 2200 3354 quia
2212 3249 2302 3326 dicti

879 3376 1042 3482 religiosi
1070 3379 1284 3456 asserebant
1314 3407 1352 3454 se
1375 3379 1439 3486 jus
1465 3381 1678 3486 predictum
1705 3375 1863 3467 habere,
1888 3375 2062 3454 videlicet
2088 3375 2302 3454 inmittendi

803 3553 805 3558 =
878 3535 1012 3611 porcos
1032 3535 1121 3586 suos
1138 3510 1177 3584 in
1196 3509 1337 3587 valleiis
1352 3509 1450 3588 dicte
1463 3510 1601 3589 foreste
1617 3525 1759 3598 nostre,
1777 3535 1862 3584 cum
1881 3506 2099 3585 redeveucia
2116 3508 2299 3615 predicta,

879 3655 916 3714 et
937 3667 975 3715 se
993 3667 1073 3716 esse
1091 3639 1130 3716 in
1150 3640 1282 3717 saisina
1297 3641 1393 3748 juris
1412 3641 1585 3748 predicti,
1612 3640 1719 3748 cujus
1739 3637 1938 3746 peticionis
1957 3636 2125 3715 defensio
2145 3638 2193 3715 ad
2212 3666 2300 3729 nos,

878 3787 1055 3876 tauquam
1080 3772 1277 3850 domiuum
1304 3789 1341 3849 et
1365 3774 1657 3881 proprietarium
1682 3772 1852 3881 ejusdem
1877 3768 2027 3858 foreste,
2049 3770 2225 3874 pertinet,
2246 3771 2304 3846 in-

878 3900 1061 3978 tencionis
1086 3922 1213 3981 nostre
1240 3932 1315 3983 non
1342 3922 1399 3982 cst
1421 3935 1490 4012 per
1513 3905 1587 3983 boc
1611 3902 1755 4011 aliquid
1774 3902 1814 3978 iu
1833 3901 2061 4008 proprietate
2080 3900 2139 3976 vel
2156 3929 2304 4007 posses-

878 4031 983 4108 sione
1003 4061 1071 4138 pro
1092 4035 1202 4112 dictis
1225 4035 1410 4144 religiosis
1433 4035 1697 4143 pronunciasse
1721 4034 1760 4109 in
1785 4031 1981 4139 predictis,
2004 4031 2071 4109 sed
2094 4032 2227 4137 pocius
2240 4033 2304 4139 jus

878 4181 1048 4242 nostrum
1069 4165 1208 4243 salvum
1228 4167 1337 4245 nobis
1356 4168 1396 4244 in
1416 4164 1633 4274 hujusmodi
1652 4191 1858 4241 remanere.

933 4297 1031 4373 Iovis
1050 4318 1137 4404 post
1155 4301 1383 4380 Brandones.

935 4423 984 4498 M.
1007 4427 1048 4500 L.
1071 4429 1118 4504 de
1138 4430 1269 4537 Voissy
1288 4433 1501 4537 reportavit.

933 4684 1075 4761 XXXII.
1106 4685 1203 4764 Cum
1224 4687 1397 4766 consules
1417 4689 1562 4767 bastide
1582 4719 1678 4769 nove
1700 4692 1748 4768 de
1768 4692 1950 4768 Tauriaco
1966 4690 2076 4767 nobis
2095 4689 2300 4795 supplicas-

877 4830 960 4890 sent
984 4832 1027 4892 ut
1057 4817 1235 4922 quasdam
1265 4817 1371 4896 villas
1397 4819 1763 4927 circomadjacentes,
1792 4850 1953 4899 numero
1982 4849 2043 4899 sex
2074 4820 2211 4928 vigenti
2242 4819 2301 4895 vel

878 4945 1034 5036 circiter,
1055 4976 1130 5054 que
1144 4948 1323 5028 hactenus
1342 4949 1388 5026 ab
1410 4950 1564 5057 antiquo
1580 4971 1855 5032 consueverunt
1875 4982 1954 5030 esse
1976 4951 2023 5029 de
2041 4967 2204 5029 ressorto
2223 4967 2300 5026 tam

875 5075 1036 5154 Martelli
1056 5105 1169 5186 quam
1189 5081 1374 5156 Foncium
1393 5109 1507 5187 quam
1521 5083 1644 5173 Brive,
1663 5111 1893 5189 poneremus
1909 5085 1957 5161 de
1975 5099 2138 5162 ressorto
2154 5079 2301 5159 bastide

875 5207 1058 5312 predicte,
1080 5236 1149 5315 pro
1170 5209 1436 5288 melioracione
1457 5212 1574 5319 ipsius
1597 5213 1742 5292 bastide
1760 5246 1769 5290 ε
1786 5214 1974 5302 Tandem,
1997 5216 2168 5321 inquesta
2185 5239 2301 5317 super

877 5336 949 5414 hoc
979 5337 1087 5429 lacta,
1119 5357 1248 5417 utrum
1278 5341 1450 5447 expediat
1479 5343 1561 5419 [ieri
1591 5343 1879 5420 translacionem
1909 5343 2135 5448 predictam,
2161 5344 2236 5420 visa
2263 5358 2300 5418 et
2386 5443 2391 5452 ‚

876 5467 1075 5576 diligenter
1103 5471 1323 5560 examinata,
1352 5501 1419 5578 per
1444 5475 1610 5552 nostram
1638 5473 1779 5550 curiam
1803 5473 1947 5549 dictum
1971 5471 2043 5550 suit
2070 5474 2176 5581 quod
2201 5475 2297 5551 dicta
