5817 7292
1017 1082 1284 1188 suoutrss
1310 1099 1375 1170 rr
1401 1079 1610 1171 Pnoets.
1950 1089 2024 1166 tos

658 1237 787 1316 Martis
804 1255 891 1344 post
907 1239 1172 1318 Reminiscere.

658 1497 717 1576 CI.
748 1498 845 1575 Cum
868 1499 1079 1604 prepositus
1094 1498 1309 1578 Parisiensis
1323 1499 1558 1604 Stephanum
1572 1496 1741 1575 Bordoin
1759 1493 1807 1570 de
1825 1493 1927 1581 Pois,
1941 1497 2026 1572 Bar-

602 1627 735 1704 dinum
756 1627 792 1704 le
819 1628 947 1721 Quen,
965 1629 1176 1708 iohannem
1196 1629 1398 1737 Flamingi,
1420 1630 1654 1736 Stephanum
1674 1625 1859 1715 Burdoin,
1882 1623 2027 1702 dictum

600 1757 788 1865 Callepin‚
815 1773 852 1834 et
872 1758 1123 1863 Stephanum,
1144 1760 1268 1838 filium
1295 1759 1493 1840 Guillelmi
1520 1759 1704 1847 Bordoin,
1726 1786 1796 1864 pro
1814 1754 2026 1861 suspicione

600 1889 796 1995 cujusdam
813 1888 1029 1979 homicidii,
1044 1919 1169 1968 coram
1184 1920 1224 1968 se
1237 1909 1386 1970 vocatos
1402 1892 1538 1998 adjus,
1555 1909 1594 1968 et
1608 1918 1648 1968 se
1662 1917 1739 1967 non
1753 1902 2025 1994 presentantes,

600 2035 684 2121 post
699 2020 836 2096 multus
851 2019 1054 2098 dilaciones
1069 2038 1107 2100 et
1122 2022 1338 2100 vocaciones
1353 2051 1467 2127 snper
1482 2024 1555 2100 hoc
1570 2021 1696 2111 tactas,
1710 2018 1927 2107 henivisset,
1944 2047 2027 2124 pre·

600 2146 786 2225 dictorum
809 2150 1072 2240 bannitorum,
1091 2169 1281 2258 tamquam
1296 2152 1540 2240 clericorum,
1559 2168 1603 2227 ut
1617 2150 1766 2240 dicitur,
1783 2149 2024 2225 existencium

599 2276 638 2354 in
658 2278 824 2383 prisione
842 2281 1060 2360 Parisiensie
1079 2281 1260 2388 episcopi,
1280 2310 1430 2371 eorum,
1454 2299 1496 2359 ut
1515 2282 1663 2370 dicitur,
1682 2278 1879 2370 ordinarii,
1896 2279 1943 2354 ad
1963 2308 2026 2354 cu-

599 2408 690 2484 riam
707 2427 872 2488 nostram
886 2411 1105 2488 accedentes
1118 2431 1339 2518 procurator
1350 2429 1389 2491 et
1400 2413 1528 2499 amici,
1545 2426 1871 2518 proponentesque
1887 2409 2025 2486 dictam

599 2539 864 2618 bannicionem
888 2541 1002 2618 fuisse
1029 2541 1163 2618 factem
1192 2559 1391 2649 postquam
1415 2542 1586 2618 officialis
1612 2540 1827 2618 Parisiensis
1846 2541 2026 2617 monicio-

599 2696 686 2746 nem
701 2697 806 2745 suam
824 2669 977 2760 feceret,
994 2688 1031 2747 et
1045 2698 1264 2775 processum
1278 2700 1391 2748 suum
1403 2671 1640 2749 inchoaverat
1650 2688 1778 2748 contra
1792 2670 1935 2747 dictum
1946 2700 2025 2775 pre·

597 2801 782 2905 positum,
806 2828 853 2876 ne
879 2800 958 2906 ipse
977 2801 1191 2906 prepositus
1210 2803 1249 2877 in
1269 2801 1396 2906 aliquo
1416 2801 1639 2906 procederet
1662 2818 1790 2878 contre
1811 2802 2020 2907 predictos,

598 2931 663 3035 qui
691 2929 814 3008 clerici
839 2932 1164 3038 proponebantur,
1193 2948 1231 3008 et
1250 2949 1357 3008 erant
1375 2931 1413 3007 in
1434 2931 1598 3038 prisione
1619 2931 1784 3037 episcopi
1801 2929 2021 3037 supradicti;

599 3079 636 3138 et
652 3063 754 3168 quod
778 3063 893 3140 eciam
910 3061 1003 3141 fecta
1018 3061 1140 3140 suerat
1156 3062 1251 3139 dieta
1273 3062 1461 3152 bannicio,
1483 3080 1570 3167 pest
1586 3062 1881 3168 appellecionem
1896 3063 1943 3141 ab
1958 3094 2023 3140 au-

2057 1235 2186 1288 Psutrrrr
2206 1234 2250 1299 IV,

2125 1325 2188 1368 1300.

598 3193 743 3269 diencia
765 3194 853 3270 dicti
875 3193 1055 3300 prepositi
1073 3193 1132 3272 vel
1152 3193 1233 3299 ejus
1254 3194 1382 3270 locum
1409 3193 1587 3281 tenentis,
1614 3221 1726 3298 super
1745 3195 1818 3271 hoc
1837 3194 1883 3270 ad
1902 3195 2022 3272 domi·
2153 3248 2156 3254 ·

597 3351 690 3398 num
711 3325 850 3432 Regem
871 3324 1132 3430 interpositam
1153 3352 1221 3431 per
1245 3323 1433 3402 dictorum
1456 3324 1699 3400 detentorum
1720 3341 2019 3427 procuratorem,

597 3455 816 3533 exhibentes
838 3454 941 3532 curie
962 3471 1088 3532 nostre
1103 3482 1297 3560 processus
1315 3454 1521 3560 predictos,
1539 3454 1712 3560 pluribus
1732 3455 1946 3532 racionibus
1960 3485 2020 3533 re-

595 3585 794 3690 quirebant
818 3585 1081 3662 bannicionem
1106 3585 1314 3690 predictam
1338 3585 1505 3662 totaliter
1523 3583 1726 3672 annullari,
1747 3585 1919 3690 predicto
1937 3616 2022 3693 pre-

595 3715 717 3819 posito
739 3714 866 3821 piures
884 3715 1052 3792 raciones
1074 3714 1114 3790 in
1136 3715 1365 3791 contrarium
1387 3731 1653 3819 proponente:
1675 3713 1863 3800 Tandem,
1884 3715 2022 3794 auditis

597 3845 684 3922 hinc
697 3845 784 3922 inde
797 3845 999 3950 propositis
1012 3859 1050 3922 et
1064 3843 1151 3921 visis
1162 3843 1400 3951 processibus
1415 3843 1628 3931 antedictis,
1642 3869 1710 3947 per
1721 3859 1905 3920 arrestum
1918 3847 2020 3924 curie

597 3991 721 4052 nostre
733 3975 908 4054 bannicio
919 3976 1085 4081 predicta
1098 3993 1266 4052 revocata
1282 3973 1353 4050 suit
1370 3990 1408 4050 et
1418 3973 1585 4050 totaliter
1597 3970 1777 4062 anullata,
1794 3989 1847 4063 et,
1863 3974 1893 4050 si
1907 4003 2021 4084 super

597 4104 783 4182 dictorum
798 4106 1039 4183 detentorum
1053 4105 1212 4212 laycatu,
1230 4105 1353 4182 dictus
1366 4105 1579 4212 prepositus
1590 4104 1650 4180 vel
1660 4121 1880 4209 procurator
1893 4124 2021 4185 noster

595 4252 660 4312 eut
676 4235 738 4312 alii
755 4237 986 4343 quicumque
1006 4235 1183 4341 prosequi
1198 4235 1404 4326 voluerint,
1424 4263 1538 4343 super
1551 4237 1624 4314 hoc
1638 4236 1774 4313 adeant
1786 4236 2018 4316 ordinarium

596 4366 820 4469 predictum.

652 4480 780 4586 Martis
799 4479 976 4585 predicta.

650 4740 722 4818 CH.
755 4740 851 4818 Cum
871 4740 1046 4817 deminus
1066 4741 1113 4818 de
1132 4739 1264 4847 Pyceio
1286 4739 1442 4818 domino
1463 4741 1552 4849 Regi
1569 4760 1794 4849 conquestus
1813 4744 1945 4823 suisset
1962 4777 2019 4824 su·

594 4901 720 4976 pereo
736 4874 859 4980 quod,
876 4872 938 4949 die
958 4871 1120 4978 quadam
1141 4871 1366 4979 carniprivii,
1388 4873 1562 4978 pluribus
1576 4862 1795 4954 hominihus
1813 4876 1912 4956 dicte
1930 4878 2016 4955 ville

592 5002 744 5082 insimul
774 5003 1005 5112 congregetis
1032 5023 1069 5082 et
1092 5001 1329 5092 ludentibus,
1359 5033 1446 5080 curn
1473 5005 1570 5110 ipse,
1599 5033 1667 5110 pro
1692 5007 1902 5114 suspicione
1926 5007 2015 5088 funi

592 5135 845 5237 quorumdam
856 5135 1071 5242 ciphorum,
1085 5135 1241 5239 cepisset
1255 5150 1292 5211 et
1307 5163 1434 5212 secum
1447 5154 1597 5241 captum
1611 5135 1766 5214 duceret
1776 5137 2014 5238 Gucrardum

592 5261 793 5354 pellicerii,
816 5294 930 5372 quern
953 5265 1125 5342 homines
1144 5266 1303 5371 predicti
1324 5293 1450 5372 regem
1473 5265 1637 5344 fecerant
1659 5266 1749 5344 dicti
1773 5268 1874 5357 ludi,
1896 5269 2015 5375 major
2065 5291 2072 5304 ·

594 5409 631 5467 et
654 5397 867 5472 communia
891 5396 989 5474 dicte
1009 5395 1112 5486 ville,
1139 5398 1187 5474 ed
1211 5397 1468 5506 pulsacionem
1487 5426 1666 5506 campane
1690 5400 1920 5506 congregati,
1943 5397 2014 5473 cla-
