5817 7292
1076 1115 1340 1224 nuounrns
1367 1135 1430 1207 nr
1458 1117 1662 1210 euocns.
2030 1145 2078 1218 so
2127 1229 2134 1242 ,

660 1279 948 1382 Hermerenges,
970 1275 1070 1381 apud
1090 1275 1290 1353 Rilenacre
1312 1295 1348 1353 et
1368 1279 1470 1384 apud
1487 1274 1773 1380 Ultra-Aquam,
1790 1282 1891 1384 apud
1908 1282 2079 1361 Niveniel
2117 1292 2248 1348 Pomm
2260 1295 2303 1356 tv,

658 1404 865 1485 berlariam
891 1434 1005 1484 unam
1033 1423 1070 1484 et
1097 1405 1280 1511 hospites,
1304 1424 1340 1484 et
1365 1409 1404 1484 in
1433 1407 1606 1514 pluribus
1633 1405 1715 1483 aliis
1746 1406 1853 1486 lociis
1880 1410 2078 1520 plerasque
2180 1387 2243 1428 Μ

657 1556 774 1614 terras
801 1567 886 1615 cum
912 1537 1135 1616 omnimodo
1162 1539 1360 1627 comitatu,
1382 1539 1421 1614 in
1444 1536 1598 1648 Anglia,
1621 1567 1667 1614 ex
1694 1539 1901 1617 donacione
1930 1560 2075 1635 nostra,

660 1667 853 1746 ecclesiam
878 1669 926 1745 de
946 1668 1133 1756 Fohinch‚
1162 1699 1248 1745 eum
1271 1670 1427 1746 decimis
1452 1687 1490 1747 et
1508 1668 1740 1774 appendiciis
1766 1670 1864 1760 suis,
1886 1673 2080 1780 cognosci-

658 1827 743 1876 mus
760 1799 878 1876 eciam
901 1797 1006 1904 quod
1026 1798 1149 1874 eidem
1168 1801 1398 1877 monasterio
1418 1830 1487 1879 suo
1507 1798 1691 1877 auxilium
1711 1801 1916 1890 debemus,
1937 1805 2076 1893 vocati,

658 1928 844 2020 conferre,
862 1954 932 2002 nec
950 1925 1022 2033 ipsi
1041 1926 1100 2003 vel
1117 1925 1251 2006 eorum
1269 1931 1401 2006 nuncii
1417 1948 1640 2022 traversum,
1657 1930 1865 2038 pedagium
1876 1930 1936 2008 vel
1955 1933 2078 2010 thelo-

658 2089 791 2148 neum,
813 2055 908 2134 infra
938 2056 1151 2134 dominium
1180 2075 1372 2150 nostrum,
1393 2060 1536 2139 debent
1558 2060 1789 2166 persolvere3
1812 2061 1994 2168 quiequid
2013 2091 2079 2142 au-

656 2208 734 2267 tem
769 2189 808 2264 in
839 2187 995 2264 decimis
1024 2187 1218 2294 acquirere
1249 2205 1430 2293 poterunt
1463 2190 1517 2267 eis
1546 2191 1810 2283 concedimus,
1843 2194 2075 2286 exacciones,

656 2317 945 2426 procuraciones
974 2333 1011 2394 et
1036 2316 1188 2410 taillies,
1210 2318 1383 2396 monachi
1409 2320 1469 2398 vel
1498 2321 1673 2400 homines
1702 2349 1852 2416 eorum,
1880 2324 1990 2403 nobis
2013 2344 2078 2403 aut

656 2449 932 2528 successoribus
951 2448 1089 2526 nostris
1108 2449 1267 2527 minime
1288 2450 1515 2555 persolvant,
1546 2453 1576 2528 si
1600 2482 1668 2560 pro
1696 2456 1912 2531 reverencia
1937 2456 1995 2533 sui
2014 2487 2079 2562 pa-

653 2582 754 2660 troni
770 2580 987 2658 aisiamenta
1001 2579 1042 2657 in
1061 2580 1238 2659 omnibus
1254 2579 1346 2659 locis
1366 2581 1406 2656 in
1422 2581 1563 2687 quibus
1578 2584 1810 2690 quandoque
1829 2585 1968 2662 habere
1989 2615 2078 2663 con·

656 2728 869 2802 sueverant,
894 2709 1012 2788 libere
1037 2711 1215 2800 habeant3
1242 2712 1282 2788 in
1311 2713 1555 2818 expedicione
1582 2742 1652 2817 pro
1683 2711 1935 2789 deffendenda
1958 2716 2078 2817 patria

655 2859 781 2918 tamen
792 2839 966 2916 homines
982 2839 1135 2916 ecclesie
1149 2856 1278 2916 contra
1291 2839 1552 2917 malefactores
1566 2869 1654 2916 cum
1672 2841 1943 2916 communitate
1955 2842 2078 2920 tocius

656 2969 775 3076 patrie
805 2968 994 3057 resistant,
1023 2985 1060 3045 et
1082 2996 1159 3045 non
1187 2969 1259 3044 nisi
1288 2967 1433 3047 abbatis
1461 2971 1588 3047 banuo
1616 2968 1809 3048 obediant.
1840 2970 1981 3047 Datum
2011 3001 2079 3079 per

660 3127 815 3176 manum
835 3098 985 3176 Rilardi
1006 3097 1169 3204 duplici,
1186 3099 1321 3176 notarii
1342 3099 1481 3187 nostri,
1497 3128 1597 3176 anno
1618 3099 1733 3178 Verbi
1754 3099 1935 3178 incarnati
1955 3102 2078 3180 mille-

655 3231 752 3308 simo
784 3229 987 3305 centesimo
1019 3227 1304 3336 quadragesimo
1333 3226 1476 3334 quinto.
1507 3229 1641 3306 Testes
1670 3257 1785 3334 super
1819 3229 1893 3306 hoc
1923 3229 2077 3310 fuerunt

656 3358 861 3438 Heufridus
874 3347 876 3352 ¹
889 3357 1044 3465 dapifer,
1066 3357 1253 3438 Robertus
1271 3357 1427 3465 dapifer,
1448 3360 1644 3437 Eustacius
1662 3359 1710 3436 de
1727 3358 1898 3451 Fieules,
1919 3362 2077 3441 Willer-

659 3521 744 3570 mus
765 3507 804 3568 et
822 3489 1020 3599 Rogerius,
1040 3488 1171 3568 fratres
1191 3490 1266 3580 sui,
1284 3489 1499 3568 Bernardus
1517 3489 1738 3578 vicecomes,
1757 3488 1867 3578 Osto,
1882 3492 2077 3572 Eustacius

655 3622 701 3700 de
721 3622 901 3710 Cortona,
922 3619 1033 3728 Ilugo
1053 3619 1310 3711 marescallus,
1336 3619 1558 3726 lladulphus
1578 3618 1811 3724 capellanus,
1834 3622 2004 3728 Rogerus
2029 3625 2076 3701 de

559 3805 562 3812 ·
621 3731 622 3736 Ἰ
654 3751 848 3844 Lemesio,
863 3751 1063 3840 Evrardus,
1081 3750 1300 3838 Fulbertus,
1317 3752 1439 3828 Bauso
1457 3767 1495 3826 et
1507 3748 1569 3826 alii
1586 3749 1715 3843 multi,
1730 3767 1809 3826 tam
1822 3749 1948 3828 clerici
1962 3781 2077 3858 quam

656 3883 772 3988 laycy.
793 3882 868 3958 Nos
892 3897 1034 3969 autem,
1056 3879 1095 3956 in
1119 3881 1381 3958 testimonium
1402 3880 1673 3986 premissorum
1694 3897 1732 3957 et
1761 3899 1804 3957 ut
1828 3898 1908 3958 rata
1926 3911 2075 3988 perma-

655 4027 771 4088 neant
789 4008 1037 4101 infuturum,
1060 4008 1298 4116 presentibus
1323 4009 1460 4087 litteris
1480 4027 1653 4088 nostrum
1680 4009 1840 4086 fecimus
1862 4014 2001 4117 apponi
2027 4015 2076 4091 si-

654 4141 801 4252 gillum.
816 4139 952 4217 Actum
969 4139 1129 4216 Parisius
1150 4167 1249 4218 anno
1269 4140 1424 4218 Domini
1446 4139 1646 4218 millesimo
1674 4119 1940 4215 ducentesimo
1957 4168 2074 4217 nona-

657 4271 801 4380 gesimo
822 4297 942 4361 nono,
963 4293 1091 4345 mense
1110 4267 1371 4348 Decembris.»

711 4533 900 4615 XXXVIII.
932 4534 1030 4614 Cum
1045 4533 1143 4610 inter
1153 4534 1328 4612 abbatem
1345 4552 1382 4612 et
1395 4550 1620 4612 conventum
1634 4533 1948 4612 Sancti—Comelii
1960 4535 2074 4613 Com·

653 4665 889 4772 pendiensis,
912 4693 956 4742 ex
982 4683 1087 4772 parte
1113 4693 1205 4757 una,
1227 4683 1265 4744 et
1289 4667 1471 4773 majorem
1495 4682 1533 4742 et
1554 4663 1702 4770 juratos
1730 4663 2070 4771 Compendienscs,

655 4796 809 4874 nomine
823 4795 1040 4873 communie
1058 4795 1229 4904 ejusdem
1244 4795 1351 4889 ville,
1370 4826 1414 4874 ex
1433 4795 1565 4884 altera,
1583 4793 1697 4886 olim,
1712 4792 1759 4872 de
1775 4796 1953 4875 mandato
1969 4799 2071 4877 curie

656 4943 799 5018 nostre,
818 4927 912 5006 facta
934 4925 1050 5005 fuerit
1069 4927 1233 5034 quedam
1252 4929 1425 5037 inquesta
1445 4957 1559 5034 super
1578 4925 1754 5034 pluribus
1781 4944 1819 5004 et
1838 4928 1994 5008 diversis
2017 4958 2073 5006 ar-

653 5057 778 5136 ticulis
797 5057 992 5136 hincinde
1013 5059 1231 5165 propositis,
1248 5087 1290 5137 ac
1306 5060 1409 5137 curie
1428 5077 1556 5137 nostre
1577 5075 1767 5166 reportata
1781 5075 1819 5136 et
1829 5057 2017 5166 judicata,
2035 5079 2074 5138 et

654 5185 702 5264 ad
717 5188 1009 5296 requisicionem
1030 5189 1198 5298 parcium
1214 5191 1488 5298 predictarum,
1503 5190 1669 5298 quedam
1689 5188 1964 5268 declaraciones
1978 5219 2073 5296 quo-

654 5321 829 5398 rumdam
860 5339 1125 5402 contentorum
1156 5322 1196 5400 in
1229 5322 1353 5429 primo
1381 5321 1552 5430 judicato
1583 5321 1678 5400 facte
1708 5319 1851 5401 fuerint
1877 5321 1917 5398 in
1946 5337 2072 5398 nostra

656 5451 773 5543 ouria,
792 5469 907 5556 prout
925 5453 1143 5532 continetur
1163 5453 1202 5529 in
1218 5452 1389 5560 judicato
1411 5470 1450 5530 et
1469 5451 1723 5533 declaratione
1742 5452 1936 5559 predictis3
1958 5449 2075 5525 inter-
