5817 7292
1079 1095 1664 1203 usouurusurraocus
2061 1119 2084 1189 a

661 1259 804 1371 vilegiis
821 1257 869 1336 ab
888 1273 1049 1364 utraque
1066 1272 1172 1364 parte
1194 1254 1402 1362 productis,
1426 1254 1641 1364 auditisque
1654 1254 1869 1337 racionibus
1886 1260 2178 1368 propositis„
2125 1282 2207 1420 ιιιιῙι
2208 1287 2312 1352 ιιιιι,

661 1393 751 1472 hinc
774 1389 938 1480 atinde,
959 1387 1253 1495 pronunciatum
1274 1384 1365 1479 fuit,
1383 1415 1452 1494 per
1473 1387 1576 1465 curie
1596 1404 1724 1466 nostre
1738 1387 1947 1495 judicium,
1967 1392 2088 1473 dictos

661 1522 836 1603 homiues
852 1519 900 1598 de
910 1519 1059 1600 Chalou
1077 1518 1173 1598 etde
1185 1517 1690 1607 MolendiuisNovisteueri,
1709 1518 1758 1598 de
1773 1521 1945 1618 emendis
1958 1526 2089 1604 taxatis

662 1654 712 1733 ad
730 1651 918 1760 sexaginta
930 1649 1091 1739 solidos,
1113 1650 1161 1727 ad
1175 1649 1343 1757 quinque
1356 1648 1497 1728 solidos
1513 1650 1802 1742 tautummodo,
1818 1667 1872 1740 et,
1890 1651 1938 1730 de
1951 1651 2027 1730 illis
2041 1653 2089 1731 de

661 1783 802 1863 minori
822 1809 937 1889 quam
956 1780 1146 1889 sexaginta
1170 1779 1400 1870 solidorum,
1424 1783 1473 1860 ad
1497 1780 1703 1859 duodecim
1729 1780 1904 1860 denarios
1924 1798 2091 1862 tautum-

663 1916 801 2008 modo,
818 1929 874 2002 at,
889 1912 937 1990 de
953 1910 1031 1990 illis
1049 1911 1097 1990 de
1114 1911 1374 2020 ajornameutc
1390 1911 1439 1990 de
1454 1911 1643 1991 sexdecim
1656 1911 1841 2004 denariis,
1863 1913 1912 1989 ad
1926 1931 2090 2020 quatuor

663 2046 841 2125 denarios
865 2043 1149 2134 tautummodo,
1183 2043 1347 2150 exceptis
1368 2042 1566 2122 forisfactis
1587 2041 1842 2132 maliciorum,
1872 2045 1920 2122 de
1949 2045 2090 2152 quihus

659 2176 822 2256 stabitur
841 2175 973 2286 usibus
991 2192 1031 2256 et
1049 2173 1256 2254 coustumia
1274 2173 1393 2281 patrie
1414 2191 1453 2252 et
1471 2173 1646 2255 villarum
1664 2175 1873 2255 vicinarum
1888 2205 1965 2256 non
1983 2179 2090 2284 priri-

660 2305 893 2416 legiatarum.
941 2380 944 2390 .

717 2572 777 2650 IV.
808 2572 985 2680 lnquesta
1015 2569 1110 2648 lacta
1138 2571 1239 2650 iuter
1264 2572 1403 2682 Regem
1434 2587 1474 2652 et
1492 2571 1671 2654 Sanctum
1695 2573 1848 2652 Petrum
1872 2573 2087 2652 Puellarum

662 2701 951 2782 Bitturicensem
971 2731 1050 2782 non
1075 2719 1131 2780 est
1144 2700 1239 2782 lacta
1256 2701 1499 2793 sufficienter,
1514 2721 1553 2780 et
1566 2704 1655 2782 ideo
1669 2705 1774 2781 curia
1786 2703 1970 2780 ordinavit
1984 2704 2090 2808 quod

663 2847 787 2936 partes
807 2832 941 2910 iterato
956 2831 1192 2910 vocabuntur
1208 2848 1248 2909 et
1265 2832 1481 2910 audientur.

718 3095 762 3172 V.
793 3093 1006 3201 Philippus,
1024 3111 1094 3172 etc.
1114 3094 1213 3174 Cum
1234 3093 1395 3174 ddectus
1411 3111 1452 3172 et
1470 3092 1596 3173 fidelis
1614 3112 1743 3174 nouer
1760 3096 1958 3202 episcopus
1976 3100 2091 3178 Mori-

663 3223 790 3302 nensis
809 3240 1038 3333 conquestus
1054 3225 1165 3303 nobis
1183 3223 1316 3303 fuisset
1329 3224 1434 3332 quod
1450 3225 1671 3332 Aymericus
1689 3226 1738 3304 de
1757 3227 1984 3316 Nova-Villa,
2004 3232 2091 3338 Egi·

662 3356 767 3447 dius,
786 3356 869 3464 ejus
884 3353 1008 3448 frater,
1027 3355 1183 3449 milites,
1210 3353 1401 3434 Gerardus
1428 3355 1477 3434 de
1491 3354 1658 3435 Vimiaco
1674 3371 1713 3432 et
1726 3355 1860 3434 Petrus
1878 3356 1927 3435 de
1943 3359 2088 3452 Beelle,

661 3487 853 3598 armigeri,
885 3504 1078 3566 eteorum
1106 3484 1327 3593 complicas,
1354 3513 1483 3594 graves
1510 3486 1666 3594 injurias
1692 3485 1818 3564 eidem
1847 3490 2022 3597 episcopo
2053 3511 2091 3569 et

661 3617 838 3727 gentibus
857 3618 936 3698 suis
955 3647 997 3696 ac
1024 3615 1176 3699 officiali
1203 3645 1274 3698 suo
1302 3634 1341 3697 et
1364 3615 1542 3724 gentihus
1561 3615 1733 3724 ejusdem
1753 3617 1942 3709 officialis,
1963 3622 2091 3700 minus

657 3749 759 3856 juste
787 3751 1029 3858 irrogassent,
1050 3766 1089 3828 et
1112 3777 1225 3855 super
1244 3749 1317 3826 hoc
1341 3764 1379 3826 et
1403 3748 1679 3827 circonstanciis
1703 3765 1742 3826 et
1763 3751 2090 3860 aggravacionibus

663 3879 936 3985 multiplicibus
954 3879 1180 3987 injuriarum
1196 3879 1418 3958 earumdem
1434 3877 1719 3957 mandassemus
1736 3882 1931 3960 veritatem
1949 3882 2089 3989 inquiri

662 4035 731 4115 per
748 4007 929 4088 ballivum
943 4027 1120 4090 nostrum
1132 4009 1444 4098 Ambianeusem,
1461 4009 1600 4087 vocatis
1615 4009 1793 4116 predictis
1808 4029 1846 4087 et
1856 4013 1990 4090 ceteris
2005 4042 2090 4090 evo-

664 4138 808 4227 candis,
826 4158 865 4217 et
887 4140 1099 4247 inquestam
1117 4139 1467 4248 hujusmodi'curie
1487 4155 1616 4218 nostre
1633 4138 1768 4218 referri
1791 4171 1801 4214 c
1823 4139 2011 4225 Tandem,
2032 4141 2091 4216 iu-

663 4286 796 4378 questa
820 4296 889 4376 per
909 4269 1053 4348 dictum
1073 4270 1255 4350 ballivum
1275 4295 1390 4376 super
1415 4269 1490 4346 hoc
1507 4268 1601 4345 lacta
1625 4284 1664 4345 et
1682 4268 1786 4344 curie
1808 4284 1936 4346 nostre
1954 4266 2088 4360 relata,

662 4402 738 4480 visa
758 4418 796 4480 et
811 4399 1014 4508 diligenter
1034 4399 1260 4494 examinata,
1283 4417 1323 4478 et
1342 4398 1481 4478 auditis
1496 4397 1613 4479 eciam
1626 4396 1766 4476 ballivo
1782 4414 1821 4477 et
1837 4398 1921 4476 aliis
1935 4398 2093 4506 quibus·

663 4533 751 4610 dam
771 4532 819 4610 de
834 4529 992 4612 consilio
1009 4545 1161 4622 nostro,
1186 4531 1274 4612 visis
1293 4531 1450 4639 iusuper
1468 4528 1684 4609 racionibus
1703 4558 1797 4637 quaa
1815 4530 1938 4608 dictus
1955 4531 2091 4640 Ayme·

662 4663 763 4742 ricus
787 4691 913 4742 coram
931 4662 1033 4742 dicto
1048 4661 1190 4740 ballivo
1211 4662 1428 4771 proposuit,
1450 4679 1489 4741 et
1508 4661 1646 4742 auditis
1664 4661 1783 4740 eciam
1810 4662 1884 4741 hiis
1907 4689 1983 4768 que
2011 4664 2090 4770 ipse

663 4795 905 4903 Aymericus,
924 4821 1081 4901 presens
1100 4792 1141 4870 in
1158 4794 1262 4874 curia
1280 4810 1424 4888 nostra,
1439 4793 1561 4872 voluit
1573 4819 1803 4900 proponere,
1823 4792 2090 4902 perjudicium

663 4925 765 5004 curie
785 4943 931 5015 nostre,
951 4925 1096 5006 dictum
1117 4925 1192 5006 luit
1211 4943 1249 5006 et
1267 4927 1559 5034 pronunciatum
1585 4926 1800 5032 predictum
1825 4924 2087 5033 Aymericum,

663 5085 733 5163 pro
746 5057 972 5164 supradictis
991 5057 1140 5166 injuriis
1155 5074 1193 5136 et
1208 5056 1536 5168 aggravacionibus
1546 5055 1838 5164 quamplurimis
1852 5056 2088 5146 eanrmdem,

664 5204 793 5266 contra
807 5187 935 5296 ipsum
954 5185 1188 5268 sufficienter
1203 5205 1241 5268 et
1259 5187 1444 5296 legittime
1458 5187 1627 5295 probatis
1651 5203 1691 5265 et
1705 5185 1907 5293 reppertis,
1924 5185 2034 5264 nohis
2053 5205 2091 5264 et

664 5336 876 5399 memorato
890 5318 1069 5427 episcopo
1086 5319 1296 5400 Morinensi
1312 5317 1452 5398 debere
1465 5317 1587 5399 lacere
1601 5319 1822 5409 emendam,
1842 5334 1897 5410 et,
1917 5344 1988 5425 pro
2004 5345 2091 5423 pre-

666 5445 764 5526 dicta
786 5451 967 5546 emenda,
988 5451 1101 5532 nobis
1118 5451 1225 5532 mille
1249 5452 1364 5533 libras
1378 5451 1638 5542 Turonensea,
1666 5466 1706 5528 et
1721 5449 1893 5556 predicto
1912 5447 2089 5553 episcopo
