5817 7292
1045 1097 1312 1207 uuoutrns
1337 1113 1401 1188 ur
1426 1093 1634 1190 ruocts.
1984 1099 2048 1188 nt

630 1262 763 1341 diarius
780 1277 909 1338 noster
926 1259 1130 1338 Oudardus
1156 1261 1204 1340 de
1228 1248 1463 1352 Villa-Nora,
1489 1275 1581 1337 tunc
1601 1255 1759 1364 negocio
1778 1256 1877 1334 dicte
1898 1254 2056 1363 inquisi-
2092 1275 2280 1355 pmuttt,

539 1419 546 1430 ¹
622 1393 750 1472 cionis
770 1392 986 1480 intendens,
1007 1391 1119 1469 sciret
1137 1419 1253 1498 super
1270 1391 1343 1467 hoc
1356 1390 1562 1468 veritatem.
1585 1388 1661 1482 Qui
1677 1387 1897 1478 Oudardus,
1918 1387 2056 1466 vocatis
2155 1389 2218 1433 ¹³⁰³·

633 1526 820 1640 partibus,
843 1551 958 1632 super
977 1525 1049 1600 hoc
1066 1551 1134 1630 per
1149 1522 1226 1600 fide
1243 1524 1377 1630 dignos
1390 1521 1480 1600 fecit
1493 1520 1686 1598 veritatem
1702 1519 1841 1627 inquiri
1858 1552 1866 1597 :
1882 1522 2057 1628 Inquesta

634 1685 722 1734 vero
741 1657 927 1763 predicta,
949 1671 1075 1732 nostre
1094 1654 1198 1742 curie
1218 1669 1421 1760 reportata,
1447 1653 1523 1730 visa
1548 1670 1585 1730 et
1610 1651 1812 1758 diligenter
1836 1651 2058 1743 examinata,

629 1803 842 1892 'vocatoque
859 1785 959 1862 dicto
979 1783 1131 1863 Matheo
1151 1785 1198 1860 ad
1213 1784 1277 1891 jus
1296 1805 1409 1888 super
1427 1781 1500 1858 hoc
1522 1781 1773 1873 audiendum,
1790 1809 1858 1887 per
1873 1783 2061 1890 judicium
2178 1815 2181 1820 ·

635 1934 763 1995 nostre
778 1914 899 2003 curie,
917 1914 1061 1992 dictum
1072 1913 1143 1992 suit
1155 1914 1369 2020 predictum
1382 1912 1545 1990 Alanum
1562 1929 1690 1988 contra
1706 1909 1851 1989 dictum
1867 1913 2062 1990 Matheum

635 2048 893 2127 intencionem
916 2074 1028 2147 *suam
1051 2043 1283 2124 sufficienter
1308 2045 1544 2152 probavisse3
1575 2061 1612 2120 et
1639 2044 1745 2150 quod
1775 2044 1899 2120 eidem
1924 2043 2060 2137 Alano,

635 2181 802 2286 quandiu
829 2179 909 2285 ipse
934 2177 1083 2270 vixerit,
1107 2204 1178 2284 pro
1206 2177 1379 2283 dampnis
1403 2176 1499 2264 suis,
1523 2169 1841 2254 dictus'Matheus
1869 2175 2061 2252 annuatim

635 2309 821 2417 persolvet
843 2310 976 2386 decem
1001 2327 1039 2386 et
1061 2325 1146 2386 octo
1171 2309 1286 2386 libras
1309 2306 1551 2395 Parisienses,
1575 2323 1614 2384 et
1633 2306 1750 2384 eciam
1770 2305 1921 2413 triginta
1943 2323 1980 2384 et
1998 2335 2062 2384 sex

634 2441 750 2518 libras
768 2469 837 2548 pro
858 2441 1052 2547 arreragiis
1068 2440 1158 2517 dicti
1178 2438 1351 2517 redditus
1366 2439 1415 2515 de
1432 2438 1583 2516 duobus
1601 2438 1709 2515 annis
1724 2437 1914 2543 preteritis
1930 2467 1950 2514 a
1966 2455 2061 2515 tem-

635 2600 726 2679 pore
745 2571 900 2650 lesionis
914 2571 1099 2677 predicte,
1116 2587 1154 2648 et
1166 2569 1271 2677 quod
1287 2569 1376 2646 dicti
1391 2568 1535 2647 Mathei
1551 2567 1741 2646 hereditas
1756 2585 1792 2644 et
1805 2567 1907 2645 bona
1922 2568 1969 2645 ad
1988 2569 2061 2647 hoc

636 2704 888 2781 remanebunt
912 2703 1073 2810 obligata
1097 2702 1216 2779 Alano
1245 2700 1434 2807 predicto,
1463 2718 1501 2778 et
1528 2700 1632 2806 quod
1660 2699 1761 2776 idem
1787 2700 1980 2788 Matheus,
2007 2685 2063 2777 ra-

637 2832 746 2908 cione
765 2832 850 2909 sacti
870 2833 1048 2939 predicti,
1073 2849 1326 2909 trecentarum
1353 2830 1534 2908 librarum
1555 2831 1820 2909 Parisiensium
1844 2831 1954 2909 nobis
1979 2859 2063 2936 per-

637 2961 756 3041 solvet
774 2963 988 3040 emendam.

692 3093 800 3170 Lune
819 3094 858 3170 in
878 3093 1022 3171 octabis
1040 3092 1278 3200 Magdalene,
1301 3121 1400 3172 anno
1419 3093 1684 3170 trecentesimo
1702 3093 1834 3172 tercio.

690 3358 750 3433 IX.
783 3357 880 3435 Cum
906 3357 946 3432 in
966 3385 1075 3434 causa
1093 3357 1134 3432 in
1154 3356 1257 3433 curia
1276 3373 1403 3433 nostra
1426 3372 1529 3434 mota
1547 3356 1646 3433 inter
1668 3355 1834 3462 priorem
1858 3374 1896 3434 et
1921 3358 2063 3464 capitu-

637 3487 717 3564 lum
734 3486 890 3566 ecclesie
908 3487 1195 3595 Santi-Caprasii
1215 3489 1263 3566 de
1278 3485 1453 3594 Agenno,
1479 3514 1522 3564 ex
1537 3515 1612 3564 una
1630 3504 1752 3595 parte,
1774 3503 1814 3565 ct
1833 3487 2008 3567 consules
2025 3505 2063 3564 et

636 3619 935 3709 universitatem,
957 3619 1112 3697 civitatis
1125 3618 1375 3728 Agennensis,
1398 3648 1442 3695 ex
1462 3619 1590 3708 altera,
1610 3648 1721 3726 super
1736 3620 2064 3725 pluribusviolen-

636 3750 719 3840 ciis,
739 3750 888 3858 injuriis
908 3768 947 3828 et
965 3751 1290 3858 oppressionibus,
1307 3779 1375 3858 per
1394 3748 1516 3826 dictos
1535 3749 1707 3826 consules
1724 3767 1762 3825 et
1780 3750 2059 3827 universitatem

638 3879 756 3956 eciam
781 3904 866 3957 cum
890 3881 1020 3971 armis,
1046 3881 1086 3958 in
1111 3880 1209 3957 dicta
1235 3880 1388 3959 ecclesia
1413 3878 1534 3967 sactis,
1556 3895 1599 3955 ut
1624 3879 1841 3970 dicebatur;
1863 3877 1999 3954 auditis
2024 3897 2062 3955 et

638 4008 779 4114 pluries
797 4011 964 4116 parcium
990 4011 1244 4118 predictarum
1263 4010 1478 4089 racionibus
1496 4009 1586 4086 hinc
1605 4024 1644 4085 et
1662 4008 1767 4096 inde,
1789 4035 1857 4113 per
1876 4026 2059 4086 arrestum

639 4156 766 4216 nostre
781 4142 884 4218 curie
900 4142 1046 4220 dictum
1059 4142 1192 4219 fuisset
1206 4143 1310 4250 quod
1325 4142 1497 4247 inquesta
1510 4165 1624 4246 super
1638 4139 1712 4216 hoc
1725 4138 1773 4215 de
1787 4139 1964 4216 mandato
1980 4168 2062 4218 nos

638 4289 698 4347 tro
713 4269 807 4348 facta
821 4271 1012 4350 videretur
1027 4291 1066 4350 et
1074 4272 1332 4380 judicaretur:
1348 4271 1538 4364 Tandem,
1556 4274 1726 4377 inquesta
1741 4269 1908 4376 predicta
1921 4298 1990 4377 per
2004 4302 2063 4349 cu·

640 4401 735 4478 riam
745 4417 911 4479 nostram
920 4403 997 4480 visa
1011 4421 1048 4480 et
1062 4403 1260 4514 diligenter
1272 4402 1493 4520 examinata,
1510 4402 1609 4479 dicta
1621 4401 1804 4509 inquesta,
1818 4420 2004 4511 quantum
2015 4404 2063 4480 ad

638 4547 764 4639 partes
781 4532 984 4639 predictas,
1003 4551 1159 4642 propter
1179 4536 1493 4640 compromissum
1513 4534 1611 4610 inter
1630 4559 1670 4612 se
1691 4532 1830 4612 sactum
1850 4561 1965 4640 super
1979 4564 2064 4643 pre-

639 4661 767 4752 dictis,
788 4663 861 4740 fuit
879 4664 927 4740 ad
946 4693 1101 4771 presens
1119 4664 1240 4771 posita
1254 4666 1294 4742 in
1309 4693 1506 4772 suspenso,
1527 4682 1565 4742 et
1580 4665 1628 4741 ad
1638 4664 1852 4773 judicatum
1868 4655 2061 4744 reservata.

639 4793 915 4883 Veruntamen,
937 4812 1123 4901 quantum
1151 4796 1201 4873 ad
1224 4825 1310 4887 nos,
1329 4823 1399 4902 per
1415 4795 1604 4903 judicium
1627 4811 1754 4872 nostre
1776 4795 1899 4886 curie,
1921 4793 2089 4873 dictum¹

638 4921 711 5001 fuit
735 4925 841 5030 quod
865 4925 954 5002 dicti
982 4926 1157 5003 consules
1181 4942 1220 5002 et
1236 4924 1475 5018 universitas,
1495 4954 1564 5033 pro
1579 4924 1694 5002 ·factis
1715 4925 1911 5032 predictis,
1934 4927 2066 5004 decem

640 5051 803 5131 millium
820 5054 1002 5134 librarum
1022 5056 1304 5135 Turonensium
1322 5056 1435 5137 nobis
1452 5057 1666 5165 persolvent
1682 5057 1895 5136 emendam.

696 5185 803 5264 Lune
821 5201 909 5293 post
927 5187 1107 5267 Sanctum
1126 5188 1398 5278 Laurencium,
1420 5215 1518 5267 anno
1537 5187 1804 5268 trecentesimo
1824 5187 1954 5266 tercio.

695 5447 739 5522 X.
770 5447 867 5526 Cum
891 5450 1060 5531 Thomas
1084 5452 1132 5531 de
1159 5451 1334 5534 Graueria
1358 5449 1562 5560 quamdam
1587 5451 1817 5558 inquestam,
1846 5475 1959 5552 super
1984 5473 2061 5524 ser-

726 5623 778 5664 nrs
799 5623 882 5667 otiu.
905 5627 951 5667 ur.
1921 5598 1956 5661 16
