5817 7292
1045 1168 1312 1277 anounrns
1339 1188 1402 1259 nr
1429 1166 1635 1261 procas.
1981 1192 2052 1262 ras

627 1354 738 1407 nere:
755 1326 903 1405 Auditis
921 1328 1011 1405 hinc
1030 1327 1120 1405 inde
1138 1326 1357 1435 propositis,
1376 1344 1415 1405 et
1431 1328 1507 1405 visa
1526 1327 1697 1435 inquesta
1714 1356 1828 1434 super
1845 1329 1919 1407 hoc
1939 1330 2052 1423 sacta,
2092 1340 2222 1393 Parnm
2236 1339 2280 1401 tt,

628 1458 790 1565 visisque
813 1458 1017 1567 privilegus
1037 1488 1080 1537 ει
1104 1476 1208 1564 parte
1232 1458 1391 1566 predicti
1412 1459 1550 1566 prioris
1570 1457 1761 1547 exhibitis,
1782 1487 1852 1565 per
1865 1460 2054 1567 juncum
2156 1431 2219 1473 ¹³⁰⁸·

631 1606 758 1669 nostre
772 1590 887 1679 curie,
904 1590 1047 1669 dictum
1061 1590 1134 1668 Iuit
1149 1609 1186 1668 et
1202 1590 1494 1697 pronunciatum
1511 1589 1843 1697 impedimentum,
1859 1618 1972 1696 super
1982 1592 2056 1669 hoc

631 1750 699 1828 per
716 1721 858 1799 dictum
879 1722 1115 1828 prepositum
1135 1722 1174 1797 in
1188 1722 1453 1829 jurisdictione
1478 1721 1567 1799 dicti
1586 1720 1724 1828 prioris
1744 1720 1974 1827 appositum,
1992 1721 2058 1799 de·

631 1851 722 1930 bere
737 1852 920 1943 amoveri,
938 1869 977 1929 et
994 1852 1137 1930 dictum
1153 1853 1320 1959 priorem
1336 1854 1507 1960 permitti
1523 1852 1716 1960 justiciam
1731 1880 1846 1957 super
1862 1851 1936 1929 hoc
1955 1852 2060 1929 exhi-

631 1983 735 2062 bere.
756 1985 798 2060 In
813 1982 935 2092 cujus,
958 2000 1027 2061 etc.

687 2114 851 2192 Sabbato
883 2132 969 2221 post
995 2114 1174 2193 Sanctum
1206 2113 1433 2205 Bemabam,
1471 2142 1570 2192 anno
1603 2115 1870 2195 trecentesimo
1905 2133 2057 2222 quarto,

631 2271 759 2321 mense
776 2243 889 2321 Iunii.

687 2510 846 2590 XXVIII.
866 2510 966 2588 Cum
985 2509 1083 2587 inter
1101 2510 1283 2589 dilectum
1303 2528 1341 2587 et
1355 2508 1511 2587 fidelem
1531 2528 1705 2589 nostrum
1725 2512 1902 2589 comitem
1920 2512 2062 2589 Donni·

633 2640 799 2729 Martini,
822 2670 868 2718 ex
885 2670 960 2717 una
979 2657 1100 2749 parte,
1123 2658 1161 2718 et
1178 2630 1345 2749 priorem
1366 2642 1664 2750 Sancti-Nicolay
1681 2642 1991 2732 silvanectensis,
2017 2672 2061 2719 ex

634 2770 758 2859 altera,
771 2770 958 2878 penderet
969 2770 1219 2849 controversia
1232 2800 1356 2849 coram
1370 2769 1497 2860 nobis,
1515 2799 1688 2877 supereo
1700 2771 1806 2878 quod
1818 2772 1921 2847 idem
1935 2799 2063 2849 comes

636 2900 785 2978 dicebat
806 2900 949 2993 villam,
974 2928 1132 2979 nemora
1155 2918 1192 2978 et
1211 2918 1328 2978 terras
1348 2901 1396 2977 de
1418 2902 1596 3009 Loysiaco
1617 2930 1698 2979 esse
1720 2902 1767 2979 de
1789 2919 1953 2979 ressorto
1978 2929 2063 3008 pre·

634 3032 803 3139 positure
818 3032 1048 3123 Parisiensis,
1065 3031 1261 3138 dictusque
1279 3030 1385 3138 prior
1397 3032 1588 3110 asserebat
1599 3033 1770 3139 predicta
1785 3060 1865 3110 esse
1881 3050 1919 3109 et
1938 3032 1984 3109 ab
1999 3062 2064 3109 an-

635 3162 743 3268 tiqno
763 3160 878 3239 fuisse
896 3190 973 3240 non
993 3162 1041 3239 de
1057 3180 1221 3240 ressorto
1239 3162 1476 3269 prepositure
1491 3162 1724 3253 Parisiensis,
1741 3162 1810 3240 sed
1832 3163 1880 3240 de
1899 3179 2063 3241 ressorto

636 3292 786 3370 ballivis
803 3292 1109 3371 silvanectensis:
1124 3292 1314 3383 Tandem,
1333 3292 1471 3368 auditis
1485 3291 1576 3370 hinc
1592 3292 1684 3371 inde
1697 3290 1917 3400 propositis,
1936 3309 1975 3370 et
1987 3292 2064 3370 visa

637 3423 1018 3531 diligenterinquesta
1028 3450 1142 3529 snper
1157 3421 1349 3509 hocfacta,
1361 3451 1430 3527 per
1437 3422 1629 3530 judicium
1639 3440 1767 3502 nostre
1783 3423 1903 3514 curia,
1919 3422 2064 3499 dictum

636 3553 709 3632 suit
723 3570 762 3631 et
778 3554 1068 3661 pronunciatum
1083 3551 1291 3660 predictam
1301 3552 1445 3645 villam,
1464 3582 1621 3633 nemora
1636 3570 1674 3632 et
1687 3570 1806 3631 terras
1822 3554 1869 3631 de
1885 3554 2064 3661 Loysiaco

639 3712 718 3763 csse
742 3701 780 3762 et
801 3712 996 3763 remanere
1020 3682 1160 3763 debere
1179 3684 1249 3761 sub
1271 3702 1436 3763 ressorto
1450 3683 1601 3762 baIlivie
1620 3683 1920 3763 Silvanectensis.
1939 3686 1980 3761 In
2002 3715 2067 3763 cu-

631 3816 715 3922 jus,
738 3832 807 3893 etc.

694 3945 853 4024 Veneris
871 3962 958 4055 post
979 3945 1160 4023 Sanctum
1178 3946 1405 4035 Bernabam,
1427 3972 1528 4023 anno
1545 3946 1813 4024 trecentesimo
1832 3962 1979 4053 quarto.

694 4208 821 4283 XXIX.
853 4206 952 4285 Cum
972 4224 1076 4284 mota
1094 4206 1284 4285 discordia
1302 4236 1428 4284 coram
1447 4207 1640 4313 preposito
1659 4206 1858 4283 Parisiensi
1879 4207 1979 4284 inter
1997 4207 2068 4285 seI-

638 4336 752 4416 Iarios
777 4337 864 4415 ville
894 4336 1128 4428 Parisiensis,
1154 4366 1198 4415 er
1224 4366 1299 4415 una
1320 4354 1444 4445 parte,
1472 4354 1510 4414 et
1534 4336 1732 4413 Iormarios
1756 4336 1844 4413 ville
1872 4337 2064 4446 ejusdem,

640 4498 684 4548 ex
704 4468 841 4559 altera,
866 4496 1046 4575 supereo
1066 4468 1172 4575 qnod
1198 4468 1288 4546 dicti
1308 4467 1477 4548 lormarii
1500 4468 1692 4576 predictos
1709 4467 1879 4547 sellarios
1899 4468 2068 4578 gagiave·

639 4618 740 4692 rant,
762 4600 1004 4707 imponentes
1020 4599 1164 4679 eisdem
1183 4601 1287 4709 quod
1308 4600 1379 4706 ipsi
1400 4599 1538 4677 sellarii
1559 4628 1672 4707 opera
1691 4600 1923 4706 pertinencia
1942 4600 1990 4677 ad
2012 4600 2068 4677 oI·

640 4730 771 4809 Iicium
786 4729 1070 4820 Iormariorum,
1086 4759 1163 4808 non
1183 4731 1233 4808 ad
1252 4730 1420 4809 officium
1438 4731 1694 4823 sellariorum,
1711 4730 1832 4808 Iacere
1849 4730 2070 4809 nitebantur

640 4861 781 4971 injuste
805 4878 844 4939 et
869 4860 918 4938 de
940 4890 1057 4955 novo,
1081 4862 1122 4939 in
1143 4862 1398 4971 prejudicium
1418 4862 1610 4940 dictorum
1627 4861 1896 4939 Iormariorum
1920 4878 1959 4938 et
1981 4890 2070 4940 con·

638 5010 698 5071 tra
717 5010 892 5072 tenorem
916 4993 1171 5073 ordinacionis
1188 4995 1336 5103 registri
1354 4994 1548 5074 CasteIIeti
1566 4994 1783 5071 Parisiensis
1799 4993 1876 5099 (5),
1901 5020 1945 5070 er
1963 5010 2069 5100 parte

641 5124 786 5204 domini
800 5124 911 5233 Regis
921 5123 1007 5203 facti
1027 5124 1128 5203 inter
1134 5144 1259 5233 partes
1273 5126 1472 5233 predictas,
1487 5126 1690 5233 aquodam
1700 5124 1888 5232 judicato,
1900 5154 1970 5231 per
1989 5126 2070 5203 dic·

640 5272 726 5333 tum
745 5255 981 5362 prepositum
1005 5256 1253 5335 Parisiensem
1276 5284 1389 5364 super
1412 5257 1486 5333 hoc
1506 5256 1621 5349 Iacto,
1649 5283 1719 5361 pro
1744 5255 1856 5333 dictis
1880 5254 2068 5332 Iormariis

643 5404 772 5463 contra
796 5384 967 5465 sellarios
991 5387 1200 5494 predictos;
1226 5387 1330 5465 idem
1348 5386 1509 5480 sellarii,
1527 5404 1708 5494 tanquam
1731 5385 1866 5463 aIaIso
1881 5402 1918 5462 et
1933 5411 2068 5491 pravo,

643 5513 691 5590 ad
715 5534 883 5593 nostram
905 5517 1047 5595 curiam
1068 5516 1343 5625 appellassent:
1364 5517 1556 5605 Tandem,
1578 5516 1718 5595 auditis
1733 5543 1847 5621 super
1865 5514 1938 5589 hoc
1955 5512 2071 5618 parti-
