5817 7292
874 1120 947 1194 700
1452 1125 1541 1199 Lus
1570 1122 1710 1197 OLlM.

646 1266 777 1398 ΡΙἪΙ
789 1261 834 1325 ¹V2
872 1290 988 1369 quare
1002 1263 1150 1343 dicebat
1159 1263 1260 1343 idam
1274 1263 1448 1357 ballivus,
1460 1293 1530 1372 pro
1542 1263 1668 1352 nobis,
1683 1290 1754 1340 nos
1764 1260 1905 1340 debere
1918 1260 2057 1342 absolvi
2074 1264 2292 1369 apeticione

767 1382 773 1397 ⁸
871 1394 1040 1499 predicta
1060 1396 1149 1481 dicti
1169 1396 1334 1487 comitis,
1362 1415 1399 1475 et
1418 1397 1576 1485 debere,
1599 1422 1668 1501 per
1687 1410 1853 1471 nostram
1871 1394 2031 1485 curiam,
2054 1398 2295 1501 pronunciari

873 1522 1058 1602 dictorum
1081 1525 1385 1634 cirograpborum
1410 1542 1449 1604 et
1466 1526 1675 1604 litterarum
1696 1523 1955 1632 cognicionem
1974 1541 2012 1601 et
2031 1526 2298 1605 execucioncm

871 1654 910 1730 in
928 1656 1107 1733 comitatu
1123 1656 1322 1746 bolonnie,
1348 1673 1475 1734 contra
1489 1656 1662 1735 subditos
1682 1654 1772 1732 dicti
1793 1654 1993 1733 comitatus
2007 1673 2046 1733 et
2066 1656 2105 1731 in
2129 1683 2175 1734 eo
2190 1685 2297 1735 com·

871 1802 1077 1877 morantes,
1093 1786 1141 1864 ad
1153 1814 1221 1865 nos
1239 1788 1442 1895 pertinere,
1458 1785 1772 1894 quandocumque
1788 1784 1885 1863 dicte
1897 1802 2028 1894 gentes
2038 1803 2166 1865 nostre
2181 1816 2296 1895 super

871 1916 943 1993 hoc
954 1918 1130 2023 primitus
1150 1918 1411 2026 requiruntur:
1425 1918 1609 2007 Tandem,
1621 1917 1794 2024 inquesta
1807 1946 1921 2023 super
1939 1917 2029 2007 biis,
2045 1918 2213 2024 partibus
2230 1950 2295 1998 vo·

871 2048 982 2137 catis,
1004 2050 1051 2126 de
1072 2050 1247 2127 mandato
1267 2066 1396 2128 nostro
1413 2049 1523 2139 lacta,
1539 2065 1577 2125 et
1596 2047 1644 2125 ad
1653 2047 1924 2155 judicandum,
1945 2049 1994 2125 de
2013 2076 2198 2127 consensu
2209 2079 2295 2156 par-

872 2178 972 2256 cium
988 2181 1259 2287 predictarum,
1277 2164 1378 2258 curie
1396 2196 1523 2258 nostre
1539 2178 1691 2267 tradita,
1705 2179 1780 2256 visa
1796 2196 1836 2255 et
1854 2177 2055 2286 diligenter
2070 2180 2285 2269 examinata,

870 2338 941 2416 per
949 2312 1051 2387 curie
1065 2329 1189 2390 nostre
1198 2312 1403 2419 judicium,
1416 2309 1577 2388 absoluti
1586 2308 1729 2388 brimus
1740 2338 1760 2385 a
1772 2310 1960 2416 peticione
1971 2309 2290 2415 predictacomitis

871 2442 1089 2548 supradicti,
1109 2459 1161 2531 et,
1175 2469 1245 2547 per
1259 2441 1360 2518 idem
1370 2442 1578 2549 judicium,
1591 2440 1881 2547 pronunciatum
1895 2438 1966 2517 luit
1980 2437 2233 2547 cognicioriem
2251 2460 2291 2519 et

873 2571 1136 2648 execucionem
1151 2572 1407 2678 predictorum
1425 2572 1740 2679 cyrograpborum
1758 2586 1797 2649 et
1814 2569 2044 2663 litterarum,
2057 2588 2184 2649 contra
2197 2571 2293 2651 sub-

873 2699 973 2777 ditos
989 2700 1077 2778 dicti
1093 2702 1290 2781 comitatus
1308 2720 1346 2779 et
1358 2717 1641 2780 commorantes
1661 2702 1701 2779 in
1719 2702 1875 2791 eodem,
1892 2701 2121 2810 ubicumque
2138 2731 2207 2810 per
2220 2703 2294 2781 hu-

868 2831 1037 2938 jusmodi
1047 2831 1189 2911 litteras
1202 2850 1240 2910 et
1252 2832 1479 2941 cyrograpba
1491 2831 1631 2909 luerint
1643 2831 1808 2941 obligati,
1823 2833 1872 2909 ad
1881 2860 1950 2910 nos
1962 2834 2166 2939 pertinere,
2180 2861 2296 2941 quan·

874 2962 1088 3070 ducumque
1109 2964 1197 3042 dicti
1209 2964 1407 3073 justiciarii
1427 2964 1543 3041 nostri
1559 2964 1620 3043 rel
1634 2963 1729 3042 alter
1748 2992 1882 3043 eorum
1900 2993 2014 3071 super
2031 2964 2105 3044 hoc
2119 2964 2295 3072 primitus

872 3091 1013 3170 fuerim
1030 3095 1212 3201 requisiti.

928 3226 1124 3303 Dominica
1142 3244 1224 3303 ante
1241 3226 1518 3334 Magdalenam,
1539 3226 1639 3334 apud
1654 3226 1897 3304 Pontisaram.

929 3356 1112 3433 Thibotot
1131 3358 1343 3462 reportavit.

927 3620 1035 3697 LXll.
1066 3622 1163 3701 Cum
1177 3623 1388 3731 inquestam
1405 3625 1625 3731 quamdam,
1641 3652 1709 3731 per
1722 3642 1844 3706 certos
1857 3623 2126 3702 commissarios
2139 3620 2289 3711 iactam,

872 3752 971 3829 inter
990 3753 1166 3832 comitem
1184 3755 1306 3846 Barri,
1325 3784 1369 3832 ex
1391 3784 1467 3833 una
1484 3774 1605 3863 parte,
1624 3775 1663 3834 et
1677 3757 1850 3835 abbatem
1867 3774 1906 3834 et
1925 3771 2149 3833 conventum
2160 3752 2293 3831 Molis-

872 3912 1020 3961 menses
1044 3913 1118 3961 una
1143 3913 1231 3962 cum
1258 3886 1393 3964 comite
1415 3886 1634 3994 Campanie,
1656 3917 1699 3966 ex
1716 3888 1844 3979 altera,
1861 3887 2011 3966 racione
2031 3885 2166 3964 saisine
2178 3885 2291 3995 garde

871 4016 1056 4119 prioratus
1072 4016 1182 4123 burgi
1202 4018 1484 4108 Sancte-Maria,
1507 4048 1591 4125 pars
1611 4019 1700 4097 dicti
1723 4018 1870 4099 comitis
1887 4019 1991 4096 Barri
2010 4017 2129 4095 videri
2147 4033 2295 4124 peteret

873 4162 910 4221 et
924 4146 1103 4252 judicari;
1132 4165 1235 4253 parte
1261 4149 1412 4226 adversa
1433 4147 1598 4241 dicente,
1630 4150 1728 4227 inter
1752 4166 1891 4241 cetera,
1919 4149 2056 4227 dictam
2080 4148 2291 4256 inquestam

870 4273 1005 4351 saetam
1020 4275 1132 4353 luisse
1152 4306 1197 4356 eo
1216 4296 1386 4385 tempore
1407 4307 1484 4387 quo
1506 4280 1630 4357 dictus
1650 4308 1776 4359 comes
1795 4271 1998 4386 Campania
2019 4296 2098 4356 erat
2118 4278 2158 4356 in
2177 4276 2294 4355 baillo

870 4404 1023 4483 alterius
1043 4423 1081 4485 et
1100 4408 1139 4484 in
1156 4425 1252 4486 etate
1267 4412 1402 4490 minori
1427 4411 1669 4503 constitutus,
1689 4410 1939 4518 pluribusque
1958 4408 2187 4498 racionibus,
2205 4436 2295 4515 pro-

869 4553 1034 4643 ponente
1055 4538 1191 4616 dictam
1211 4541 1422 4647 inquestam
1438 4540 1577 4619 debere
1592 4541 1759 4620 totaliter
1773 4541 1950 4619 anullari:
1969 4541 2141 4618 Tandem
2156 4538 2294 4617 auditis

870 4664 959 4741 hinc
978 4667 1066 4744 inde
1087 4670 1306 4777 propositis,
1327 4671 1478 4779 visaque
1496 4671 1760 4749 commissione
1774 4699 1889 4778 super
1906 4672 1980 4748 boc
1999 4670 2107 4749 dictis
2118 4670 2293 4747 commis-

869 4796 974 4874 sariis
988 4794 1081 4873 facta
1095 4826 1137 4874 ac
1148 4800 1227 4878 viso
1240 4818 1412 4907 tempore
1425 4829 1502 4908 quo
1523 4801 1616 4879 lacta
1634 4800 1708 4880 luit
1719 4803 1889 4908 inquesta
1902 4800 2087 4907 predicta,
2102 4828 2170 4908 per
2188 4798 2287 4877 curie

869 4943 994 5003 nostre
1005 4926 1213 5035 judicium,
1236 4930 1332 5008 dicta
1353 4933 1524 5041 inquesta
1539 4930 1612 5009 luit
1628 4931 1792 5011 totaliter
1806 4930 1986 5023 anullata,
2008 4930 2108 5009 salvo
2117 4930 2201 5037 jure
2218 4958 2288 5006 cu-

862 5055 1024 5164 juslibet
1038 5059 1208 5165 parcium
1223 5062 1494 5167 predictarum,
1511 5064 1661 5143 racione
1679 5063 1793 5174 garde
1806 5063 1994 5171 prioratus
2008 5061 2183 5169 predicti,
2205 5076 2286 5136 tam

869 5216 981 5294 super
1005 5188 1139 5265 saisina
1164 5217 1278 5296 quam
1304 5219 1417 5299 super
1443 5195 1690 5301 proprietate,
1719 5212 1772 5286 et,
1799 5195 1830 5272 si
1858 5194 1982 5272 dictus
2007 5220 2135 5271 comes
2160 5187 2287 5280 Barri,

865 5320 1017 5424 quando
1028 5320 1099 5397 sibi
1111 5318 1302 5427 placuerit,
1316 5322 1507 5426 predictos
1520 5325 1698 5403 comitem
1709 5324 1912 5431 Campanis
1925 5322 2292 5429 etreligiosossuper

866 5446 939 5527 hoc
957 5449 1088 5529 lecerit
1105 5451 1282 5559 ajornari,
1303 5452 1403 5531 curia
1418 5452 1529 5532 saciet
1545 5456 1687 5535 eisdem
1699 5455 1851 5564 justicie
1867 5454 2202 5562 complementum.
