5817 7292
897 1105 972 1181 604
1474 1103 1567 1179 LES
1594 1102 1735 1177 OLIM.

671 1262 800 1317 smmis
813 1258 857 1322 W·
896 1249 995 1329 dicte
1011 1244 1221 1337 Genoveie,
1238 1243 1404 1327 secunda
1419 1273 1535 1327 uxore
1551 1244 1710 1353 predicti
1730 1241 1929 1325 Guillelmi
1946 1244 2126 1338 senioris,
2141 1277 2227 1329 cum
2240 1281 2316 1362 qun

731 1353 796 1397 ¹⁸¹¹·
896 1382 1162 1476 aerumans
1175 1377 1690 1459 doraeenovefeetnoverca
1699 1375 2317 1486 nesonrlemjunosana„

896 1512 1124 1597 Guillclmus
1146 1510 1272 1591 senior
1289 1508 1579 1592 matrimonium
1597 1508 1797 1599 contraxit,
1822 1525 1911 1614 post
1935 1526 2100 1591 mortem
2118 1512 2220 1593 dioto
2240 1517 2319 1595 Ho-

895 1646 1060 1737 deardis;
1082 1644 1181 1721 dicta
1199 1670 1288 1719 vero
1305 1640 1525 1731 Laurencis,
1547 1667 1643 1719 uxor
1661 1639 1752 1719 dicti
1775 1637 1876 1719 Petri
1894 1640 1944 1721 de
1962 1641 2173 1733 Pontisara,
2193 1644 2318 1727 bremt

893 1776 973 1856 filia
990 1776 1079 1855 dicti
1093 1772 1288 1854 Guillelmi
1304 1772 1469 1882 junioris
1485 1773 1654 1851 etheree
1671 1770 1807 1877 ipsium
1824 1770 1891 1879 qui
1912 1771 2069 1877 quidem
2086 1772 2317 1859 Guilleimus

888 1907 1021 2019 junior
1038 1923 1077 1985 et
1087 1902 1276 1987 Genovefa
1293 1904 1441 1983 suerunt
1460 1901 1620 1981 heredes
1636 1901 1728 1981 dicti
1745 1900 1915 1981 defuncti
1927 1901 2126 1983 Guillelmi
2139 1906 2313 2000 senioris,

895 2068 970 2118 una
984 2066 1073 2117 cnm
1084 2038 1194 2114 Petro
1207 2035 1429 2124 Normnnni,
1449 2033 1529 2113 filio
1543 2033 1634 2115 dicti
1648 2032 1847 2113 Guillehni
1865 2032 2040 2122 senioris,
2056 2054 2252 2140 procreato
2269 2068 2315 2118 ex

894 2172 994 2249 dicta
1019 2166 1161 2260 aelidi,
1188 2166 1254 2275 qui
1279 2166 1508 2245 Guilielmus
1531 2164 1719 2255 senioret
1745 2161 1913 2270 predicta
1935 2162 2095 2255 Aelidis,
2120 2186 2311 2248 constante

894 2299 1135 2379 matrimonio
1164 2298 1263 2377 inter
1290 2295 1547 2404 ipsos,plu1a
1577 2294 1677 2375 bons
1701 2292 1859 2373 mobilia
1888 2309 1927 2373 st
1954 2294 2309 2406 immobiliumque

893 2432 942 2510 sd
954 2457 1127 2537 magnam
1139 2428 1386 2535 quantitatem
1403 2426 1689 2532 acquisiverant,
1706 2442 1745 2503 et
1761 2423 1889 2531 plures
1903 2424 2147 2517 hereditates,
2164 2427 2250 2507 sitas
2268 2429 2310 2508 in

893 2562 980 2641 villa
996 2561 1044 2638 de
1064 2558 1362 2647 Romana-Villa,
1381 2558 1429 2635 ds
1444 2555 1664 2667 baignoieto
1686 2574 1724 2635 et
1743 2556 1944 2636 territoriis
1962 2556 2149 2663 ipsorum,
2166 2574 2206 2636 et
2218 2558 2313 2639 inm·

892 2722 962 2802 per
978 2710 1055 2771 tres
1080 2692 1215 2770 domos
1239 2690 1434 2799 contiguas
1459 2704 1499 2767 et
1521 2717 1643 2767 unum
1666 2704 1808 2779 ortum,
1833 2717 1909 2768 uns
1932 2674 2217 2795 cumpluribus
2231 2689 2314 2771 eliis

893 2823 1186 2911 hereditatibus,
1211 2838 1327 2928 prout
1351 2821 1391 2899 in
1419 2819 1608 2929 peticione
1627 2818 1817 2899 dictorum
1839 2835 2010 2898 actorum
2034 2818 2174 2899 clarius
2195 2821 2315 2901 conti-

893 2974 1019 3049 netum
1033 2982 1149 3063 quare
1162 2954 1341 3060 petebant
1354 2953 1442 3031 dicti
1460 2969 1620 3040 emeres,
1632 2950 1786 3029 nomine
1799 2978 1876 3059 quo
1894 2979 2023 3058 supra,
2038 2951 2257 3058 porcionem
2275 2970 2315 3031 et

892 3106 1010 3165 ratam
1023 3085 1214 3165 bonorum
1230 3100 1269 3163 et
1282 3084 1539 3162 hereditatum
1551 3082 1809 3189 predictorum
1824 3079 1926 3187 ipsos
1940 3082 2219 3191 contingentes,
2232 3111 2316 3163 nee-

894 3246 971 3297 non
993 3218 1067 3295 tale
1085 3217 1150 3325 jus
1169 3234 1207 3295 et
1231 3216 1405 3294 saisinam
1430 3243 1525 3321 quas
1543 3212 1708 3293 habebat
1727 3211 1849 3291 dictare
1872 3212 2101 3293 Guiilelmus
2124 3213 2250 3293 senior
2270 3214 2313 3293 in

743 3392 746 3395 ·
893 3347 1005 3427 bonis
1019 3347 1226 3427 mobilibus
1241 3363 1279 3424 et
1293 3346 1568 3424 hereditatibus
1581 3343 1779 3450 predictis,
1796 3343 1949 3449 quando
1963 3343 2136 3434 decessit,
2151 3344 2309 3422 nomine

891 3505 1107 3586 quosupra,
1120 3475 1191 3553 sibi
1209 3475 1434 3583 adjudicari,
1448 3474 1677 3581 petebatque
1690 3473 1814 3553 dicttrs
1825 3476 1966 3562 Petrus,
1981 3500 2050 3580 pro
2065 3470 2196 3553 liberis
2206 3472 2310 3553 dicte

891 3606 1094 3697 Genovese,
1106 3604 1692 3712 racioneAelidis,avieipsorum,
1703 3603 1990 3683 etsuceessionis
2004 3602 2185 3711 ejusdem,
2199 3604 2310 3711 cujus

892 3736 1148 3817 suntheredes
1158 3736 1247 3813 dicti
1257 3734 1385 3827 liberi,
1397 3765 1466 3842 pro
1476 3752 1599 3842 parte,
1613 3753 1652 3815 ct
1661 3736 1723 3814 cui
1734 3735 1857 3815 Aelidi
1867 3732 2182 3826 diotaGenovefa,
2192 3751 2313 3811 mater

892 3867 1080 3947 dictorum
1100 3864 1325 3957 liberorum,
1344 3866 1536 3955 successit,
1553 3867 1774 3974 porcionem
1788 3882 1827 3943 et
1844 3880 1963 3945 ratam
1980 3864 2173 3943 honorum
2192 3882 2231 3943 et
2245 3864 2313 3942 he-

890 3997 1093 4076 reditatum
1112 3996 1369 4102 predictorum
1386 3996 1488 4103 ipsos
1505 3998 1785 4103 contingentem
1800 3995 1873 4074 sihi
1892 3995 2113 4084 deliberare
2128 4011 2233 4102 parts
2250 3995 2313 4072 ad·

890 4156 994 4209 versa
1016 4126 1145 4233 plures
1170 4126 1339 4205 raciones
1365 4126 1405 4205 in
1429 4127 1660 4206 eontrarium
1679 4143 1932 4234 proponente,
1962 4144 2002 4205 et
2020 4126 2182 4205 maxime
2204 4126 2311 4233 quod

891 4258 1014 4337 dictus
1024 4256 1255 4339 Guillelmus
1269 4256 1394 4337 senior
1409 4274 1447 4337 et
1464 4256 1624 4349 Aelidis,
1642 4258 1724 4367 ejus
1740 4286 1850 4347 uxor,
1864 4274 2006 4337 stantes
2024 4258 2066 4335 in
2085 4256 2198 4364 plena
2212 4258 2312 4341 sani·

888 4404 981 4478 tete,
1001 4387 1105 4469 bono
1132 4416 1244 4469 sensu
1273 4405 1313 4467 et
1330 4386 1431 4468 bona
1449 4389 1649 4479 memoria,
1669 4389 1807 4496 provisi
1825 4416 1940 4497 super
1965 4391 2055 4480 hoe,
2080 4388 2312 4468 hereditates

889 4546 982 4626 quas
994 4518 1184 4601 habehant
1195 4536 1350 4613 utsuas,
1363 4548 1405 4599 ex
1421 4548 1491 4599 suo
1503 4520 1657 4627 proprio
1672 4536 1901 4629 conquestu,
1913 4520 2001 4599 sitas
2013 4521 2054 4598 in
2067 4520 2259 4601 territorio
2271 4538 2313 4601 et

887 4647 1189 4758 villiapredictis,
1201 4651 1440 4742 donaverant,
1451 4650 1761 4731 donacionesacta
1768 4652 2171 4759 interrivos,predicto
2183 4654 2305 4739 Petro,

888 4776 969 4859 filio
983 4806 1071 4872 suo,
1086 4781 1126 4857 in
1137 4782 1374 4890 marilegium
1389 4798 1428 4861 et
1445 4782 1628 4862 auxilium
1642 4782 1700 4862 sui
1714 4782 1898 4893 maritagii
1910 4780 2187 4872 tuneiaeiendi3
2202 4780 2308 4889 quod

887 4910 1188 5002 matrimonium,
1210 4930 1365 5021 propter
1390 4913 1598 5021 predictam
1623 4912 1891 5005 donacionem,
1915 4913 2039 4993 fuerat
2059 4912 2307 5021 subsequtum

887 5039 988 5120 inter
1001 5042 1216 5148 predictum
1229 5046 1383 5123 Petrum
1399 5062 1438 5123 et
1452 5047 1663 5125 Johannam
1677 5045 1902 5153 predictam,
1919 5062 1959 5124 et
1979 5074 2025 5124 ex
2043 5062 2135 5124 tunc
2145 5059 2308 5123 haustu-

888 5168 1010 5251 lerant
1018 5172 1059 5249 in
1070 5172 1171 5281 ipsos
1183 5174 1309 5253 omnia
1313 5175 1401 5283 jura
1413 5192 1452 5255 et
1460 5176 1632 5257 cociones
1642 5204 1793 5268 omnes,
1808 5176 1929 5255 reales
1940 5173 2219 5283 etpersonaies,
2234 5171 2310 5253 sihi

888 5318 1144 5411 competentes
1161 5303 1201 5381 in
1217 5303 1417 5411 predictis,
1435 5323 1552 5413 prout
1570 5307 1611 5385 in
1629 5307 1892 5388 instrumentis
1905 5330 2019 5414 super
2036 5305 2112 5384 hoc
2130 5302 2311 5385 confectis

888 5447 926 5510 et
952 5433 1155 5545 injudicio
1180 5434 1356 5516 exhibitis
1374 5436 1524 5545 plenius
1544 5438 1777 5532 continetur,
1802 5438 2007 5547 pluresque
2025 5436 2116 5517 alias
2139 5433 2312 5517 raciones
