5817 7292
844 1150 914 1248 rao
1432 1152 1524 1225 css
1554 1150 1693 1225 omos.

615 1320 744 1373 mmm
757 1317 799 1379 ιν.
838 1290 941 1371 illata
959 1289 1114 1374 fuerunt
1125 1290 1280 1400 injuste,
1297 1308 1336 1368 et
1347 1290 1609 1373 bannacontra
1624 1292 1726 1400 ipsos
1743 1318 1832 1371 cum
1846 1290 2270 1399 tubicinio,tamsuper

675 1410 738 1453 ¹³⁰⁴·
838 1421 1126 1529 participacione
1147 1453 1234 1501 cum
1254 1423 1344 1530 ipsis
1363 1454 1478 1531 quam
1497 1452 1611 1530 super
1631 1422 1855 1503 vendicione
1874 1421 2069 1501 bonorum
2090 1450 2265 1514 snorum,

837 1582 906 1661 per
924 1579 1127 1659 preconem
1150 1555 1432 1635 communitatis
1454 1554 1651 1662 Moyssiaci
1668 1552 1913 1662 proclamata,
1933 1554 1974 1631 iu
1992 1553 2162 1660 ipsorum
2178 1581 2269 1631 con⁴

831 1684 969 1795 jugum
988 1711 1095 1793 grave
1114 1684 1346 1791 vituperium
1367 1702 1405 1766 et
1425 1685 1649 1792 dampnum,
1671 1701 1788 1792 prout
1800 1685 1842 1763 in
1858 1713 1993 1764 eorum
2006 1683 2175 1763 articulis
2187 1683 2270 1791 ple-

837 1816 924 1894 nius
936 1815 1162 1908 continetur,
1175 1843 1291 1921 quarc
1302 1816 1611 1923 supplicaverunt
1624 1846 1738 1924 super
1749 1816 1824 1897 hiis
1837 1815 1999 1924 inquiri,
2017 1832 2055 1893 et
2066 1816 2269 1897 emendam

838 1946 1064 2054 condignam
1076 1944 1177 2039 lieri,
1189 1960 1228 2024 et
1241 1946 1402 2053 dampna
1412 1976 1454 2025 ac
1466 1947 1664 2055 deperdita
1674 1947 1896 2058 hujusmodi
1908 1947 1982 2026 sibi
1993 1946 2103 2025 reddi
2117 1975 2187 2025 seu
2196 1974 2269 2025 res

837 2078 941 2173 titul,
963 2094 1002 2155 et
1018 2078 1121 2184 ipsos
1140 2077 1314 2160 consules
1331 2106 1445 2186 super
1463 2079 1537 2159 hiis
1555 2079 1825 2187 condempnari
1842 2094 1959 2186 prout
1972 2094 2011 2155 ct
2027 2078 2265 2185 inquantum

833 2210 984 2318 justicia
1009 2208 1203 2299 suaderet3
1235 2209 1345 2288 dictis
1374 2210 1594 2289 consulibus
1623 2210 1663 2287 in
1690 2212 1923 2293 contrarium
1947 2207 2264 2317 proponentibus,

839 2358 877 2419 ct
893 2341 1065 2449 pluribus
1083 2340 1297 2420 racionibus
1317 2341 1531 2421 dicentibus
1551 2341 1669 2448 petita
1687 2340 1770 2423 lieri
1793 2370 1872 2421 non
1892 2340 2054 2420 debere:
2074 2339 2264 2428 Tandem,

839 2473 976 2584 arrditis
996 2472 1174 2551 omnibus
1192 2501 1268 2580 qne
1286 2471 1383 2551 dicte
1402 2489 1526 2580 partes
1543 2472 1632 2552 hinc
1651 2472 1741 2556 inde
1760 2499 1977 2581 proponere
1994 2470 2212 2559 voluerunt,
2230 2486 2268 2547 et

838 2605 1023 2711 inquestis
1036 2621 1073 2681 et
1084 2602 1336 2710 processibus,
1352 2602 1458 2682 Iactis
1471 2632 1585 2713 super
1598 2604 1795 2711 predictis,
1812 2604 1901 2683 visis
1916 2620 1956 2681 et
1969 2602 2174 2711 diligenter
2185 2628 2269 2680 exa·

837 2734 1004 2824 minatis,
1020 2734 1110 2813 dicti
1123 2734 1298 2817 consules
1308 2750 1348 2813 et
1361 2736 1615 2815 communitas
1629 2735 1719 2813 ville
1734 2734 1948 2844 Moyssiaci,
1961 2762 2075 2841 super
2090 2731 2269 2840 predictis

837 2866 906 2974 ipsi
922 2865 1159 2977 Raymuude,
1177 2866 1333 2947 nominc
1346 2894 1425 2973 quo
1439 2894 1569 2974 supra,
1583 2867 1625 2943 in
1639 2867 1768 2946 novies
1783 2882 1940 2945 centum
1952 2864 2061 2945 libris
2072 2865 2270 2942 Turonen-

838 2998 956 3090 sibus,
979 3015 1017 3075 et
1037 2998 1163 3091 nohis,
1181 3026 1251 3104 pro
1272 2998 1434 3077 emenda
1454 3015 1598 3087 nostra,
1618 2998 1659 3075 in
1679 2998 1896 3106 quingentis
1913 2996 2021 3074 libris
2040 2993 2270 3074 Turonensi-

837 3130 928 3219 bus,
943 3158 1012 3235 per
1028 3129 1131 3207 curie
1150 3144 1277 3207 nostre
1287 3128 1498 3236 judicium,
1518 3130 1798 3214 sentencialiter
1814 3128 2083 3235 condempnati
2099 3126 2267 3205 suerum.

895 3260 995 3338 lovis
1010 3277 1094 3339 ante
1113 3260 1416 3354 Penthecostem,
1441 3290 1540 3342 anno
1558 3260 1825 3341 trecentesimo
1840 3276 1985 3367 quarto.

897 3522 1021 3600 XXIII.
1052 3523 1137 3601 Due
1150 3551 1261 3629 parve
1275 3522 1565 3603 informaciones
1579 3522 1673 3601 facte
1688 3550 1802 3630 super
1817 3519 1983 3628 minagio
2001 3519 2205 3598 Pictavensi
2218 3519 2268 3597 ad

841 3652 950 3730 illum
977 3653 1121 3731 finem:
1144 3654 1183 3733 Si
1208 3654 1386 3733 dominus
1412 3658 1488 3733 Rex
1512 3656 1553 3732 in
1578 3656 1648 3733 bac
1672 3682 1784 3732 causa
1811 3650 1948 3730 debeat
1971 3667 2118 3757 partem
2146 3649 2267 3728 facere

841 3813 927 3864 cum
941 3784 1136 3865 monachis
1154 3785 1202 3866 de
1218 3787 1334 3877 Pinu,
1351 3804 1481 3867 contra
1496 3785 1680 3896 majorem
1695 3802 1734 3865 et
1751 3783 2008 3864 communiam
2022 3782 2265 3871 Pictarenses,

841 3934 893 4007 et,
915 3917 1002 4023 quia
1022 3917 1141 3996 nichil
1159 3919 1301 4010 valent,
1322 3948 1401 3997 non
1415 3918 1572 3998 fuerunt
1583 3918 1769 4027 judicate,
1790 3932 1848 3997 set
1865 3944 1976 3995 causa
1995 3942 2109 4022 super
2122 3914 2197 4023 boe
2214 3930 2271 3992 est

840 4048 994 4127 remissa
1013 4049 1061 4127 ad
1080 4051 1330 4130 senescallum
1348 4050 1614 4129 Pictavensem.

897 4180 1049 4263 Sabbati
1069 4199 1156 4289 post
1170 4184 1480 4275 Penthecostem,
1496 4210 1594 4261 anno
1608 4181 1876 4262 trecentesimo
1893 4196 2042 4288 quarto.

897 4444 1021 4522 XXIV.
1053 4445 1153 4523 Cum
1165 4444 1397 4525 Guillclmus
1410 4444 1618 4536 Rousselli,
1635 4445 1723 4523 civis
1735 4441 2037 4531 Aurelianensis,
2053 4440 2166 4521 nobis
2180 4468 2271 4519 con-

842 4588 998 4679 questus
1020 4572 1152 4652 fuisset
1176 4576 1281 4680 quod
1304 4576 1404 4681 ipse,
1434 4576 1474 4651 in
1495 4574 1744 4655 conducendo
1768 4574 1936 4653 adesiam
1960 4602 2075 4681 quam
2089 4572 2189 4678 ipse,
2220 4570 2269 4647 dc

842 4703 1019 4782 mandato
1029 4702 1156 4783 ballivi
1166 4706 1667 4795 tuncTuronensis,emerat
1676 4707 1723 4785 ad
1732 4734 1831 4814 opus
1843 4706 2047 4783 domorum
2055 4718 2268 4779 nostrarum

842 4834 890 4913 dc
911 4835 1185 4927 Castro-Novo,
1206 4836 1417 4944 plurimum
1438 4836 1727 4945 dampnificatus
1742 4836 1868 4915 fuerat
1886 4836 1927 4912 in
1946 4832 2147 4911 amissione
2167 4827 2267 4905 dicte

842 4966 987 5057 edesio,
1009 4966 1151 5075 absque
1172 4968 1282 5077 culpa
1306 4968 1498 5078 ejusdem,
1522 4998 1591 5077 per
1612 4966 1867 5049 subversionis
1890 4962 2159 5053 infortunium,
2179 4986 2268 5037 nec·

842 5124 919 5173 non
939 5098 979 5173 in
999 5099 1081 5207 ejus
1099 5098 1278 5179 fractione
1303 5117 1342 5179 et
1360 5099 1459 5179 mala
1477 5100 1780 5208 computacione,
1805 5127 1848 5174 ac
1868 5096 1908 5173 in
1929 5092 2100 5199 expensis
2121 5108 2161 5170 et
2177 5091 2268 5169 mis-

842 5227 1011 5306 sionibus
1023 5259 1117 5337 quas
1128 5234 1206 5338 ipse
1217 5258 1286 5339 pro
1296 5232 1477 5339 predictis
1487 5230 1642 5324 fecerat,
1654 5247 1699 5310 ut
1710 5228 1876 5317 dicebat,
1895 5224 2091 5332 requirens
2105 5222 2268 5329 dampna

842 5354 1062 5469 hujusmodi
1090 5361 1161 5441 sibi
1187 5362 1314 5452 reddi,
1339 5379 1377 5441 et
1402 5393 1442 5443 se
1466 5362 1676 5471 superbae
1700 5357 1945 5464 indempnem
1971 5354 2126 5443 servari3
2152 5380 2267 5460 super

843 5492 1017 5599 dampnis
1042 5493 1220 5601 predictis
1244 5492 1385 5600 inquiri
1408 5492 1567 5571 lecimus
1589 5490 1783 5569 veritatem
1807 5518 1816 5562 ε
1841 5487 1929 5568 Visa
1950 5485 2066 5595 igitur
2090 5484 2264 5593 inquesta
