5817 7292
864 1102 937 1175 368
1444 1098 1535 1171 Les
1565 1096 1705 1171 OLlM.

642 1270 770 1323 unium
783 1264 826 1328 lv,
865 1242 901 1323 et
920 1243 1088 1350 culpem,
1106 1241 1275 1321 indebite
1294 1240 1481 1331 lecerunt,
1503 1258 1543 1320 et
1556 1238 1645 1317 alias
1664 1239 1704 1317 iu
1723 1239 2054 1321 administracione
2070 1274 2137 1324 sua
2156 1251 2285 1329 multis

701 1360 764 1403 ¹³⁰²
866 1375 989 1455 modis
1012 1374 1298 1481 delinquerunt,
1317 1372 1455 1449 dictam
1477 1371 1801 1461 communitatem,
1820 1370 1952 1449 multis
1972 1375 2116 1467 modis,
2133 1407 2201 1486 per
2220 1410 2285 1461 eo-

866 1538 950 1587 rum
962 1506 1098 1587 nulum
1108 1503 1491 1591 administracionem,
1507 1502 2018 1612 dampnificand03·quodque
2032 1508 2188 1617 Helyam
2200 1515 2288 1591 Les-

863 1639 1010 1725 elacba,
1026 1639 1179 1714 Petrum
1197 1635 1369 1714 Garriere
1390 1651 1427 1711 et
1448 1634 1604 1740 Helyam
1619 1632 1783 1740 Riguldi,
1799 1633 2005 1713 servientes
2020 1657 2186 1732 nostros,
2203 1664 2295 1721 auc-

862 1770 1013 1849 toi-itate
1024 1766 1191 1874 propria,
1204 1765 1372 1843 indebite
1388 1780 1571 1871 ceperunt
1585 1780 1625 1841 et
1637 1792 1707 1841 suo
1721 1764 1858 1841 cameri
1871 1765 1995 1843 viliter
2005 1772 2284 1880 manciparunt3

863 1902 953 1979 item
973 1897 1093 2007 quod,
1120 1925 1165 1975 eo
1186 1914 1454 2003 temporeque
1476 1896 1609 1972 Penus
1634 1896 1786 1973 Martini
1813 1924 1854 1973 se
1877 1897 2033 2003 gerebat
2052 1929 2123 2007 pro
2146 1907 2286 2013 majore

864 2031 961 2109 dicte
981 2028 1083 2121 ville,
1106 2029 1201 2135 ipse,
1223 2056 1401 2106 unacum
1421 2026 1647 2133 quibusdam
1666 2026 1745 2103 suis
1759 2026 1981 2106 consulibus
1997 2046 2037 2107 et
2051 2030 2134 2109 aliis
2153 2062 2286 2113 eorum

863 2160 1112 2267 complicibus
1133 2160 1231 2237 dicte
1250 2158 1355 2246 ville,
1382 2136 1547 2265 uuomm
1571 2156 1726 2235 nomina
1745 2156 1901 2235 inferius
1924 2161 2181 2255 continentur,
2201 2185 2286 2273 pust

865 2311 904 2370 et
916 2310 1042 2371 contra
1061 2290 1348 2379 inhibieionem,
1366 2288 1467 2367 dicto
1483 2288 1615 2395 majori
1628 2305 1666 2365 et
1679 2288 1918 2378 consulibus,
1937 2319 2006 2396 per
2017 2290 2187 2400 bajulum
2202 2322 2288 2375 nes·

864 2442 965 2503 trum
974 2422 1329 2530 Petregoricensem,
1343 2421 1390 2497 de
1404 2420 1581 2497 mandatu
1594 2435 1739 2507 nostro,
1754 2418 1961 2509 iactam,ne
1975 2420 2074 2499 dicto
2088 2423 2286 2503 Lambertu
2407 2452 2417 2469 ‘

866 2556 990 2644 Porte,
1005 2553 1186 2660 burgensi
1198 2550 1506 2658 Petragoricensi,
1521 2550 1688 2656 aliquam
1698 2550 1874 2658 injuriam
1887 2577 1955 2633 seu
1966 2551 2174 2631 indebitam
2187 2557 2290 2634 nevi-

865 2700 981 2761 tetem
1006 2682 1186 2771 lacerent,
1209 2697 1247 2758 et
1269 2698 1354 2786 post
1375 2696 1413 2757 et
1431 2696 1561 2758 contra
1578 2679 1876 2786 appellacinnem
1896 2708 1969 2757 seu
1981 2669 2322 2789 provocacionem*

867 2841 933 2920 per
947 2814 1071 2920 ipsum
1085 2811 1330 2890 Lambertum
1346 2812 1394 2887 ab
1408 2810 1490 2916 ipso
1507 2811 1704 2919 majoreet
1721 2811 1804 2919 ejus
1823 2811 2018 2889 creatione
2035 2830 2075 2891 et
2092 2833 2221 2893 contra
2235 2818 2292 2924 ip·

867 2974 950 3023 sum
972 2943 1019 3021 ad
1042 2972 1127 3029 nos,
1154 2971 1222 3021 scu
1241 2942 1288 3021 ad
1308 2940 1555 3019 senescallum
1580 2957 1754 3019 nostrum
1777 2943 2139 3049 Petregorieensem,
2160 2946 2292 3025 betam

870 3092 907 3155 et
926 3076 979 3151 eis
997 3074 1226 3153 sufficienter
1245 3073 1493 3161 insinuatam,
1513 3074 1671 3179 ipsoque
1691 3072 1914 3162 Lamberte,
1935 3102 2005 3180 per
2026 3075 2168 3154 dimmn
2187 3078 2294 3187 baju-

869 3205 949 3283 lum
970 3223 1141 3284 nostrum
1162 3204 1233 3283 sub
1250 3205 1482 3312 protectione
1502 3220 1631 3281 nostra
1644 3203 1723 3311 jam
1744 3220 1914 3311 recepto,
1937 3205 2101 3282 eundem
2122 3208 2294 3287 Lamber-

869 3354 968 3422 tum,
983 3335 1165 3413 violenter
1181 3350 1218 3411 et
1229 3334 1390 3441 turpiter
1404 3333 1593 3441 pulsando
1607 3351 1646 3411 et
1654 3333 1702 3411 ad
1710 3350 1850 3410 terram
1862 3333 1987 3439 ipsum
1999 3340 2290 3441 prosternendo,

871 3496 912 3543 ac
928 3494 1048 3572 usque
1068 3466 1117 3543 ad
1136 3464 1358 3543 effusionem
1373 3464 1565 3572 sanguinis
1578 3463 1809 3542 verberando
1824 3481 1863 3541 et
1877 3464 1974 3541 male
1990 3466 2198 3560 tractando,
2215 3471 2294 3549 vio-

871 3595 993 3674 lenter
1017 3614 1215 3705 ceperunt,
1246 3614 1283 3673 et
1306 3614 1455 3704 captum
1484 3597 1531 3673 ad
1556 3595 1714 3673 domum
1739 3594 1955 3674 consulatus
1982 3598 2294 3705 Petregorieensis

872 3728 1076 3817 duxerunt,
1099 3756 1176 3805 non
1197 3727 1367 3806 obstante
1387 3727 1508 3835 quod,
1532 3743 1617 3805 ante
1635 3725 1851 3833 capcionem
1869 3725 1958 3802 etin
1971 3725 2048 3833 ipsa
2065 3731 2241 3836 capcione
2257 3751 2295 3811 et

871 3877 975 3966 pest,
995 3859 1043 3936 ad
1058 3886 1127 3939 nos
1139 3887 1207 3935 seu
1221 3860 1467 3938 senescallum
1482 3876 1654 3937 nostrum
1665 3858 1880 3965 predictum
1895 3858 2117 3965 appellasset
2130 3890 2199 3939 scu
2213 3892 2297 3969 pre

870 4008 1052 4080 vocasset,
1070 3992 1188 4069 immo
1206 4010 1347 4099 quanto
1366 3993 1452 4099 plus
1470 3991 1518 4067 ad
1538 4019 1608 4069 nos
1628 3989 1854 4098 appellabat,
1868 4007 1974 4069 tanto
1991 3989 2101 4069 vilius
2114 4020 2183 4100 per
2195 3994 2296 4102 ipsos

871 4121 1090 4211 ducebatur,
1108 4124 1307 4228 presertim
1326 4126 1417 4202 dum
1431 4123 1620 4230 prelatum
1640 4122 1900 4212 Lambertum,
1917 4121 1965 4198 ad
1979 4150 2050 4201 nos
2068 4150 2136 4201 seu
2150 4123 2197 4200 ad
2218 4127 2297 4203 dic-

869 4270 952 4331 tum
968 4254 1217 4333 senescallum
1235 4274 1405 4333 nostrum
1425 4254 1497 4333 alta
1513 4283 1603 4334 voce
1616 4252 1886 4361 appellantem,
1907 4271 2057 4360 captum
2076 4255 2125 4332 ad
2141 4256 2297 4333 demum

871 4384 961 4462 dicti
977 4385 1192 4464 consulatus
1209 4387 1405 4476 ducerent,
1423 4387 1579 4494 quidam
1601 4385 1803 4463 servientes
1819 4384 1936 4462 nostri
1953 4385 2097 4463 eisdem
2112 4388 2245 4496 majori
2260 4405 2298 4467 et

785 4510 791 4518 ⁴
871 4516 1089 4595 consulibus
1103 4518 1316 4610 obviarunt,
1330 4550 1373 4597 ac
1383 4520 1490 4627 ipsis,
1508 4518 1728 4596 auctoritate
1742 4534 1885 4607 nostra,
1903 4516 2154 4600 inhibuerunt
2166 4546 2214 4598 ne
2226 4520 2298 4599 dic·

869 4665 949 4725 tum
976 4650 1236 4739 Lambertum,
1257 4650 1509 4758 appellantem
1534 4648 1582 4726 ad
1607 4675 1692 4737 nos,
1713 4648 1873 4726 ulterius
1894 4649 2092 4738 ducerent,
2115 4666 2152 4726 et
2177 4650 2297 4756 preci-

870 4780 1012 4884 piendo
1032 4782 1087 4859 eis
1103 4782 1208 4888 quod
1224 4782 1346 4888 ipsum
1363 4781 1507 4859 eisdem
1526 4779 1733 4858 redderent
1747 4796 1786 4855 et
1803 4778 2017 4859 liberarent.
2036 4780 2111 4875 Qui
2125 4779 2244 4887 major
2259 4778 2314 4857 et⁴

870 4910 1044 4991 consules
1062 4910 1170 4989 dictis
1184 4911 1432 4991 servientibus
1447 4912 1487 4987 in
1505 4910 1633 5018 aliquo
1646 4909 1802 4988 obedire
1818 4909 2041 5004 noluerunt,
2056 4938 2202 4989 necnon
2217 4911 2297 4989 dic·

870 5059 951 5119 tum
969 5042 1230 5133 Lambertum,
1246 5042 1298 5119 sic
1312 5060 1465 5151 captum
1477 5061 1514 5119 et
1528 5043 1627 5119 intra
1640 5058 1767 5148 portas
1782 5040 1873 5117 dicti
1888 5041 2107 5120 consulatus
2116 5042 2300 5121 violenter

871 5174 1074 5261 intrusum,
1092 5172 1271 5279 injuriose
1287 5174 1335 5251 ad
1351 5175 1490 5280 pedem
1506 5174 1704 5281 cujusdam
1716 5171 1813 5250 scale
1826 5172 1964 5251 iterum
1979 5173 2028 5249 ad
2039 5190 2180 5274 terram
2196 5203 2301 5280 pros·

871 5320 1076 5393 treverunt,
1094 5302 1313 5409 ipsumque,
1331 5304 1491 5382 invitum
1509 5322 1548 5381 et
1563 5305 1808 5396 renitentem,
1828 5303 1931 5380 etad
1948 5332 2019 5381 nos
2036 5332 2104 5383 seu
2118 5305 2301 5382 senescal-

872 5434 954 5513 lum
971 5448 1140 5510 nostriun
1159 5430 1423 5510 reclamantem
1443 5451 1482 5512 et
1495 5432 1766 5541 appellantem,
1784 5432 1923 5510 dictam
1937 5432 2073 5532 scalam
2089 5434 2170 5542 ipso
2185 5433 2300 5511 invito
