5817 7292
916 1079 990 1152 580
1499 1073 1589 1146 tus
1618 1072 1758 1147 OLIM.

683 1237 813 1291 omnm
833 1237 877 1300 tv,
913 1235 1114 1327 ponantur,
1133 1232 1171 1295 et
1190 1229 1390 1293 teneantur
1406 1242 1606 1322 quousque
1624 1213 1790 1321 judicata
1810 1210 1923 1290 fuerit
1941 1213 2116 1320 inquesta
2136 1242 2244 1322 super
2261 1217 2336 1296 hoc

751 1327 814 1369 ulo.
833 1318 836 1323 '

912 1348 1094 1429 facienda.

969 1478 1167 1559 Dominica
1183 1476 1361 1583 predicta.

970 1614 1020 1690 M.
1041 1612 1081 1688 P.
1102 1610 1150 1687 de
1170 1608 1289 1685 Monti
1310 1605 1523 1713 reportavit.

970 1744 1077 1819 Facta
1095 1755 1152 1819 est
1171 1738 1219 1816 de
1239 1737 1313 1815 hoc
1334 1736 1565 1825 commissio,
1582 1753 1621 1813 et
1635 1753 1694 1814 est
1706 1753 1818 1814 tenor
1833 1737 1916 1845 ejus
1931 1736 1970 1813 in
1984 1738 2110 1816 rotulo
2125 1739 2241 1849 hujus
2255 1770 2336 1847 par-

912 1872 1077 1953 lamenti.

968 2136 1108 2214 LXXV.
1140 2133 1260 2240 Super
1285 2133 1452 2240 quodam
1483 2131 1626 2209 insultu
1651 2131 1692 2207 in
1720 2131 1902 2238 nundinis
1926 2134 2328 2214 Forestensis-Monas-

912 2266 997 2345 terii
1016 2292 1136 2372 nuper
1150 2263 1246 2341 sacto
1261 2263 1360 2341 inter
1372 2279 1503 2371 gentes
1523 2260 1672 2339 comitis
1686 2262 1849 2351 Pontivi,
1866 2290 1910 2340 ex
1928 2262 2135 2371 anapesto,
2150 2283 2188 2342 et
2200 2284 2330 2373 gentes

913 2396 1057 2475 abbatis
1076 2411 1114 2495 et
1133 2410 1338 2473 conventus
1362 2392 1451 2469 dicti
1471 2392 1707 2482 monasterii,
1732 2421 1774 2469 ac
1796 2394 1951 2470 Petrum
1976 2394 2230 2503 d’Oysemont,
2250 2426 2329 2475 ser-

911 2528 1073 2613 vientem
1096 2524 1240 2604 domini
1255 2525 1384 2632 Regis,
1406 2522 1454 2601 ad
1477 2524 1686 2602 custodiam
1708 2523 1894 2601 dictarum
1913 2524 2168 2604 nundinarum
2187 2528 2328 2607 eisdem

912 2656 1112 2765 religiosis,
1134 2672 1301 2763 exparte
1321 2654 1617 2762 dominiRegis,
1640 2654 1879 2760 deputatum,
1901 2655 2095 2746 exaltem,
2117 2657 2156 2734 in
2180 2686 2255 2764 quo
2272 2660 2331 2736 in-

912 2786 1016 2867 sultu
1035 2786 1107 2864 fuit
1134 2786 1277 2863 occisus
1298 2786 1486 2864 Robertus
1506 2784 1700 2891 Langlois,
1721 2784 1885 2863 serviens
1906 2786 2055 2865 comitis
2081 2787 2256 2894 predicti,
2277 2789 2335 2866 in-

912 2934 1040 3026 questa
1068 2917 1116 2995 de
1146 2916 1322 2995 mandato
1344 2916 1491 2994 domini
1514 2916 1641 3022 Regis,
1669 2914 1838 3023 partibus
1869 2916 2026 3005 vocatis,
2054 2916 2166 3006 sacta,
2193 2918 2267 2997 visa
2297 2937 2336 2997 et

913 3048 1114 3157 diligenter
1127 3047 1350 3139 examinata,
1368 3076 1453 3125 cum
1474 3074 1543 3153 per
1562 3074 1644 3123 eam
1665 3047 1861 3125 inventum
1880 3045 1996 3124 fuerit
2013 3046 2337 3155 sufficienterpro·

910 3180 1040 3259 batum
1060 3179 1180 3287 quod,
1212 3178 1313 3255 dicto
1333 3180 1460 3267 Petro,
1492 3178 1676 3255 serviente
1696 3176 1843 3255 domini
1869 3177 1994 3285 Regis,
2028 3206 2115 3255 cum
2140 3177 2273 3256 ballivo
2293 3198 2333 3255 et

910 3311 1086 3419 gentibus
1100 3309 1191 3385 dicti
1210 3308 1444 3397 monasterii,
1462 3324 1501 3385 et
1519 3308 1601 3386 aliis
1620 3309 1697 3385 suis
1717 3307 1979 3415 complicibus,
1993 3309 2107 3387 dictas
2125 3309 2326 3399 nundinas,

910 3457 1023 3545 prout
1046 3455 1102 3516 est
1126 3454 1365 3530 consuetum,
1394 3436 1713 3533 custodientibus,
1744 3455 1874 3547 gentes
1899 3438 1987 3517 dicti
2013 3440 2161 3518 comitis
2186 3440 2330 3517 invase-

910 3586 1001 3647 runt
1020 3568 1191 3660 eosdem,
1215 3585 1253 3647 et
1272 3568 1377 3675 quod
1397 3569 1520 3647 dictus
1538 3569 1743 3659 Robertus,
1764 3586 1962 3677 antequam
1986 3568 2031 3647 ab
2051 3570 2177 3678 aliquo
2195 3569 2329 3649 vulue-

910 3718 1012 3779 ratus
1036 3699 1182 3789 fuisset,
1207 3699 1318 3778 traxit
1343 3718 1471 3779 contra
1498 3728 1563 3779 eos
1586 3718 1749 3808 quatuor
1768 3703 1933 3809 sagittas,
1956 3718 1994 3780 et
2012 3730 2056 3780 ex
2077 3702 2131 3780 eis
2148 3704 2332 3810 percussit
2393 3780 2405 3798 ,

910 3830 1159 3911 Guillelmum
1174 3829 1433 3939 d'Oysemont,
1451 3858 1572 3909 unum
1588 3830 1637 3908 de
1653 3830 1903 3937 complicibus
1919 3831 2158 3922 eorumdem,
2176 3848 2214 3910 et
2226 3834 2334 3939 quod

910 3962 1091 4071 quicquid
1110 3962 1232 4041 dictus
1251 3962 1415 4040 servieus
1434 3960 1580 4039 domini
1592 3963 1704 4069 Regis
1724 3979 1762 4040 et
1781 3962 1863 4071 ejus
1878 3962 2039 4070 predicti
2060 3960 2261 4069 complices
2278 3962 2335 4040 fe-

910 4108 1044 4169 cerunt
1062 4092 1102 4167 in
1125 4090 1222 4170 sacto
1246 4092 1432 4198 predicto,
1455 4120 1495 4171 se
1515 4092 1757 4172 defendendo
1784 4092 1969 4184 fecerunt,
1995 4122 2063 4200 per
2082 4093 2185 4171 curie
2205 4111 2331 4171 nostre

905 4220 1110 4329 judicium,
1129 4250 1261 4301 omnes
1280 4221 1439 4330 predicti
1460 4223 1651 4313 custodes,
1670 4221 1718 4301 de
1738 4216 1833 4302 sac'to
1852 4224 2022 4331 predicto
2043 4242 2082 4302 et
2099 4242 2222 4303 morte
2240 4223 2331 4302 dicti

909 4351 1080 4443 Roberti,
1104 4352 1267 4457 absoluti
1288 4353 1458 4443 suerunt,
1477 4371 1515 4431 et
1535 4354 1679 4431 dictum
1696 4346 1769 4433 fuit
1787 4355 1892 4462 quod
1911 4355 1967 4433 illi
1982 4355 2031 4434 de
2051 4354 2161 4433 dictis
2176 4352 2334 4460 compli-

910 4480 1031 4573 cibus,
1058 4483 1124 4590 qui
1149 4483 1244 4589 capti
1271 4499 1424 4589 propter
1453 4482 1594 4562 sactum
1617 4484 1830 4592 predictum
1851 4502 2038 4576 tenentur,
2065 4484 2333 4565 deliberabun-

909 4628 983 4701 tur,
999 4612 1193 4691 videlicet:
1209 4615 1342 4691 Petrus
1357 4614 1764 4705 Flaons,·-Johanues
1779 4617 1828 4694 de
1840 4616 2065 4707 Conterille,
2078 4616 2329 4695 —Johsnnes

909 4742 1094 4821 Rousselli
1105 4803 1114 4832 ,
1126 4788 1182 4801 —
1195 4740 1423 4824 Guillelmus
1441 4743 1660 4836 Blanchars,
1674 4746 1901 4825 -Jacobus
1919 4746 2112 4837 Foukiers,
2124 4745 2328 4823 -Johan-

910 4900 977 4951 nes
996 4871 1152 4979 Lagnel,
1169 4920 1223 4933 -
1241 4874 1425 4951 Henricus
1443 4876 1641 4966 Boursete,
1657 4924 1713 4933 —
1730 4874 1934 4956 Odinusde
1951 4876 2098 4967 Warte,
2118 4922 2175 4937 -
2191 4873 2330 4955 lohan-

908 5002 1029 5082 nesle
1048 5004 1195 5096 Warte,
1219 5050 1275 5063 --
1293 5004 1452 5082 Jacobus
1476 5006 1652 5096 Porions,
1671 5054 1727 5067 -·-
1744 5007 1934 5086 Johanncs
1955 5006 2117 5097 Godars,
2138 5055 2196 5066 -—
2211 5006 2330 5114 Wyes

908 5132 1085 5223 Goulins,
1102 5180 1158 5195 -
1173 5134 1386 5212 Bernardus
1406 5135 1624 5228 d'Avesnes‚
1640 5186 1698 5197 -—
1712 5138 1902 5217 Johsnnes
1921 5138 2110 5248 Magllars,
2122 5137 2330 5215 -Johan-

910 5292 977 5343 nes
994 5264 1126 5353 Ballet,
1143 5308 1200 5323 —
1215 5266 1348 5341 Petrus
1368 5266 1574 5373 Moysiaux,
1594 5285 1633 5346 et
1651 5247 1878 5350 Guillelmus
1898 5270 1946 5348 de
1964 5271 2122 5379 Buigny.
2143 5268 2239 5347 Cum
2258 5293 2327 5343 au·

909 5414 984 5515 tent
1007 5396 1131 5476 dictus
1156 5393 1382 5476 Guillelmus
1403 5397 1559 5503 Meysel,
1579 5401 1770 5483 Johannes
1787 5402 1816 5480 li
1841 5403 2021 5493 Convers,
2044 5402 2126 5510 ejus
2144 5399 2266 5488 frater,
2287 5413 2332 5474 et
