5817 7292
750 1149 753 1152 ,
865 1093 939 1164 232
1443 1090 1535 1164 LES
1565 1089 1702 1165 OLIM.

631 1238 761 1294 samm
780 1237 825 1302 tv,
862 1230 1004 1308 litteras
1014 1231 1219 1310 senescallo
1230 1229 1452 1311 Bellicadri
1467 1231 1648 1310 dabamus
1658 1232 1697 1308 in
1708 1231 1892 1308 mandatis
1905 1247 1949 1308 ut
1960 1231 2171 1338 predictum
2181 1265 2284 1318 mana

701 1329 765 1373 1³⁰7.

866 1361 996 1438 datum
1004 1379 1176 1439 nostrum
1189 1361 1428 1466 adimpleret,
1444 1361 1620 1467 predictis
1635 1356 1921 1466 inquisitoribus
1931 1362 2160 1442 sufficienter
2169 1396 2281 1475 super

863 1492 936 1570 hoc
954 1491 1142 1598 requisitis
1161 1508 1198 1570 et
1215 1490 1458 1569 existentibus
1475 1493 1514 1568 in
1534 1490 1699 1581 delectu,
1721 1491 1912 1598 predictus
1931 1492 2158 1574 Guillelmus
2178 1497 2280 1577 dicto

862 1622 1065 1700 senescallo
1091 1620 1311 1727 supplicavit
1332 1621 1454 1727 quod,
1478 1650 1561 1697 cum
1583 1619 1662 1726 ipse
1686 1638 1783 1698 esset
1808 1638 1846 1698 et
1866 1621 1915 1699 sit
1937 1621 2111 1715 clericus,
2133 1643 2172 1704 et
2191 1629 2281 1706 dicti

861 1753 1116 1858 inquisitores,
1136 1749 1295 1829 sormam
1314 1751 1508 1856 potestatis
1526 1777 1593 1826 sue
1613 1750 1849 1840 excedentes,
1870 1752 2277 1860 predicta-gravamina,

862 1882 944 1961 sine
949 1883 1051 1989 justa
1066 1909 1190 1969 causa,
1204 1879 1328 1958 eidem
1340 1879 1575 1970 intulissent,
1588 1879 1667 1986 ipse
1680 1882 1945 1987 pronunciaret
1954 1882 2135 1989 predicta,
2151 1903 2280 1965 contra

863 2040 968 2100 eum,
985 2039 1053 2116 per
1068 2011 1198 2088 doctos
1218 2010 1476 2115 inquisitores,
1494 2026 1626 2116 utpote
1647 2039 1667 2085 a
1682 2008 1812 2115 judice
1827 2037 1904 2088 non
1925 2013 2151 2117 competenti
2166 2013 2276 2104 facta,

862 2168 940 2218 non
958 2140 1096 2231 valere,
1118 2155 1156 2216 et
1174 2137 1268 2215 sacta
1287 2139 1333 2216 ab
1352 2137 1514 2227 eisdem,
1531 2155 1609 2214 tam
1625 2137 1673 2214 de
1689 2165 1849 2244 persona
1867 2168 1980 2245 quam
2000 2140 2172 2220 debonis
2188 2142 2278 2221 dicti

863 2270 1075 2360 Guillelmi,
1088 2269 1137 2346 ad
1146 2286 1285 2346 statum
1298 2266 1470 2362 debitum
1482 2267 1619 2344 debere
1631 2268 1761 2372 reponi
1772 2302 1782 2357 ;
1793 2285 2034 2373 procuratore
2048 2287 2187 2361 nostro,
2202 2302 2281 2349 ma-

862 2401 978 2509 gistro
993 2400 1144 2478 Matheo
1160 2398 1208 2474 de
1223 2397 1407 2485 Mantina,
1425 2396 1465 2472 in
1484 2396 1558 2474 illis
1577 2397 1744 2503 partibus
1762 2426 1782 2473 a
1796 2399 1907 2476 nobis
1921 2398 2115 2504 deputato,
2133 2417 2282 2480 contra-

863 2530 963 2607 rium
984 2530 1148 2618 dicente,
1174 2545 1212 2606 et
1231 2542 1467 2633 proponente
1489 2527 1656 2632 predicta
1678 2525 1761 2605 fieri
1786 2556 1863 2605 non
1887 2528 2042 2618 debere,
2066 2545 2104 2606 et
2125 2529 2278 2613 tandem

863 2659 1090 2738 senescallus
1113 2656 1305 2763 predictus
1329 2685 1398 2734 seu
1422 2657 1504 2764 ejus
1529 2657 1822 2752 commissarius,
1848 2659 1984 2736 auditis
2009 2658 2223 2738 nacionibus
2241 2678 2282 2738 et

862 2792 1152 2901 allegacionibus
1162 2789 1361 2895 utriusque
1376 2789 1507 2895 partis,
1529 2818 1677 2866 causam
1692 2790 1916 2896 predictam,
1936 2789 1983 2866 de
1998 2816 2182 2867 consensu
2195 2817 2281 2896 par-

863 2923 980 3012 cium,
1003 2922 1050 2999 ad
1065 2937 1232 3000 nostram
1248 2919 1391 2996 curiam
1406 2920 1627 2996 instructam
1645 2920 1856 2998 remiserit:
1871 2919 1960 2999 Viso
1977 2920 2093 3029 igitur
2105 2947 2281 3027 processu

864 3080 991 3132 coram
1011 3053 1113 3130 dicto
1133 3049 1336 3130 senescallo
1355 3076 1423 3127 seu
1448 3050 1530 3157 ejus
1554 3050 1809 3128 commissario
1835 3078 1949 3158 super
1967 3050 2041 3128 hoc
2058 3049 2170 3138 sacto,
2193 3075 2281 3155 pro·

864 3181 1086 3260 nunciatum
1102 3181 1191 3270 luit,
1207 3208 1276 3287 per
1290 3179 1392 3256 curie
1405 3195 1532 3256 nostre
1544 3179 1753 3286 judicium,
1771 3180 1871 3257 bona
1887 3179 2013 3256 omnia
2030 3178 2119 3262 dicti
2136 3178 2279 3270 clerici,

864 3311 1022 3390 mobilia
1033 3328 1071 3388 et
1082 3309 1292 3387 immobilia
1302 3371 1311 3400 ,
1321 3309 1378 3408 ,ad
1392 3337 1547 3386 manum
1563 3325 1744 3398 nostram,
1763 3308 2002 3385 demandato
2018 3308 2206 3386 dictorum
2222 3307 2281 3384 in-

864 3442 1089 3549 quisitorum
1109 3440 1245 3548 posita,
1269 3438 1394 3516 eidem
1414 3439 1554 3517 debere
1575 3437 1803 3545 integraliter
1820 3435 1978 3514 restitui.

919 3570 1095 3649 Mercurii
1115 3569 1293 3676 predicta.

921 3701 1080 3780 Cuillier
1097 3700 1309 3810 reportavit.

920 3965 1011 4042 ΧΙΠ.
1043 3965 1179 4043 Coram
1197 3964 1368 4042 iohanne
1388 3960 1437 4040 de
1457 3960 1677 4069 Arreblayo,
1700 3960 1836 4053 milite,
1858 3958 2061 4038 senescallo
2075 3959 2283 4065 Petragori·

864 4095 966 4172 censi
987 4112 1025 4171 et
1041 4090 1276 4182 Caturcensi,
1298 4093 1497 4199 proposuit
1515 4091 1690 4198 magister
1709 4089 1826 4169 Fulco
1848 4090 1895 4167 de
1912 4091 2044 4196 Surys‚
2065 4103 2283 4195 proctuator

866 4242 994 4301 noster
1014 4224 1053 4300 in
1072 4222 1288 4300 senescallia
1309 4223 1495 4328 predicta,
1516 4238 1645 4300 contra
1662 4221 1836 4300 abbatem
1862 4237 1901 4297 et
1924 4235 2150 4298 conventum
2168 4220 2283 4296 Bran·

866 4353 1111 4442 tholmenses,
1123 4354 1228 4459 quod
1239 4382 1324 4440 cum
1336 4353 1424 4460 ipsi,
1435 4381 1522 4430 cum
1536 4351 1780 4456 multitudine
1792 4351 2009 4442 hominum,
2019 4352 2068 4427 ad
2080 4349 2282 4456 quemdam

771 4528 776 4539 ι
866 4497 992 4558 ortum
1009 4510 1126 4588 prope
1146 4483 1451 4571 Brantbolmum,
1469 4499 1662 4589 tamquam
1680 4481 1825 4559 domini
1842 4479 2067 4587 temporales
2086 4479 2176 4557 dicti
2192 4477 2281 4568 loci,

866 4639 975 4688 causa
996 4612 1174 4689 diruendi
1193 4639 1261 4690 seu
1281 4610 1512 4688 demoliendi
1532 4613 1735 4718 quamdam
1756 4608 1912 4690 domum
1934 4626 1972 4687 et
1994 4609 2185 4716 quoddam
2204 4625 2282 4686 tm·

865 4740 961 4818 lium
980 4769 1048 4846 per
1061 4740 1267 4818 Amaldum
1284 4741 1454 4819 Saunerii
1474 4741 1618 4820 ibidem
1639 4741 1874 4832 edificatum,
1892 4723 2131 4818 accessissent
2143 4739 2191 4814 ad
2208 4737 2284 4814 ins-

865 4869 1026 4948 tanciam
1045 4871 1146 4948 Petri
1165 4871 1256 4948 dicti
1275 4871 1432 4961 Batelat,
1449 4873 1647 4950 asserentis
1665 4899 1705 4950 se
1726 4872 1870 4948 dictum
1890 4869 2017 4947 locum
2034 4867 2226 4974 possidere
2247 4883 2285 4944 st

865 5000 1003 5108 injuste
1017 5028 1038 5076 a
1056 5001 1157 5078 dicto
1171 5000 1338 5078 Amaldo
1356 4998 1572 5079 edificatum
1585 5029 1683 5091 csse,
1700 5019 1738 5078 et
1752 5001 1832 5106 ipse
1846 4999 2046 5088 Amaldus,
2063 4999 2135 5076 hoc
2146 4997 2283 5089 sciens,

866 5129 1011 5207 edictis
1028 5130 1162 5208 abbate
1182 5149 1220 5209 et
1239 5150 1441 5221 conventu,
1459 5159 1508 5208 ne
1529 5132 1743 5210 dirueretur
1763 5130 1907 5208 dictum
1929 5117 2139 5216 edificium,
2157 5127 2205 5204 ad
2218 5151 2286 5203 nos

865 5259 924 5336 vel
941 5259 989 5336 ad
1007 5260 1249 5339 senescallum
1269 5262 1497 5368 predictum,
1513 5262 1552 5340 in
1571 5262 1762 5369 presencia
1781 5260 1968 5338 dictorum
1987 5257 2130 5336 abbatis
2146 5272 2184 5332 et
2199 5281 2287 5332 oon·

866 5402 1015 5479 ventus,
1037 5390 1274 5496 appellasset,
1297 5409 1335 5468 et
1359 5392 1503 5472 eisdem
1524 5392 1648 5472 abbati
1669 5407 1707 5468 et
1726 5389 1944 5480 conventui,
1967 5416 2009 5467 ex
2033 5404 2135 5495 parte
2158 5400 2285 5463 nostra
