5817 7292
861 1159 882 1234 lt
1305 1182 1311 1193 ·
1442 1163 1534 1238 LES
1560 1161 1702 1236 OLlM.

634 1314 765 1368 narrum
779 1313 823 1382 tv,
860 1329 1023 1410 cumque
1054 1319 1178 1409 partes
1203 1303 1283 1410 ipse
1309 1329 1521 1411 proponere
1552 1301 1756 1383 voluerunt
1782 1319 1821 1382 et
1847 1331 1922 1411 que
1947 1322 2114 1384 nostram
2141 1309 2283 1387 curiam

860 1459 1010 1511 movere
1027 1447 1203 1538 poterant
1223 1448 1261 1507 et
1280 1431 1487 1526 debebant,
1508 1462 1577 1541 per
1596 1433 1715 1541 ipsius
1729 1433 1831 1511 curie
1847 1452 1976 1514 nostre
1990 1434 2182 1543 judicium
2198 1467 2285 1545 pro-

858 1563 1078 1642 nunciatum
1095 1561 1214 1641 extitit
1228 1591 1340 1669 supra
1359 1563 1481 1644 dictos
1495 1564 1678 1674 majorem
1697 1582 1736 1644 et
1744 1565 1909 1674 juratos,
1927 1568 2083 1647 nomine
2097 1596 2167 1648 sue
2180 1597 2284 1648 com-

859 1696 989 1774 munie
1008 1694 1105 1772 dicte
1121 1691 1228 1782 ville,
1249 1721 1328 1771 esse
1344 1694 1392 1772 de
1410 1695 1511 1774 dicto
1531 1695 1754 1803 prisionario
1770 1696 2023 1787 resesiendos,
2041 1697 2139 1775 salva
2155 1717 2283 1778 tamen

858 1827 1055 1935 questione
1074 1824 1314 1934 proprietatis
1332 1854 1402 1933 pro
1420 1825 1531 1904 nobis
1548 1844 1677 1905 contra
1693 1827 1809 1933 ipsos,
1830 1829 1860 1906 si
1876 1847 1916 1907 et
1932 1830 2086 1937 quando
2107 1831 2282 1938 expedire

858 1957 1064 2036 viderimus
1082 1953 1312 2054 intentanda,
1368 2042 1371 2051 ,
1556 2043 1559 2051 ,
2140 2017 2166 2066 ,

695 1403 758 1450 lm.

912 2219 954 2297 ll.
986 2218 1072 2299 Visa
1090 2219 1260 2326 inquesta
1279 2235 1317 2295 et
1331 2219 1591 2298 instrumentis
1605 2220 1800 2328 productis
1815 2249 1859 2298 er
1874 2238 1979 2330 parte
1995 2222 2196 2300 bominum
2211 2251 2281 2330 po-

856 2348 1065 2459 pulacionis
1083 2349 1278 2458 parrochie
1296 2349 1620 2429 Sancti-lobannis
1634 2351 1722 2429 ville
1742 2351 1955 2441 Stellensis,
1973 2353 2013 2429 in
2027 2353 2202 2446 Navarra,
2217 2383 2280 2432 su·
2412 2388 2417 2402 ·

855 2512 924 2591 per
942 2482 1242 2590 impositionibus
1262 2509 1555 2588 supercensuum
1576 2510 1690 2590 super
1710 2483 1888 2562 domibus
1907 2484 2153 2577 eorumdem,
2175 2514 2281 2563 man-

858 2615 988 2694 datum
1001 2613 1090 2705 suit,
1105 2612 1326 2720 perlitteras
1338 2614 1466 2723 Regis,
1481 2613 1724 2723 gubernatori
1734 2615 1892 2694 Navarre
1905 2616 2011 2722 quod
2021 2616 2101 2723 ipse
2112 2636 2280 2696 amoveat

856 2745 1172 2852 impedimentum
1189 2769 1303 2849 super
1323 2741 1395 2821 boc
1415 2745 1629 2851 appositum
1647 2773 1716 2851 per
1734 2762 1864 2854 gentes
1884 2746 2010 2854 Regis,
2031 2748 2139 2857 cujus
2155 2746 2279 2827 littere

855 2877 965 2986 Regis
983 2895 1095 2955 tenor
1114 2874 1249 2984 ligatus
1269 2892 1325 2952 est
1344 2874 1384 2952 in
1404 2876 1578 2984 inquesta
1597 2876 1775 2985 predicta.

909 3144 967 3220 Ill.
999 3143 1096 3220 Cum
1117 3158 1198 3218 orta
1218 3158 1316 3218 esset
1335 3141 1522 3218 discordia
1543 3141 1642 3219 iuter
1660 3143 1835 3220 homines
1851 3142 1898 3219 de
1914 3142 2061 3221 Cbalou
2080 3159 2118 3219 et
2138 3142 2185 3220 de
2200 3144 2281 3221 Μο-

854 3270 1152 3362 lendinisNovis,
1168 3300 1211 3348 ex
1226 3299 1301 3348 una
1312 3287 1436 3378 parte,
1451 3298 1493 3347 ac
1506 3288 1767 3378 preceptorem
1783 3289 1822 3349 et
1835 3288 1966 3379 gentes
1979 3271 2115 3349 domus
2129 3273 2278 3379 Templi

856 3406 904 3483 de
920 3401 1087 3493 Chalou,
1103 3431 1147 3479 ex
1160 3403 1292 3494 altera,
1309 3430 1423 3509 super
1435 3429 1481 3478 eo
1496 3401 1602 3510 quod
1616 3401 1706 3478 dicti
1721 3403 1896 3480 homines
1909 3403 2094 3479 dictarum
2104 3400 2297 3479 villarum·

738 3551 741 3558 ’
855 3534 1031 3616 dicebant
1050 3533 1154 3642 quod
1172 3534 1243 3642 ipsi
1265 3535 1321 3613 uti
1340 3549 1515 3641 poterant
1533 3550 1571 3611 et
1591 3530 1781 3611 debebant
1800 3532 1848 3610 de
1868 3532 2078 3610 franchisiis
2095 3533 2278 3611 concessis

854 3698 874 3747 a
893 3667 1046 3776 regibus
1065 3631 1218 3746 iuncis
1238 3664 1459 3746 bominibus
1479 3664 1527 3742 de
1548 3664 1739 3758 Lorriaco,
1762 3681 1800 3743 et
1818 3663 1922 3772 quod
1941 3663 2011 3771 ipsi
2031 3663 2178 3743 suntin
2196 3691 2277 3774 say·

855 3801 934 3880 sina
948 3800 1053 3908 quod
1064 3816 1193 3910 gentes
1203 3797 1353 3905 Templi
1366 3824 1442 3874 non
1454 3814 1612 3904 possunt
1621 3795 1744 3874 levare
1758 3795 2108 3875 acommorantibus
2121 3812 2158 3872 et
2170 3795 2278 3874 babi-

845 3931 1021 4008 tantibus
1040 3931 1080 4008 in
1101 3930 1209 4009 dictis
1229 3928 1346 4018 villis,
1369 3929 1400 4006 si
1420 3927 1554 4034 aliquis
1573 3955 1708 4006 eorum
1728 3927 1879 4005 caderet
1899 3928 1940 4004 in
1961 3925 2183 4020 emendam,
2205 3928 2277 4007 nisi

853 4063 1031 4142 emendas
1051 4061 1300 4148 abbreviatas,
1322 4074 1437 4166 prout
1456 4058 1498 4134 in
1517 4085 1651 4136 eorum
1668 4057 1873 4168 privilegiis
1893 4057 2119 4152 continetur,
2136 4057 2279 4138 scilicet

850 4194 900 4272 de
916 4194 1088 4272 emendis
1102 4221 1178 4301 quc
1194 4208 1283 4270 suut
1297 4199 1366 4298 per
1378 4199 1614 4268 constumam
1628 4202 1749 4267 tanate
1763 4190 1812 4266 ad
1826 4190 2012 4298 sexaginta
2024 4189 2189 4283 solidos,
2206 4189 2277 4269 nisi

853 4325 1021 4430 quinque
1035 4323 1179 4403 solidos
1192 4322 1477 4415 tantummodo,
1495 4339 1548 4410 et,
1563 4321 1612 4400 de
1627 4319 1841 4400 minoribus
1856 4350 1971 4429 quam
1983 4321 2189 4430 sexaginta,
2205 4321 2276 4398 nisi

855 4451 1061 4530 duodecim
1074 4453 1265 4544 denarios,
1279 4473 1331 4544 et,
1349 4456 1397 4533 de
1410 4454 1485 4532 illis
1498 4454 1547 4531 de
1559 4453 1819 4559 ajornamento
1835 4453 1883 4532 de
1896 4454 2085 4543 sexdecim
2096 4451 2274 4542 denariis,

851 4581 922 4660 nisi
936 4600 1100 4690 quatuor
1116 4584 1290 4662 denarios
1300 4585 1588 4675 tantummod0;
1609 4585 1719 4664 dictis
1736 4585 1962 4692 Templariis
1983 4586 2030 4663 de
2049 4582 2199 4661 Chalou
2217 4609 2275 4659 as-

850 4714 1062 4792 serentibus
1076 4714 1116 4792 in
1132 4715 1370 4803 contrarium,
1387 4741 1457 4820 pro
1476 4714 1657 4822 Templo,
1678 4732 1807 4795 contra
1826 4715 1947 4794 dictos
1963 4713 2149 4801 homines,
2168 4709 2273 4815 quod

849 4845 1055 4953 Templum·
1076 4845 1192 4924 estin
1213 4845 1315 4924 bona
1336 4843 1488 4933 saisina,
1512 4862 1558 4922 et·
1572 4847 1678 4953 quod
1701 4848 1772 4955 ipsi
1793 4846 1851 4923 usi
1869 4860 1976 4929 suut,
1994 4869 2014 4918 a
2035 4857 2206 4945 tempore
2225 4838 2272 4916 de

849 5007 925 5084 quo
942 4977 1127 5055 memoria
1141 4977 1182 5054 in
1199 4975 1428 5056 contrarium
1451 5003 1531 5054 non
1551 4977 1692 5069 existit,
1713 4978 1763 5054 de
1786 4972 1971 5060 tenendo,
1983 4969 2214 5079 justiciando
2236 4987 2275 5047 et

847 5107 1095 5218 gubernando
1116 5108 1234 5188 dictas
1255 5110 1349 5187 duas
1364 5109 1470 5188 villas
1485 5111 1533 5190 de
1551 5109 1699 5189 Cb'alou
1722 5124 1761 5184 et
1781 5106 1829 5185 de
1848 5099 2213 5184 Molendinis-Novis
2230 5129 2272 5178 ac

846 5256 1124 5319 commorantes
1144 5258 1185 5318 et
1204 5240 1414 5320 habitantes
1438 5242 1478 5319 iu
1500 5241 1644 5320 eisdem
1668 5236 1792 5325 villis,
1807 5234 1856 5313 ad
1883 5261 1974 5314 usus
1995 5249 2037 5311 et
2057 5247 2272 5311 constumas

846 5372 966 5479 patrie
985 5389 1024 5449 et
1039 5371 1213 5452 villarum
1229 5371 1433 5450 vicinarum
1450 5400 1530 5451 non
1545 5367 1884 5479 privilegiatamm:
1904 5365 2097 5458 Tandem,
2117 5361 2195 5442 visa
2214 5362 2272 5440 in·

848 5521 979 5610 questa
994 5530 1107 5611 super
1128 5504 1212 5588 boc.
1233 5502 1281 5582 de
1297 5503 1477 5582 mandato
1495 5519 1637 5588 nostro,
1653 5498 1764 5588 facta,
1780 5496 1869 5577 risis
1882 5500 2002 5578 eciam
2018 5495 2130 5576 cartis
2143 5512 2184 5574 et
2194 5492 2271 5602 pri·
