5817 7292
1001 1045 1270 1155 nuoutrns
1295 1063 1360 1136 nr
1386 1048 1592 1138 rnoets.
1935 1058 2009 1137 cea

587 1208 683 1287 facta
706 1206 879 1315 predicto
904 1202 1072 1285 Guidoni
1095 1204 1278 1283 avunculo
1304 1220 1343 1283 et
1364 1205 1441 1283 suis
1465 1202 1686 1310 nepotibus,
1709 1202 1757 1279 ad
1776 1204 1941 1283 assisiam
1962 1206 2010 1285 de
2048 1203 2235 1270 Pannnlv,

585 1336 776 1428 Martello,
799 1363 923 1415 coram
944 1334 1147 1415 senescallo
1166 1316 1599 1441 Petragoricensi,'super
1618 1352 1915 1414 assecuramento
1927 1366 2011 1444 pre-
2110 1298 2172 1343 mi

585 1468 719 1547 stando
739 1465 930 1547 Bonisacio
949 1466 1162 1573 Porquerii,
1184 1494 1227 1545 ac
1246 1464 1477 1545 inhibicione
1498 1462 1593 1541 sacta
1611 1463 1713 1541 dicto
1730 1462 1900 1542 Guidoni
1920 1468 2013 1545 suis·

583 1630 658 1708 que
674 1599 876 1706 nepotibus
891 1615 929 1675 et
946 1596 1209 1687 familiaribus,
1232 1625 1276 1675 ex
1289 1613 1393 1704 parte
1414 1612 1561 1684 nostra,
1582 1623 1696 1701 super
1714 1595 1816 1672 omni
1838 1622 1884 1673 eo
1906 1598 2011 1703 quod

585 1748 738 1837 possent
751 1730 860 1811 nobis
874 1727 1098 1819 forisfacere,
1113 1756 1173 1818 ne,
1188 1729 1378 1835 pendente
1395 1727 1497 1805 dicto
1512 1726 1771 1834 ajornamcnto
1784 1755 1898 1834 super
1912 1727 2010 1807 dicta

585 1861 864 1941 assecurecione
876 1858 1092 1968 prestanda,
1111 1859 1255 1966 aliquas
1270 1859 1440 1967 injurias,
1458 1858 1497 1933 in
1512 1884 1672 1964 persona
1688 1856 1747 1937 vel
1761 1856 1887 1949 bonis,
1910 1858 2009 1939 dicto

582 1992 774 2073 Bonilacio
796 1988 994 2098 Porquerii
1010 1988 1209 2079 inferrent,
1229 1989 1370 2095 quibus
1387 1988 1536 2096 spretis,
1557 1987 1715 2093 predicti
1734 2005 1890 2094 nepotes
1903 2008 1942 2067 et
1955 1990 2009 2069 sa·

581 2121 747 2203 miliares
766 2121 856 2199 dicti
881 2120 1071 2201 Guidonis
1092 2120 1280 2226 prelatum
1305 2118 1540 2199 Bonilacium
1571 2106 1782 2226 Porquerii,
1811 2122 2008 2229 evaginatis

579 2250 729 2358 gladiis,
750 2252 967 2331 invaserunt
990 2267 1028 2327 et
1049 2250 1173 2329 eidem
1194 2250 1325 2357 plures
1343 2250 1499 2359 injurias
1517 2249 1746 2340 intulerunt3
1767 2278 1836 2329 nos
1855 2280 1943 2331 vero
1959 2254 2007 2333 de

579 2380 775 2487 predictis,
790 2410 858 2489 per
872 2397 994 2459 certes
1010 2380 1286 2463 commissarios
1306 2382 1506 2488 deputatos
1526 2381 1690 2474 anobis,
1701 2382 1837 2460 vocatis
1851 2410 2007 2463 evocan-

579 2512 651 2601 dis,
673 2512 813 2619 inquiri
833 2511 1095 2591 mandavimus
1112 2512 1305 2595 veritatem
1327 2543 1337 2589 c
1357 2514 1470 2589 Facta
1484 2510 1598 2619 igitur
1617 2513 1790 2618 inquesta
1802 2541 1916 2621 super
1934 2515 2007 2595 hiis

580 2660 632 2731 et,
650 2644 789 2721 auditis
806 2642 994 2749 partibus,
1014 2641 1090 2720 visa
1108 2659 1145 2719 et
1165 2641 1365 2749 diligenter
1384 2642 1604 2731 examinata,
1625 2642 1714 2748 quia
1732 2660 1924 2749 repertum
1950 2664 2007 2726 est

578 2800 647 2879 per
666 2773 826 2853 eandem
851 2772 1081 2853 sufficienter
1098 2772 1302 2879 probatum
1323 2774 1427 2879 quod
1451 2773 1611 2878 predicti
1628 2790 1795 2880 nepotes·
1806 2774 1894 2851 dicti
1913 2774 2007 2854 Gui-

579 2902 690 2982 donis
709 2904 756 2981 de
776 2904 1025 2994 Toruemine,
1051 2920 1137 3011 post
1161 2904 1330 3010 predicta
1351 2903 1652 3011 ajomamentum
1676 2921 1714 2981 et
1732 2903 2005 2984 inhibicionem

578 3031 688 3125 sacta,
712 3052 756 3112 ut
782 3033 925 3111 dictum
950 3050 1022 3126 est,
1051 3033 1228 3141 dictoque
1250 3030 1441 3111 bonifacio
1463 3031 1504 3109 in
1523 3032 1651 3141 gardia
1670 3052 1797 3113 nostra
1821 3038 1945 3142 posito
1968 3056 2006 3115 et

580 3164 776 3255 existente,
811 3165 935 3271 ipsum
957 3164 1191 3245 Bonisacium
1212 3192 1300 3241 curn
1319 3163 1453 3272 gladiis
1473 3164 1703 3254 invaserunt,
1731 3183 1770 3244 ct
1787 3166 1927 3245 multas
1946 3168 2004 3243 in-

571 3294 691 3403 jurias
714 3295 927 3373 intulerunt
949 3295 1090 3385 eidem,
1114 3294 1294 3401 quodque
1314 3294 1507 3401 predictus
1526 3293 1654 3373 Guido
1683 3294 1730 3371 de
1754 3297 2002 3387 Toruemine,

575 3443 661 3534 post
681 3426 801 3503 dictos
820 3425 873 3503 sic
892 3452 1064 3502 excessus
1083 3442 1332 3531 perpetratos,
1355 3424 1395 3501 in
1416 3424 1532 3503 domo
1552 3452 1620 3501 sua
1643 3425 1691 3501 de
1711 3425 1884 3503 Martello
1905 3444 1944 3505 et
1964 3429 2004 3505 in

575 3557 737 3663 qtradam
758 3556 829 3633 alia
848 3556 965 3635 domo
991 3584 1073 3645 sua,
1098 3572 1201 3633 extra
1215 3553 1342 3636 villam
1363 3554 1410 3631 de
1429 3554 1621 3645 Martello,
1637 3554 1828 3661 predictos
1846 3577 2004 3663 nepotes

575 3714 663 3767 suos
673 3685 870 3765 occultavit
880 3702 919 3763 ct
929 3686 1147 3790 receptavit,
1164 3685 1305 3791 absque
1317 3686 1390 3762 hoc
1400 3684 1507 3789 quod
1522 3685 1622 3789 ipsos
1638 3684 1681 3761 in·
1693 3685 1820 3789 aliquo
1836 3688 2000 3777 evitaret,

575 3817 615 3895 in
630 3814 883 3921 prejudicium
893 3812 1007 3920 garde
1021 3829 1058 3889 et
1070 3812 1316 3891 inhibicionis
1330 3813 1603 3920 predictarum,
1617 3840 1686 3920 per
1697 3814 1801 3891 curie
1812 3832 1938 3893 nostre
1946 3819 2004 3924 ju·

576 3944 732 4032 dicium,
747 3942 1005 4022 dictueGuido
1021 3940 1068 4019 de
1079 3942 1311 4021 Tememine
1319 3942 1359 4018 in
1368 3942 1587 4050 quingentis
1599 3942 1705 4021 libris
1716 3944 2002 4026 Turonensibus

574 4073 686 4153 nobis
705 4072 895 4153 solvendis
923 4071 1115 4151 occasione
1136 4072 1392 4179 predictorum
1419 4073 1540 4151 extitit
1565 4073 1879 4180 condempnatus,
1905 4075 2001 4155 salva

577 4204 678 4283 dicto
696 4200 886 4281 Bonilacio
905 4203 1093 4310 peticione
1113 4232 1181 4281 sua
1204 4230 1318 4311 super
1338 4202 1485 4310 injuriis
1509 4218 1548 4281 et
1571 4204 1783 4283 excessibus
1806 4205 1994 4313 predictis.

632 4336 810 4415 Mercurii
833 4352 919 4443 post
937 4336 1222 4416 Pentbecosten.

632 4465 758 4547 Caesel
776 4466 990 4574 reportavit.

630 4598 809 4705 Sequitur
824 4615 955 4706 postea
973 4598 1079 4705 quod
1098 4598 1176 4705 ipse
1198 4624 1313 4704 super
1331 4598 1404 4679 boc
1427 4596 1501 4677 fuit
1524 4597 1738 4689 absolutus,
1764 4600 1839 4677 visa
1865 4602 1997 4679 iterato

574 4730 746 4836 inquestn
764 4728 945 4836 predicta.

627 4988 784 5072 CXVIII.
815 4989 930 5083 Cum,
954 4988 1145 5095 pendente
1163 4989 1420 5099 ajomamento
1447 4987 1615 5071 Guidoni
1640 4991 1688 5069 de
1703 4993 1935 5071 Toruemine
1958 5010 1996 5073 et

572 5118 724 5210 Poncio,
746 5118 966 5212 Guillelmo,
983 5120 1095 5200 Petro
1112 5119 1322 5213 acGuioto,
1337 5120 1532 5211 fratribus,
1549 5119 1720 5232 ejusdem
1734 5122 1922 5204 Guidonis
1936 5152 1998 5203 ne

572 5249 725 5354 potibus
743 5267 783 5331 et
800 5250 1063 5345 familiaribus,
1084 5250 1181 5331 sacto
1207 5253 1255 5331 de
1275 5253 1524 5333 assecurando
1547 5252 1780 5333 Bonilacium
1802 5254 1995 5361 Perqucrii

575 5375 623 5455 de
639 5380 829 5473 Martello,
845 5400 980 5490 etpost
993 5383 1262 5465 inhibicionem
1275 5385 1454 5492 predictis
1466 5385 1643 5494 ajomatis
1655 5383 1806 5474 lacum,
1826 5413 1872 5463 ex
1889 5399 1993 5491 parte
