5817 7292
991 1076 1257 1184 evocares
1283 1097 1347 1170 nr
1373 1077 1579 1170 enecas.
1922 1087 1991 1160 521

579 1229 737 1310 vicarius
756 1227 845 1309 dicti
867 1232 1027 1328 abbatis,
1050 1237 1088 1312 in
1110 1237 1325 1347 quingentis
1344 1238 1448 1316 libris
1470 1233 1755 1316 Turonensibus
1774 1233 1902 1321 nobis,
1927 1257 1997 1340 pro
2035 1243 2165 1297 Parum
2178 1242 2220 1304 W.

508 1379 514 1390 '
581 1360 754 1453 emenda,
778 1364 898 1444 extitit
916 1367 1225 1474 condempnatus.
2098 1333 2161 1375 Μ’

638 1492 1039 1577 Sanctus-Benedictus
1054 1499 1266 1605 reportavit.

636 1623 737 1700 Jovis
756 1641 841 1729 post
859 1627 1086 1708 Brandones.

638 1885 716 1962 XX.
747 1885 843 1962 Cum
864 1887 1040 1992 priorissa
1056 1906 1093 1965 et
1109 1905 1313 1964 conventus
1328 1888 1544 1966 monasterii
1558 1887 1708 1973 Juliaci,
1731 1885 1873 1961 ordinis
1887 1885 2003 1961 sancti

582 2013 793 2107 Benedicti,
812 2015 1059 2124 Lingonensis
1080 2017 1266 2123 dyocesis,
1288 2015 1398 2094 nobis
1414 2018 1573 2124 graviter
1587 2015 1854 2122 conquerendo
1879 2042 2006 2091 mons-

582 2161 742 2222 trassent
756 2145 878 2251 quod,
896 2176 982 2224 cum
996 2148 1090 2252 ipse,
1103 2175 1171 2253 per
1183 2175 1271 2224 suos
1283 2147 1475 2225 ministros
1486 2146 1687 2235 seculares,
1703 2164 1875 2225 tenerent
1883 2173 2004 2222 unum

585 2274 779 2354 hominem
795 2292 834 2352 et
847 2304 963 2354 unam
978 2276 1157 2354 feminam
1172 2305 1240 2382 pro
1257 2276 1433 2381 imposito
1450 2276 1521 2352 sibi
1538 2276 1695 2352 crimine
1708 2275 1919 2366 homicidii,
1936 2303 2006 2352 suo

584 2405 719 2482 carceri
741 2407 989 2512 mancipatos,
1015 2409 1238 2516 Margareta,
1267 2408 1420 2484 domina
1449 2407 1497 2484 de
1522 2407 1914 2497 sancio-Vinearum,
1940 2435 2008 2512 per

585 2536 819 2644 prepositum
847 2565 960 2616 suurn
986 2556 1024 2616 et
1046 2539 1173 2644 plures
1196 2537 1397 2641 complices
1423 2563 1529 2628 suos,
1557 2536 1605 2613 ad
1633 2537 1777 2614 dictum
1800 2538 2008 2644 prioratum
2086 2634 2090 2643 Ι

585 2667 770 2744 violenter
792 2684 938 2744 etcum
963 2669 1118 2746 diversis
1141 2667 1342 2775 generibus
1365 2693 1557 2744 armorum
1577 2666 1811 2754 accedentes,
1839 2668 2008 2771 ostiaque

588 2813 627 2872 et
643 2796 822 2874 fenestras
842 2797 922 2903 ejus
942 2796 1170 2904 frangentes,
1190 2796 1311 2873 dictos
1327 2796 1569 2902 prisionarios
1582 2825 1603 2870 a
1618 2796 1719 2873 dicto
1739 2823 1902 2884 carcere,
1921 2822 2010 2872 con·
2121 2841 2130 2850 ·

587 2945 644 3004 tra
659 2927 889 3005 voluntatem
908 2926 1092 3006 dictarum
1110 2927 1389 3036 religiosarum,
1408 2926 1592 3004 violenter
1610 2943 1648 3004 et
1662 2926 1831 3003 indebite
1846 2944 2010 3003 extraxe-

589 3075 679 3136 runt
698 3075 735 3134 et
753 3085 881 3136 secum
898 3059 1150 3149 adduxerunt,
1174 3058 1291 3136 dictas
1305 3057 1497 3167 religiosas
1514 3085 1581 3134 sua
1600 3058 1833 3162 possessione
1853 3084 2010 3136 suorum

589 3189 899 3295 prisionariorum
919 3190 1086 3268 indebite
1106 3191 1317 3296 spoliando,
1340 3190 1380 3268 in
1400 3218 1530 3266 earum
1551 3187 1690 3297 grande
1708 3190 1958 3298 prejudicium
1975 3206 2013 3267 et

591 3319 783 3427 injuriam,
801 3320 1009 3428 dampnum
1029 3349 1106 3401 non
1127 3320 1320 3400 modicum
1342 3337 1380 3397 et
1398 3347 1610 3428 gravamen,
1627 3347 1744 3424 quare
1759 3319 2014 3427 supplicabant

591 3479 630 3528 se
656 3449 803 3526 restitui
829 3451 876 3528 ad
899 3453 1173 3558 possessionem
1193 3451 1504 3558 prisionariorum
1525 3451 1845 3556 supradictorum,
1862 3449 2015 3559 justicia

591 3578 796 3700 mediante;
813 3611 882 3661 nos
894 3612 997 3674 vero,
1017 3584 1064 3662 de'
1079 3582 1270 3690 premissis
1283 3583 1452 3661 volentes
1469 3581 1552 3658 ficri
1566 3582 1765 3670 cerciores,
1781 3581 1919 3660 ballivo
1932 3608 2015 3661 nos

592 3729 651 3789 tro
675 3712 900 3804 Senonensi,
922 3713 992 3792 sub
1014 3731 1113 3790 certa
1132 3714 1267 3801 forma,
1289 3711 1547 3788 mandavimus
1566 3728 1604 3786 et
1622 3711 1878 3806 commisimus
1892 3712 2013 3815 quod,

595 3866 709 3942 super
722 3841 929 3943 premissis,
948 3871 1035 3919 cum
1051 3842 1260 3950 diligencia,
1281 3839 1490 3946 inquireret
1505 3840 1699 3917 veritatem
1714 3865 1724 3909 ι
1740 3837 1826 3916 Visa
1841 3838 1954 3944 igitur
1965 3840 2018 3914 in-

597 3983 727 4074 questa
736 3996 848 4073 super
858 3970 949 4060 boc,
962 3971 1011 4047 de
1022 3969 1199 4048 mandato
1209 3986 1348 4058 nostro,
1360 3966 1471 4061 sacta,
1484 3997 1552 4075 per
1561 3967 1664 4044 curie
1675 3983 1802 4046 nostre
1807 3966 2014 4075 judicium,

598 4095 742 4173 dictum
758 4096 830 4175 fuit
847 4099 952 4203 quod
964 4098 1064 4176 dicte
1079 4097 1253 4204 religiose
1267 4127 1332 4175 sua
1348 4098 1584 4205 possessione
1600 4098 1764 4175 duorum
1777 4098 2017 4205 prisionario-

597 4255 684 4303 rum
693 4227 950 4333 predictorum
964 4228 1218 4318 restituentur,
1232 4245 1270 4304 et
1279 4228 1492 4336 injunctum
1504 4227 1574 4304 fuit
1585 4227 1754 4334 predicto
1765 4227 1903 4306 ballivo
1914 4227 2019 4336 quod

599 4359 678 4462 ipse
695 4358 742 4436 de
759 4357 868 4436 dictis
882 4359 1129 4465 prisionariis,
1145 4359 1261 4436 dictas
1276 4357 1468 4466 religiosas
1482 4359 1636 4436 indilate
1650 4358 1756 4436 saciat
1768 4359 1940 4436 resaisiri.
1951 4361 2020 4438 Ve-

599 4516 703 4579 rum,
727 4488 814 4594 quia
834 4489 1086 4566 intelleximus
1102 4489 1206 4596 quod
1224 4489 1347 4567 dictus
1367 4489 1581 4596 prepositus
1598 4505 1636 4564 et
1652 4489 1710 4566 sui
1726 4490 1928 4596 complices
1942 4490 2021 4567 dic-

600 4635 682 4697 tum
702 4619 908 4726 prioratum
934 4650 1021 4700 cum
1041 4623 1153 4698 armis
1172 4622 1353 4700 violenter
1375 4622 1619 4709 intraverunt,
1641 4621 1741 4701 dicto
1760 4620 1898 4700 ballivo
1917 4651 2022 4702 man-

602 4748 752 4858 dabitur
779 4753 973 4858 quatinus,
994 4754 1131 4833 vocatis
1155 4755 1367 4843 evocandis,
1394 4754 1441 4830 de
1466 4753 1679 4860 portacione
1704 4780 1895 4831 armorum
1916 4770 1953 4831 et
1973 4756 2021 4833 de

541 4985 543 4990 Ι
602 4880 783 4960 violencia
800 4884 978 4990 predictis
995 4902 1033 4962 et
1052 4884 1099 4963 de
1115 4886 1292 4964 omnibus
1312 4885 1393 4962 aliis
1408 4884 1717 4978 circumstanciis,
1734 4884 1919 4990 inquirat,
1935 4913 2022 4963 cum

605 5009 821 5122 diligencia,
849 5017 1059 5106 veritatem,
1080 5032 1133 5106 et,
1159 5018 1190 5095 si
1212 5017 1356 5096 dictum
1376 5017 1610 5123 prepositum
1629 5014 1687 5092 vel
1710 5042 1799 5093 suos
1822 5016 2024 5122 complices

605 5143 765 5248 reperiat
787 5145 993 5252 culpabiles
1013 5146 1059 5224 de
1074 5147 1288 5252 premissis,
1306 5147 1408 5255 ipsos
1426 5146 1574 5252 puniat,
1594 5164 1632 5225 et
1650 5146 1758 5226 nobis
1781 5163 1819 5223 et
1839 5144 2022 5253 religiosis

606 5272 827 5379 supradictis
849 5277 1047 5356 emendam
1067 5280 1313 5387 condignam,
1326 5308 1397 5387 pro
1419 5280 1532 5358 tantis
1551 5278 1779 5378 excessibus,
1801 5275 1910 5356 faciat
1923 5277 2025 5356 exhi-

607 5400 706 5491 beri,
723 5423 836 5508 prout
854 5406 967 5486 luerit
980 5410 1151 5490 racionis.

694 5576 745 5618 aas
766 5578 847 5622 orris.
871 5583 917 5625 ιιι.
1859 5558 1899 5622 66
