5817 7292
859 1172 907 1246 28
1433 1177 1525 1250 Lus
1559 1177 1699 1254 OLIM.

636 1322 764 1376 rasuera
778 1322 822 1386 lv,
878 1361 882 1373 ·
917 1315 1173 1424 «Stephanus,
1195 1317 1265 1395 Dei
1286 1319 1421 1424 gracia,
1444 1348 1570 1398 comes
1587 1320 1746 1399 Bolonie
1767 1337 1805 1398 et
1823 1321 1975 1409 Morsu,
2000 1319 2176 1397 omnibus
2199 1323 2277 1400 suis

695 1415 758 1456 12⁹⁹.

861 1443 1013 1522 Francis
1024 1465 1062 1524 et
1076 1446 1208 1556 Anglis
1220 1466 1259 1525 et
1271 1450 1453 1528 univorsis
1472 1468 1597 1528 sancte
1611 1452 1740 1528 matris
1759 1448 1912 1527 ecclesie
1927 1449 2031 1538 filiis,
2047 1467 2125 1526 tam
2141 1449 2278 1531 futuris

860 1604 972 1680 quam
997 1579 1249 1683 presentibus,
1279 1581 1318 1655 in
1355 1581 1510 1658 domino
1537 1581 1830 1669 techa-cristo,
1864 1580 2049 1657 salutem:
2080 1580 2204 1673 Quam
2231 1582 2279 1659 sit

860 1707 1110 1784 necessarium
1124 1726 1249 1786 sancte
1262 1711 1389 1788 matris
1409 1711 1565 1789 ecclesie
1579 1712 1733 1789 utilitati
1749 1730 1786 1788 et
1799 1739 1991 1788 servorum
2004 1710 2075 1788 Dei
2091 1711 2131 1786 in
2149 1739 2191 1788 ea
2206 1711 2278 1788 nri-

859 1837 1054 1916 litancium
1082 1839 1162 1946 paci
1188 1857 1226 1917 et
1245 1840 1509 1948 indempnitati
1529 1844 1744 1949 providere,
1771 1841 1900 1919 solerti
1928 1870 2016 1917 cura
2030 1842 2277 1946 ,perpendere

860 1997 930 2046 nos
950 1969 1148 2058 condecet,
1166 1997 1261 2074 quos
1280 1969 1401 2061 Deus,
1421 2001 1500 2048 non
1518 1973 1656 2051 nostris
1673 1973 1817 2050 meritis
1836 1972 1904 2049 sed
1923 1968 2002 2047 sola
2020 1971 2279 2048 misericordia

860 2128 941 2190 sua,
964 2129 1078 2207 super
1101 2100 1287 2206 populum
1317 2131 1429 2179 suum
1459 2105 1658 2210 principari
1678 2103 1863 2209 permisit,
1885 2101 2040 2209 quibus,
2067 2102 2114 2177 ad
2134 2101 2277 2178 vindic-

859 2245 935 2308 tam
956 2231 1221 2336 reproborum,
1244 2230 1396 2309 laudem
1414 2263 1503 2312 vero
1521 2234 1727 2322 bonorum,
1748 2232 1916 2340 gladium
1936 2230 2169 2307 materialem
2189 2258 2278 2310 con-

862 2363 995 2451 cessit3
1026 2378 1240 2468 eapropter,
1271 2364 1508 2467 presentibus
1537 2383 1672 2442 notum
1700 2363 1856 2440 sacimas
1890 2379 1929 2440 et
1954 2360 2120 2466 presenti
2149 2360 2276 2466 scripti

861 2491 1077 2571 testimonio
1103 2493 1287 2570 memorie
1313 2493 1545 2584 futurorum,
1568 2495 1607 2571 in
1625 2494 1756 2601 primis
1775 2493 1950 2572 volumus
1969 2491 2089 2598 quod,
2110 2490 2159 2567 ad
2178 2491 2276 2598 peti-

862 2626 1008 2702 cionem
1027 2623 1251 2703 venerabilis
1270 2625 1335 2701 viri
1358 2624 1502 2704 domini
1522 2625 1701 2715 Balduni,
1723 2624 1864 2703 abbatis
1887 2620 2276 2702 Sancti-Wlmari-de·

860 2757 1036 2844 Nemore,
1054 2755 1187 2861 suique
1206 2756 1298 2834 sacri
1314 2756 1478 2863 collegii,
1495 2758 1544 2833 ad
1563 2756 1750 2862 exemplar
1770 2752 2171 2832 excellentissimorum
2189 2779 2276 2857 pre-

861 2887 1101 2966 decessorum
1123 2903 1355 2976 nostrorum,
1372 2887 1535 2964 Eustacii
1545 2887 1725 2994 junioris,
1741 2884 1902 2962 Eustacii
1923 2881 2095 2970 senioris,
2111 2877 2276 2968 Ernulfi,

861 3019 1041 3096 comitum
1059 3017 1235 3111 Bolonie,
1249 3045 1417 3126 quorum
1438 3019 1575 3124 scripta
1593 3015 1810 3121 autentiqua
1828 3015 1990 3092 vidimus
2008 3031 2047 3090 et
2065 3010 2280 3120 approbavi·

862 3179 963 3244 mus,
981 3149 1252 3229 monasterium
1270 3150 1590 3238 Sancti-Wlmari,
1608 3178 1695 3225 cum
1709 3165 1788 3224 tota
1806 3146 1894 3223 villa
1909 3165 1947 3223 et
1964 3144 2045 3223 foro
2066 3161 2104 3221 et
2123 3169 2280 3220 consue-

861 3281 1058 3360 tudinibus
1077 3282 1193 3388 ipsius
1212 3281 1303 3371 lori,
1324 3283 1370 3360 ab
1389 3285 1495 3360 omni
1517 3281 1779 3391 jurisdictione
1798 3279 1939 3357 terreni
1960 3295 1998 3356 et
2016 3275 2193 3356 secularis
2212 3275 2280 3352 do-

862 3413 1026 3491 minatus
1046 3414 1265 3524 excipimus,
1284 3433 1321 3492 ct
1342 3414 1458 3492 nichil
1478 3413 1634 3493 omnino
1649 3414 1745 3522 juris
1760 3414 1800 3490 in
1819 3412 1894 3490 hiis
1910 3409 2103 3496 omnibns,
2123 3405 2190 3483 sed
2209 3432 2278 3481 nec

862 3678 1049 3756 relacione
1077 3678 1250 3756 bdelium
1276 3696 1314 3755 et
1338 3709 1382 3756 ex
1403 3677 1500 3757 fama
1524 3678 1674 3786 publica
1700 3690 1846 3753 constet
1864 3672 1965 3750 idem
1988 3666 2276 3756 monasterium,

863 3841 949 3888 curn
970 3813 1047 3888 suis
1066 3811 1326 3917 pertinenciis,
1349 3839 1426 3889 non
1446 3811 1493 3886 ab
1513 3809 1586 3886 alio
1609 3825 1763 3914 potente
1791 3833 1905 3911 quarn
1933 3803 1980 3881 ab
2008 3803 2090 3909 ipso
2114 3797 2278 3906 glorioso

865 3942 976 4018 Cristi
993 3939 1219 4027 confessore,
1237 3941 1275 4016 in
1289 3942 1451 4047 propriis
1466 3939 1617 4017 allodiis
1630 3937 1819 4026 nobiliter,
1836 3935 1933 4014 sicut
1948 3932 2124 4021 cernitur,
2144 3928 2281 4006 funda-

864 4088 945 4148 tum
963 4070 1090 4149 luisse.
1111 4071 1303 4161 Preterea,
1324 4071 1430 4148 villas
1450 4088 1489 4148 et
1502 4069 1753 4177 possessiones
1768 4096 1862 4174 quas
1879 4096 1900 4144 a
1921 4066 2041 4173 prima
2056 4061 2281 4140 fundacione

866 4201 967 4280 idem
996 4203 1265 4282 monasterium
1285 4201 1432 4290 habuit,
1460 4202 1519 4278 vel
1538 4230 1630 4309 quas
1654 4229 1699 4278 ex
1722 4198 1944 4277 liberalitate
1972 4195 2280 4303 predecessorum

869 4353 1083 4412 nostrorum
1106 4336 1351 4441 postmodum
1375 4333 1582 4442 acquisivit,
1608 4333 1655 4410 ab
1679 4332 1783 4410 omni
1804 4329 2070 4439 jurisdictione
2097 4351 2282 4403 successo·

864 4491 956 4538 rum
972 4482 1186 4542 nostrorum
1207 4465 1342 4542 liberas
1362 4495 1441 4544 esse
1462 4464 1716 4551 decernimus,
1734 4479 1772 4541 et
1790 4479 1834 4540 ut
1853 4459 2071 4538 immediate
2093 4455 2184 4532 dicti
2202 4481 2282 4531 mo

870 4592 1021 4670 nasterii
1046 4594 1325 4700 imperpetuum
1351 4596 1568 4702 subjaceant
1593 4593 1754 4704 legibus,
1776 4591 1940 4701 presenti
1969 4589 2107 4693 scripto
2132 4583 2282 4662 sancivi-

865 4751 968 4800 mus.
990 4724 1170 4802 Villamm
1193 4741 1317 4803 autem
1338 4742 1425 4804 sunt
1448 4726 1520 4803 bec
1543 4725 1722 4803 nomina:
1748 4724 1835 4803 villa
1862 4711 2183 4800 Sancti-Wlmari,
2205 4736 2279 4816 que

865 4855 910 4934 ab
942 4858 1105 4963 antiquis
1130 4855 1309 4936 Silviacus
1339 4857 1488 4947 dicitur,
1520 4885 1607 4934 cum
1630 4857 1713 4936 loro
1743 4875 1780 4933 et
1810 4847 2001 4961 premissis
2028 4839 2279 4926 libertatibus,

865 4987 1092 5076 ariminum,
1108 4988 1281 5079 Berlrem,
1299 4990 1507 5080 Hedinum,
1522 4989 1781 5097 Kitingebem‚
1797 4977 2073 5088 Moringehem,
2089 4970 2278 5061 Foubem,

864 5120 1038 5212 Colonia,
1075 5151 1161 5200 curn
1194 5122 1545 5230 circumjacentibus
1574 5119 1763 5208 marescis,
1796 5111 1962 5219 piscariis
1994 5124 2032 5184 et
2062 5100 2280 5212 paludibus,

867 5254 994 5334 Kalila
1025 5285 1112 5334 cum
1139 5254 1278 5344 boscis,
1306 5254 1467 5361 pasturis
1496 5270 1535 5330 et
1553 5252 1634 5330 aliis
1659 5242 1887 5355 appendiciis
1912 5241 2009 5328 suis,
2038 5232 2220 5315 Bernules
2246 5245 2284 5307 et

862 5389 1029 5496 quedam
1047 5416 1130 5494 pars
1147 5386 1234 5463 ville
1251 5386 1298 5463 de
1313 5387 1443 5464 Frenc.
1462 5383 1582 5461 Habet
1597 5405 1748 5489 quoque
1765 5389 1972 5451 memorata
1991 5364 2147 5448 ecclesia
2165 5379 2284 5440 terras

863 5541 900 5600 ct
922 5523 1089 5629 hospites
1104 5520 1198 5598 circa
1218 5517 1431 5607 Boloniam,
1454 5512 1556 5620 apud
1574 5509 1721 5597 Cluses‚
1751 5504 1851 5613 apud
1869 5501 2159 5611 Hessingehem,
2180 5488 2282 5599 apud
