5817 7292
864 1079 938 1187 sss
1064 1098 1068 1104 ·
1443 1077 1537 1152 nns
1562 1073 1700 1166 ortu.

638 1235 822 1298 rnnmalv,
862 1206 1102 1309 ria-Rubenti,
1123 1234 1214 1296 tunc
1226 1217 1462 1324 prepositum
1478 1219 1526 1298 de
1547 1209 1813 1306 columbariis,
1828 1215 1978 1296 racione
1997 1216 2218 1326 Campanis,
2241 1251 2284 1298 ex

697 1327 760 1372 lm.

862 1350 995 1440 altera,
1016 1377 1131 1455 super
1149 1347 1299 1456 justicia
1317 1347 1405 1426 ville
1424 1349 1473 1426 de
1496 1345 1884 1454 villaribus-Templi,
1909 1375 2035 1424 coram
2056 1348 2166 1431 nobis
2184 1369 2286 1430 mota

864 1480 994 1559 fuisset
1026 1481 1197 1587 questio,
1226 1479 1439 1586 debatoque
1468 1477 1691 1586 hujusmodi
1715 1467 1767 1554 ¹aul
1795 1503 1951 1554 manum
1981 1495 2167 1569 nostram,
2193 1497 2287 1557 tam-

861 1639 977 1718 quam
990 1610 1211 1718 superioris,
1224 1609 1366 1716 posito,
1383 1626 1422 1688 et
1435 1607 1684 1696 inhibicione,
1699 1635 1743 1686 ex
1754 1624 1859 1713 parte
1874 1625 2018 1698 nostra,
2030 1605 2124 1718 lacte
2137 1611 2288 1718 utrique

861 1741 956 1848 parti
979 1769 1028 1819 ne
1049 1741 1098 1820 de
1113 1740 1263 1848 justicia
1281 1740 1379 1818 dicte
1397 1725 1500 1828 ville,
1527 1736 1593 1816 lite
1618 1731 2018 1845 pendente'predicta,
2040 1739 2228 1818 ullatenus
2246 1771 2286 1820 se
2318 1767 2325 1778 ·

863 1873 1171 1964 intromitterent,
1190 1888 1229 1950 et
1240 1870 1387 1949 Thema
1399 1868 1502 1948 dicto
1514 1869 1637 1948 Virier
1652 1868 1795 1950 ibidem
1810 1870 1934 1974 posito
1951 1898 2021 1976 per
2039 1887 2182 1950 nostras
2194 1900 2286 1978 gen-

862 2021 919 2080 tes
946 2002 993 2080 ad
1016 2000 1318 2111 cognoscendum
1342 2015 1380 2078 et
1402 2000 1691 2106 explectandum
1718 2029 1761 2082 ea
1784 2027 1859 2105 que
1886 2001 1936 2078 ad
1961 2001 2180 2108 hujusmodi
2203 2003 2286 2110 jus-

862 2133 987 2213 ticiam
1013 2134 1204 2239 pertinent
1228 2148 1266 2212 et
1286 2131 1477 2238 pertinere
1500 2147 1675 2236 possunt,
1698 2128 1917 2236 hujusmodi
1941 2129 2079 2215 debaro
2104 2130 2281 2223 durante,

862 2264 1131 2343 nichilominus
1151 2263 1273 2342 dictus
1295 2261 1495 2352 Martinus,
1521 2261 1751 2366 prepositus,
1778 2278 1816 2374 et
1838 2261 2037 2346 servientes
2057 2261 2134 2354 sui,
2154 2279 2282 2340 contra

864 2395 1135 2474 inhibicionem
1162 2394 1388 2506 predictam,
1414 2391 1534 2474 multa
1563 2392 1733 2472 indebite
1757 2419 1869 2498 super
1891 2391 1964 2468 hoc
1989 2407 2280 2496 attemptarunt,

862 2526 1098 2634 adjornando
1118 2541 1157 2602 et
1173 2524 1358 2632 gagiando
1379 2523 1539 2611 ibidem,
1559 2539 1597 2604 et
1609 2522 1815 2628 quemdam
1836 2523 2034 2610 latronem,
2056 2521 2108 2599 ihi
2129 2523 2168 2600 in
2181 2551 2283 2604 com·

863 2657 1025 2762 pedibus
1038 2659 1277 2745 existentem,
1291 2655 1476 2734 violenter
1493 2671 1731 2743 amoverunt,
1743 2671 1788 2732 et
1796 2654 2032 2732 adduxerunt
2043 2653 2145 2759 opud
2155 2653 2282 2734 villam

862 2787 912 2864 de
926 2773 1200 2873 Columbariis,
1213 2801 1251 2862 et
1264 2785 1429 2864 eundem
1441 2783 1722 2892 suspenderunt
1734 2802 1863 2864 contra
1877 2783 2180 2889 prohibicionem
2196 2783 2284 2864 dicti

862 2917 1028 3005 Thome,
1047 2916 1192 2994 ibidem
1207 2917 1319 3024 positi
1339 2945 1408 3021 per
1421 2932 1552 3025 gentes
1572 2932 1718 2994 nostras
1735 2916 1784 2996 ad
1804 2916 1941 2994 dictam
1952 2914 2145 3024 justiciam
2155 2934 2285 3010 ¹custo-

861 3047 1040 3126 diendam
1065 3065 1104 3127 et
1128 3047 1430 3154 explectundam,
1451 3063 1492 3128 et
1512 3046 1655 3127 dictum
1680 3047 1868 3128 Thomam
1894 3045 1993 3126 male
2017 3063 2282 3137 tractaverunt,

861 3178 1080 3283 accipiendo
1101 3178 1225 3283 ipsum
1245 3206 1313 3284 per
1331 3177 1530 3284 capucium
1552 3194 1589 3260 et
1609 3179 1824 3284 torquendo
1845 3207 1913 3284 per
1929 3177 2081 3265 collum,
2103 3196 2142 3256 et
2159 3178 2283 3282 ipsum

862 3309 911 3386 de
929 3308 1028 3386 dicta
1044 3307 1131 3384 villa
1150 3335 1281 3386 secum
1295 3307 1534 3388 adduxerunt
1552 3307 1653 3413 apud
1667 3307 1941 3396 Columbarias,
1963 3308 2086 3413 ipsum
2106 3335 2175 3413 per
2192 3336 2283 3413 qua·
2388 3325 2391 3335 '

862 3454 951 3515 tuor
975 3437 1057 3516 dies
1075 3455 1226 3543 captum
1245 3438 1470 3526 detinendo,
1492 3439 1533 3516 in
1555 3438 1653 3518 dicte
1672 3467 1806 3519 manus
1825 3455 1952 3518 nostre
1970 3436 2228 3545 prejudicium
2244 3455 2283 3517 et

862 3585 1146 3676 contemptum:
1165 3570 1352 3659 Tandem,
1370 3569 1561 3677 inquesta,
1579 3598 1693 3676 super
1706 3571 1779 3648 hiis
1792 3569 1841 3648 de
1856 3568 2031 3648 mandato
2045 3584 2174 3647 nostro
2186 3566 2282 3646 lacta

862 3698 939 3778 visa
964 3716 1002 3777 et
1026 3699 1226 3808 diligenter
1249 3700 1474 3790 examinata,
1502 3702 1591 3808 quia
1614 3704 1808 3784 inventum
1833 3717 1889 3780 est
1914 3699 2134 3806 predictum¹
2153 3699 2281 3779 Merti-

860 3857 954 3906 num
969 3829 1017 3907 de
1031 3829 1335 3923 Curia-Roberti,
1351 3861 1439 3913 cnm
1453 3833 1540 3944 suis*
1547 3833 1810 3943 servientibus,
1827 3831 1995 3937 prodicta
2012 3831 2052 3908 in
2067 3831 2183 3910 nostri
2198 3855 2283 3935 pre·

856 3959 1046 4066 judicium
1066 3978 1104 4039 et
1120 3975 1382 4071 contemptum
1401 3962 1550 4056 fecisse,
1573 3963 1709 4042 debato
1727 3963 1825 4042 dicte
1840 3961 1992 4072 justicie
2012 3959 2179 4070 predicte
2197 3960 2283 4050 ville

861 4089 911 4166 ud
929 4117 1085 4168 manum
1097 4107 1284 4182 nostram,
1300 4110 1481 4202 tanquam
1492 4095 1712 4201 superioris,
1731 4093 2082 4200 posito-,inventum
2095 4108 2151 4170 est
2165 4090 2282 4168 eciem

860 4221 1062 4328 laquetum
1082 4224 1130 4300 de
1149 4224 1310 4302 Buisson
1326 4242 1364 4304 et
1382 4226 1586 4333 quemdam
1602 4227 1868 4334 Symoneturn,
1884 4223 2087 4301 servientes
2100 4222 2190 4300 dicti
2206 4250 2284 4328 pre-

861 4351 990 4457 positi,
1019 4352 1164 4431 ibidem
1182 4383 1270 4431 cum
1289 4355 1392 4434 dicto
1410 4356 1604 4464 preposito
1624 4356 1854 4446 interfuisse,
1881 4370 1919 4432 et
1938 4353 2080 4432 dictum
2100 4352 2281 4430 delictum

861 4481 1036 4590 gentibus
1056 4485 1193 4563 nostris
1214 4486 1448 4574 emendasse,
1469 4515 1537 4592 per
1557 4488 1658 4564 curie
1681 4503 1807 4563 nostre
1821 4485 2026 4594 judicium,
2051 4483 2174 4572 dictus
2188 4485 2282 4560 Mar-

860 4612 964 4690 tinus
987 4615 1114 4704 nobis,
1142 4643 1211 4721 pro
1242 4618 1403 4695 emenda
1428 4617 1616 4723 predicta,
1645 4618 1686 4693 in
1713 4615 1927 4726 quingentis
1950 4614 2055 4695 libris
2081 4615 2280 4700 Turonen-

861 4742 980 4833 sibus‚
1003 4762 1041 4822 et
1061 4744 1221 4850 quilibet
1245 4746 1503 4857 predictorum
1528 4748 1693 4826 duorum
1719 4747 1944 4824 servientum
1968 4745 2008 4822 in
2029 4742 2154 4850 viginti
2173 4740 2281 4818 libris

859 4877 1165 4970 Turonensibus3
1185 4877 1307 4956 dictus
1327 4907 1413 4956 vero
1431 4879 1615 4959 Martinus
1638 4879 1808 4984 predicto
1828 4878 1993 4968 Thorne,
2016 4874 2164 4964 racione
2180 4870 2279 4948 dicte

860 5005 998 5112 injurie
1019 5003 1091 5082 sibi
1109 5005 1224 5096 lacte,
1244 5010 1286 5085 in
1304 5009 1552 5118 quadraginta
1571 5010 1679 5088 libris
1700 5009 1799 5087 dicte
1823 5025 1992 5096 monete,
2015 5002 2279 5110 condempnati
2307 5029 2311 5035 ·

859 5134 1032 5228 luerunt,
1047 5154 1101 5224 et,
1115 5138 1510 5246 peridemjudicium,
1526 5140 1669 5219 dictum
1680 5140 1753 5220 fuit
1763 5140 1867 5247 quod
1878 5139 1977 5223 dicta
1990 5151 2221 5240 attemptata,
2234 5161 2279 5210 eo

860 5268 975 5346 modo
990 5270 1101 5374 quod
1118 5269 1299 5374 possibile
1320 5286 1394 5361 est,
1418 5271 1469 5348 ad
1492 5289 1631 5350 statum
1656 5271 1829 5353 debitum
1854 5270 2093 5364 reducentur,
2121 5283 2159 5344 et
2181 5264 2280 5342 dicta

854 5398 1005 5504 justicia
1017 5399 1058 5474 in
1069 5428 1186 5478 manu
1198 5416 1343 5492 nostra,
1355 5418 1548 5509 tamquam
1561 5403 1782 5510 superioris,
1796 5399 2027 5489 remanebit;
2041 5415 2094 5486 et,
2111 5396 2145 5482 ai
2155 5411 2277 5502 partes

860 5557 973 5636 super
984 5530 1058 5610 hoc
1074 5530 1190 5607 velint
1197 5531 1262 5639 jus
1280 5561 1391 5610 suurn
1410 5534 1609 5640 prosequi,
1631 5533 1844 5611 audientur.
