5817 7292
1008 1104 1273 1209 moturus
1300 1120 1363 1191 er
1391 1102 1596 1193 proces.
1937 1125 2010 1195 aas

593 1265 681 1342 dem
702 1260 969 1353 custodiretur,
982 1262 1092 1340 dictis
1103 1262 1287 1371 religiosis
1303 1260 1343 1337 in
1362 1260 1594 1339 contrarium
1611 1259 1823 1338 dicentibus
1841 1261 2012 1340 saisinam
2051 1270 2180 1370 resume
2191 1272 2236 1335 tt,

593 1394 692 1471 dicte
708 1394 860 1503 justicie
886 1394 934 1471 ad
953 1392 1054 1500 ipsos
1077 1394 1291 1500 pertinere:
1310 1394 1486 1498 lnquesta
1505 1405 1619 1497 anper
1642 1392 1733 1480 hoc,
1761 1391 1810 1468 de
1834 1394 2012 1470 mandato
2114 1362 2175 1403 ’ω’

593 1525 695 1603 curie
721 1543 863 1614 nostre,
890 1524 986 1603 sacta
1018 1542 1056 1602 et
1079 1524 1393 1633 adjudicandum
1416 1541 1630 1631 reportata,
1658 1522 1875 1629 auditisque
1901 1551 2014 1630 super

592 1658 664 1735 hoc
684 1656 793 1734 dictis
820 1657 1005 1763 partibus,
1027 1674 1065 1733 et
1083 1656 1158 1733 visa
1188 1654 1286 1733 dicta
1314 1656 1485 1763 inquesta
1508 1672 1547 1732 et
1570 1654 1771 1763 diligenter
1790 1654 2012 1741 examinata,

591 1814 659 1895 per
690 1786 792 1864 curie
816 1804 943 1866 nostre
962 1787 1168 1894 judicium,
1197 1788 1340 1865 dictum
1369 1786 1441 1863 luit
1464 1786 1569 1893 quod
1593 1785 1910 1893 impedimentum
1931 1810 2015 1891 pre»

592 1914 752 2005 dictum,
773 1916 874 1994 dicto
895 1916 1007 1994 militi
1028 1898 1256 2023 appositum,
1280 1946 1322 1995 ex
1341 1934 1445 2023 parte
1465 1916 1654 1993 dictorum
1673 1914 1954 2023 religiosorum,
1975 1916 2014 1992 in

590 2047 724 2123 saisina
740 2046 892 2154 justicie
918 2046 1017 2123 dicte
1038 2047 1175 2123 domus
1203 2062 1241 2121 et
1267 2046 1469 2153 pourprisii
1496 2046 1681 2153 ejusdem,
1707 2044 1951 2136 amovebitur,
1979 2065 2017 2125 et

589 2175 693 2281 quod
715 2176 812 2251 dicta
831 2175 943 2282 prisia
965 2174 1058 2251 facta
1076 2203 1144 2282 per
1164 2174 1284 2253 dictos
1303 2175 1515 2283 religiosos,
1537 2176 1577 2252 in
1597 2175 1681 2254 loeo
1702 2177 1884 2283 predicto,
1911 2180 2016 2256 etad

592 2330 745 2382 manum
766 2320 949 2396 nostram,
970 2324 1013 2383 ut
1034 2307 1260 2415 premissum
1282 2325 1353 2398 est,
1376 2309 1512 2413 posita,
1540 2307 1810 2386 deliberabitur
1825 2309 1939 2390 militi
1952 2331 2016 2389 su»
2113 2363 2116 2367 ι

589 2436 777 2542 predicto,
800 2437 896 2514 salva
920 2465 1034 2543 super
1053 2438 1127 2515 boc
1147 2438 1256 2515 dictis
1277 2438 1682 2545 religiosis‘questione
1703 2436 1952 2546 proprietatis.

647 2567 774 2645 Martis
792 2583 879 2674 post
892 2566 1066 2645 iubilate.

647 2696 755 2774 Croci
776 2698 987 2804 reportavit.

649 2958 706 3037 lV.
729 2960 772 3035 ln
783 2986 975 3067 causaque
990 2956 1147 3065 pendet,
1161 2958 1199 3034 in
1213 2955 1315 3035 curia
1329 2974 1471 3048 nostra,
1483 2958 1582 3036 inter
1595 2956 1789 3036 dominam
1804 2957 1851 3037 de
1864 2960 2015 3037 Biauval

593 3105 630 3164 et
649 3090 732 3196 ejus
751 3085 856 3178 filias,
880 3117 924 3165 er
943 3106 1048 3197 parte
1070 3117 1161 3177 una,
1180 3104 1218 3163 et
1242 3085 1444 3165 dominum
1469 3087 1516 3165 de
1532 3089 1694 3177 Biauval,
1710 3117 1755 3165 ex
1777 3088 1914 3177 altera,
1928 3108 2016 3167 sunt

591 3218 784 3296 auditores
803 3220 878 3296 dati
897 3220 1064 3327 magistri
1083 3218 1257 3296 Nicolaus
1285 3217 1332 3294 de
1353 3218 1527 3333 Creciaco
1544 3237 1582 3296 et
1602 3220 1815 3324 Stephanus
1830 3220 2015 3299 de=Hous

590 3376 690 3457 sepa,
712 3349 778 3456 qui
807 3350 962 3427 audient
985 3365 1100 3425 testes
1120 3376 1233 3452 super
1254 3348 1587 3450 reprobacionibus
1608 3350 1761 3425 testium
1783 3350 1823 3424 in
1843 3354 2015 3456 inquesta

588 3480 755 3585 predicta
769 3481 1055 3585 productorum,
1076 3504 1145 3583 per
1163 3475 1305 3553 curiam
1323 3474 1517 3565 admissos,
1531 3475 1775 3583 defectumque
1789 3496 1957 3585 repertos
1976 3482 2015 3556 in

590 3612 764 3716 inquesta
782 3610 948 3714 predicta
969 3636 1037 3713 per
1058 3608 1256 3710 Hugonem
1280 3604 1326 3679 de
1347 3605 1521 3695 Fillanis‚
1548 3622 1640 3681 tunc
1657 3605 1841 3684 ballivum
1861 3609 2014 3687 Ambia-

592 3764 746 3815 nensem
764 3754 801 3813 et
814 3739 895 3844 ejus
907 3736 1089 3841 collegam
1103 3732 1207 3823 lacta,
1219 3731 1453 3837 supplebunt
1466 3752 1504 3810 et
1517 3734 1571 3809 sic
1582 3735 1791 3840 inquestarn
1806 3736 2014 3840 predictam

592 3868 789 3972 perficient
806 3883 844 3944 et
858 3894 940 3945 eam
953 3864 1178 3970 completam
1197 3864 1393 3940 remittent
1412 3864 1461 3941 ad
1472 3864 1574 3941 diem
1590 3863 1740 3941 ballivie
1754 3862 2014 3947 Ambiunt-sie

593 3996 710 4075 futuri
732 3998 903 4104 proximo
919 3994 1156 4105 parlamenti,
1178 3993 1281 4070 curie
1303 4010 1430 4071 nostre
1444 3994 1708 4102 judicandam,
1729 3995 2014 4077 simmachum

592 4156 664 4207 nus
687 4128 759 4206 suit
779 4131 833 4205 eis
856 4156 923 4237 per
942 4124 1082 4203 curiam
1105 4124 1331 4233 injunctum.
1352 4124 1440 4204 Duo
1462 4141 1552 4201 sunt
1574 4124 1765 4203 defectus:
1789 4130 1890 4205 nmis
1908 4133 2012 4236 qnod

591 4276 704 4337 testes
725 4260 878 4338 domine
902 4286 980 4337 nou
1002 4257 1157 4335 fuerunt
1177 4256 1373 4335 examinati
1398 4257 1512 4364 super
1533 4257 1711 4336 omnibus
1732 4258 2011 4353 uinculis-suis,-

592 4390 703 4482 alius,
720 4392 824 4498 quod
841 4391 953 4499 aliqui
969 4390 1016 4467 de
1030 4388 1189 4467 testibus
1205 4387 1293 4465 dicti
1309 4388 1453 4466 domiui
1473 4388 1667 4465 examinati
1684 4388 1839 4469 fuerunt
1855 4391 2013 4471 iucom-

593 4522 717 4613 muui‚
735 4540 773 4601 et
791 4550 869 4600 non
885 4520 1134 4630 singulariter,
1153 4544 1266 4628 super
1286 4518 1477 4628 aliquibus
1495 4519 1662 4598 articulis
1681 4520 1770 4598 dicti
1791 4521 1950 4614 domiui,
1974 4535 2012 4601 et

591 4653 664 4733 hoc
682 4682 752 4762 per
771 4654 1028 4761 iusipienciam
1046 4653 1274 4731 auditorum.

646 4786 843 4866 Dominica
863 4787 902 4861 in
923 4784 1018 4862 sesto
1041 4784 1141 4861 beati
1156 4779 1321 4891 Georgii.

647 4916 754 4995 Greci
775 4916 986 5025 reportavit.

647 5046 755 5127 Facta
769 5048 842 5127 fuit
861 5076 975 5155 super
989 5048 1063 5126 hoc
1078 5045 1292 5125 commissio
1306 5062 1346 5122 et
1364 5044 1536 5154 inquesta
1554 5046 1722 5157 remissa.

648 5308 691 5385 V.
724 5308 837 5400 Cum,
852 5311 891 5385 in
906 5332 1015 5389 eausa
1029 5327 1151 5400 mota,
1172 5330 1297 5387 coram
1312 5310 1503 5416 preposito
1516 5310 1725 5404 Parisiensi‚
1738 5311 1843 5388 inter
1857 5308 2008 5387 Petnm

595 5433 641 5511 de
653 5436 796 5529 Plaalli‚
809 5440 986 5534 militem,
1000 5471 1043 5521 er
1054 5470 1127 5521 una
1138 5456 1260 5549 parte,
1275 5454 1314 5517 et
1325 5440 1480 5521 Petrum
1488 5444 1673 5533 berharii,
1687 5470 1731 5521 er
1743 5440 1874 5531 altem,
1886 5438 2009 5518 dionis

1831 5594 1884 5661 80.
