5817 7292
1040 1085 1309 1194 ruoutrus
1334 1105 1399 1176 nr
1425 1083 1629 1178 esoces.
1972 1107 2044 1178 297

627 1248 713 1324 darn
731 1245 827 1323 scala
844 1239 1057 1355 pergentes
1073 1247 1163 1324 dicti
1178 1245 1327 1324 comitis
1339 1246 1388 1324 de
1403 1274 1501 1324 novo
1517 1245 1638 1354 posita
1657 1243 1798 1321 invilla
1814 1245 1861 1323 de
1877 1245 2045 1338 Autolio,
2085 1259 2214 1314 eruum
2229 1261 2272 1322 tv,

624 1377 817 1458 turbando
837 1393 876 1452 et
895 1361 1140 1484 impediendo
1160 1377 1304 1456 dictum
1325 1378 1490 1485 priorem
1512 1377 1551 1453 in
1571 1403 1637 1454 sua
1656 1375 1789 1456 saisina
1808 1377 1882 1454 alte
1898 1377 2047 1484 justicie
2149 1351 2210 1394 Μ’

625 1511 666 1586 in
683 1508 782 1586 dicta
796 1507 882 1584 villa
898 1527 936 1585 et
950 1509 1032 1615 ejus
1046 1509 1305 1616 pertinenciis,
1324 1527 1571 1602 amoveretur,
1588 1523 1627 1585 et
1640 1507 1746 1613 quod
1760 1506 1831 1584 alie
1850 1508 2045 1598 novitates,

625 1639 734 1717 sicuti
749 1639 946 1716 scindendi
962 1642 1113 1718 arbores
1128 1640 1168 1716 in
1180 1641 1303 1719 viariis
1320 1640 1417 1718 dicte
1433 1639 1543 1728 ville,
1560 1669 1628 1747 per
1642 1638 1786 1716 dictum
1803 1638 1980 1716 comitem
2002 1641 2049 1718 de
2121 1664 2125 1678 ’

625 1798 722 1849 novo
743 1769 857 1863 facte,
880 1771 928 1849 ad
951 1789 1090 1850 statum
1111 1771 1284 1878 debitum
1307 1773 1592 1860 reducerentur,
1615 1787 1856 1878 procuratore
1877 1770 2049 1849 dictico-

625 1901 727 1978 mitis
745 1901 784 1976 in
805 1901 1035 1978 contrarium
1055 1919 1292 2007 proponente
1318 1920 1357 1979 et
1375 1919 1528 2009 petente
1548 1901 1653 2009 quod
1673 1899 1770 1978 scala
1789 1899 1827 1976 in
1848 1901 1944 1978 dicta
1962 1901 2051 1978 vitta
2077 1974 2079 1982 ,
2198 1915 2202 1922 ’

624 2060 693 2138 per
713 2059 777 2110 eos
801 2032 921 2136 posita
941 2030 1083 2108 ibidem
1111 2050 1343 2124 remaneret,
1372 2048 1411 2108 et
1430 2032 1535 2138 quod
1555 2032 1677 2110 dictus
1703 2058 1830 2110 comes
1852 2030 1892 2108 in
1917 2032 2050 2108 saisina

625 2162 723 2238 dicte
742 2161 911 2266 justicie,
936 2178 1127 2268 tamquam
1148 2160 1361 2242 castellanie
1380 2161 1754 2254 Feritatis·Millonis,
1779 2179 1987 2251 remaneat,
2014 2181 2051 2240 et

624 2292 729 2398 quod
748 2320 881 2370 manus
900 2293 1044 2371 domini
1060 2293 1170 2401 Regis
1190 2294 1238 2372 ad
1251 2294 1544 2401 requisicionem
1563 2293 1652 2372 dicti
1670 2294 1806 2400 prioris
1821 2293 1964 2373 ibidem
1985 2323 2050 2401 po

625 2422 712 2510 sita,
735 2441 970 2502 amoveatur:
990 2423 1075 2503 Visa
1096 2424 1285 2531 inquesta,
1305 2425 1511 2531 superbiis
1531 2425 1578 2502 de
1598 2425 1775 2502 mandato
1790 2442 1921 2502 nostro
1939 2425 2049 2511 facta,

627 2554 715 2658 quia
737 2556 930 2632 inventum
953 2572 1008 2632 est
1027 2554 1258 2633 sufficienter
1281 2557 1483 2663 probatum
1507 2556 1652 2632 dictum
1672 2555 1836 2661 priorem
1861 2571 1899 2631 et
1918 2557 2051 2660 prede-

626 2712 792 2761 cessores
811 2714 900 2762 suos
924 2713 1004 2762 esse
1025 2701 1063 2761 et
1082 2684 1200 2762 fuisse¹
1216 2685 1255 2760 in
1276 2686 1411 2762 saisina
1431 2686 1599 2791 predicte
1615 2685 1767 2790 justicie
1786 2686 1825 2762 in
1847 2685 1945 2763 dicta
1959 2687 2050 2763 villa

627 2830 665 2888 et
688 2813 769 2922 ejus
788 2809 1047 2919 pertinenciis,
1066 2843 1133 2918 per
1153 2814 1257 2890 curie
1277 2831 1405 2893 nostre
1420 2814 1627 2921 judicium,
1650 2813 1794 2890 dictum
1813 2813 1885 2890 suit
1904 2816 2052 2920 predic-

626 2961 709 3020 tum
724 2944 890 3048 priorem
906 2942 1046 3020 debere
1060 2971 1254 3020 remanere
1271 2943 1310 3018 in
1323 2943 1490 3049 predicta
1505 2942 1641 3020 saisina
1655 2941 1887 3050 altejusticie
1901 2945 1940 3018 in
1954 2944 2051 3023 dicta

513 3087 517 3100 “
627 3073 715 3150 villa
735 3092 772 3150 et
788 3074 871 3180 ejus
884 3073 1141 3180 pertinenciis,
1159 3091 1198 3151 et
1211 3076 1317 3181 quod
1335 3074 1607 3181 impedimenta
1621 3075 1808 3180 predicta,
1825 3104 1893 3182 per
1907 3075 2051 3154 dictum

628 3204 805 3282 comitem
825 3222 864 3281 et
883 3204 965 3312 ejus
983 3222 1112 3312 gentes
1132 3205 1171 3280 in
1187 3205 1368 3311 predictis
1387 3205 1572 3310 apposita,
1593 3204 1686 3280 inde
1705 3206 1992 3294 amovebuntur,
2013 3226 2052 3284 et

628 3334 732 3440 quod
754 3333 919 3442 predicta
937 3336 986 3411 ad
1007 3361 1159 3412 manum
1180 3352 1344 3412 nostram
1366 3336 1486 3442 posita
1507 3333 1632 3412 eidem
1650 3333 1768 3439 priori
1788 3334 2052 3414 deliberabunt-

625 3483 701 3553 tur,
722 3465 820 3543 salva
840 3466 941 3544 dicto
961 3466 1107 3554 comiti,
1130 3466 1169 3542 in
1190 3467 1385 3572 predictis,
1405 3466 1604 3574 questione
1625 3465 1880 3572 proprietatis·

674 3598 791 3674 ‘Lune
812 3596 992 3704 predicta.

685 3727 811 3804 Monoi
830 3726 1042 3832 reportavit.

685 3988 843 4069 XXXVI.
874 3990 996 4094 Super
1014 4019 1060 4068 eo
1081 3990 1188 4096 quod
1206 3989 1436 4068 Guilletmus
1448 3989 1686 4067 Trousselier
1703 3990 1898 4068 dicebatur
1912 3991 2053 4070 violen·

629 4137 688 4194 ter
702 4119 869 4224 rapuisse
884 4135 922 4196 et
937 4120 1152 4228 cognovisse
1167 4106 1410 4199 Petronillam
1424 4121 1459 4197 la
1474 4120 1677 4209 Testaude,
1692 4147 1846 4198 uxorem
1859 4121 2051 4201 Guilletmi
2096 4119 2111 4136 ”

630 4249 778 4342 Fortin,
793 4266 832 4325 et
843 4277 956 4354 super
966 4249 1039 4327 hoe
1050 4278 1090 4328 se
1102 4251 1312 4357 pacificasse
1326 4279 1412 4327 cum
1421 4251 1609 4342 Jobanne,
1626 4251 1784 4359 Hngone
1798 4269 1836 4328 et
1845 4250 2052 4330 Guillelnto

631 4381 809 4465 Testauz,
825 4377 1001 4456 iratribus
1021 4379 1119 4457 dicte
1136 4380 1359 4472 Petronille,
1375 4408 1444 4486 per
1460 4381 1769 4487 compromissum
1782 4377 1924 4458 ¹factum
1941 4407 2074 4486 super¹

632 4509 705 4587 hoc
724 4510 823 4586 inter
837 4525 977 4615 partes,
994 4509 1074 4616 ipse
1090 4510 1380 4617 positusssuisset
1396 4513 1443 4589 ad
1464 4511 1653 4588 racionem
1672 4539 1741 4618 per
1757 4512 2053 4590 commissarium

633 4669 653 4714 a
672 4639 830 4717 do'mino
849 4642 950 4745 Rege
968 4639 1007 4716 in
1026 4639 1102 4718 illis
1120 4642 1292 4746 partibus
1307 4642 1529 4748 deputatum
1548 4643 1597 4720 ad
1611 4641 1728 4722 finem
1746 4643 1971 4720 emendandi
1987 4643 2054 4721 do-

575 4750 580 4760 *
632 4771 738 4848 mino
750 4770 842 4879 Regi
856 4770 996 4848 factum
1009 4772 1238 4878 predictum,
1255 4790 1311 4862 et,
1324 4774 1404 4880 ipse
1419 4773 1593 4883 negando
1610 4774 1915 4881 dictumraptum
1928 4791 1965 4852 et
1976 4775 2054 4852 vio-

634 4901 791 4978 lenciam
820 4901 1049 5008 predictam,
1075 4904 1276 4982 asserendo
1302 4905 1418 4982 eciam
1442 4905 1549 5011 quod
1574 4904 1718 4982 dictum
1742 4905 2052 5012 compromissum

633 5030 772 5109 fecerat
785 5061 862 5110 non
877 5051 1123 5139 spontaneus,
1142 5033 1210 5112 sed
1224 5036 1442 5141 compulsus
1455 5034 1504 5112 ad
1519 5036 1592 5114 hoc
1608 5063 1677 5142 per
1693 5033 1939 5117 senescallum
1954 5036 2054 5112 Xan-

633 5177 832 5240 tonensem
847 5180 885 5240 et
899 5182 1031 5270 gentes
1048 5193 1152 5257 suas,
1169 5165 1424 5273 requisivisset
1436 5166 1544 5272 quod
1561 5193 1672 5274 super
1688 5166 1909 5244 hiisveritas
1929 5166 2054 5271 inqui-

636 5310 792 5381 reretur,
806 5312 884 5371 tam
898 5324 965 5402 per
978 5295 1118 5374 dictam
1126 5296 1371 5376 Petronillam
1384 5325 1497 5405 quam
1510 5326 1578 5404 per
1591 5295 1684 5376 alios
1695 5299 1850 5406 probast
1863 5289 2052 5384 Tandem,

637 5421 809 5528 inquesta
827 5454 941 5532 super
961 5428 1034 5508 boc
1052 5427 1147 5506 facta
1163 5427 1240 5506 visa
1262 5446 1302 5506 et
1320 5428 1523 5538 diligenter
1541 5429 1758 5519 examinata,
1775 5427 1875 5503 idem
1897 5420 2054 5502 Guillel·

723 5596 774 5638 tes
795 5597 876 5640 0111.
900 5601 945 5642 ttt.
1861 5650 1864 5655 ,
1885 5576 1925 5636 38
