5817 7292
1046 1103 1313 1212 snoubrns
1340 1123 1402 1194 nr
1430 1105 1638 1196 rnocrs.
1937 1199 1946 1211 ,
2006 1123 2054 1193 sc

635 1261 1076 1372 possessionedictorum
1096 1282 1302 1342 castrorum
1323 1263 1370 1342 de
1392 1261 1569 1341 Cressaco
1591 1259 1695 1340 etde
1713 1260 2054 1340 Sancto-Mederdo
2093 1271 2223 1328 Pensm
2237 1273 2280 1338 IV,

635 1413 674 1472 et
696 1395 852 1486 mansis,
877 1393 991 1486 villis,
1015 1397 1125 1474 terris
1148 1411 1185 1472 et
1208 1394 1449 1502 pertinenciis
1476 1393 1653 1472 omnibus
1679 1408 1717 1468 et
1741 1393 1897 1500 singulis
1922 1421 2053 1470 eorum
2157 1365 2219 1406 ’Μ’

633 1528 672 1603 in
701 1527 824 1632 primo
845 1525 1014 1633 judicato
1042 1525 1239 1617 contentis,
1268 1554 1344 1631 que
1373 1523 1532 1632 predicti
1561 1523 1758 1629 episcopus
1786 1522 1992 1603 Maurellus
2018 1542 2056 1601 et

635 1655 849 1745 Gilbenus,
880 1673 1012 1734 tenent
1039 1656 1098 1736 vel
1124 1674 1329 1735 tenuerimt
1358 1675 1445 1763 post
1463 1673 1613 1762 tempus
1631 1654 1790 1763 judicati
1811 1653 1986 1760 predicti,
2012 1684 2055 1729 ex

563 1887 570 1901 1
633 1817 731 1865 nunc
752 1815 831 1865 esse
850 1787 1116 1877 resaisiendos,
1138 1803 1176 1866 et
1195 1788 1243 1864 ad
1261 1787 1546 1866 restitucionem
1567 1786 1754 1864 dictorum
1775 1801 1981 1862 castrorum
2002 1787 2057 1890 ip-

633 1947 693 1996 sos
707 1919 926 2025 episcoprun
938 1917 1222 2008 Caturcensem,
1239 1917 1480 1997 Gilebertum
1493 1919 1691 2008 lobannis,
1709 1916 1886 2005 militem,
1901 1934 1938 1992 et
1953 1917 2056 1994 Mau-

631 2049 766 2126 rellum
792 2047 1088 2154 compellendos,
1120 2075 1266 2126 necnon
1293 2050 1342 2125 ad
1365 2049 1648 2127 restitucionem
1673 2048 1843 2127 omnium
1866 2044 2056 2125 bonorum

631 2208 705 2284 que
725 2179 764 2254 in
786 2179 894 2256 dictis
913 2177 1041 2257 castris
1061 2178 1267 2256 existebant
1285 2195 1458 2284 tempore
1478 2178 1715 2285 spoliacionis
1735 2195 1773 2255 et
1792 2177 2057 2255 dissaisicionis

630 2307 901 2415 predictarum,
925 2337 993 2414 per
1017 2309 1137 2388 dictos
1161 2306 1397 2388 Gilebertum
1423 2326 1461 2386 ct
1485 2308 1729 2397 Maurellum,
1753 2326 1797 2386 ut
1817 2308 1967 2397 dicitur,
1988 2307 2058 2384 fao

630 2457 767 2530 tarum,
792 2439 1017 2548 seuvalorr's
1033 2440 1277 2532 corumdem,
1292 2457 1492 2546 postquam
1510 2439 1558 2518 de
1578 2440 1687 2518 dictis
1702 2440 1928 2529 excessibus,
1945 2440 2056 2516 bonis

631 2587 668 2646 et
688 2570 813 2648 valore
839 2572 1062 2648 eorumdem
1088 2571 1296 2650 constiterit
1320 2587 1596 2677 competenter,
1620 2588 1664 2648 ut
1686 2589 1813 2648 autem
1838 2599 1951 2677 super
1973 2599 2057 2676 pre-

630 2699 752 2776 missis
777 2699 987 2778 excessibus
1012 2701 1203 2791 ethonis,
1226 2701 1310 2778 sciri
1336 2701 1486 2806 plenius
1510 2700 1628 2777 valeat
1647 2700 1782 2778 veritas
1799 2699 1903 2790 facti,
1923 2717 1962 2775 et
1981 2728 2055 2805 que

630 2857 726 2935 pena
740 2857 808 2908 seu
829 2831 990 2906 emenda
1010 2847 1050 2906 et
1066 2831 1124 2906 cui
1143 2829 1257 2906 fuerit
1273 2857 1342 2934 pro
1356 2829 1471 2906 tantis
1487 2828 1714 2919 excessibus,
1732 2832 1763 2904 si
1781 2828 1829 2904 de
1849 2829 1903 2904 eis
1917 2830 2056 2906 consti-

629 2959 733 3049 terit,
747 2959 994 3066 imponenda,
1008 2959 1224 3036 ordinatum
1240 2959 1360 3035 extitit
1371 2959 1608 3064 pereundam
1621 2957 1761 3035 curiam
1773 2976 1941 3035 nostram
1952 2959 2056 3064 quod

630 3091 707 3169 duo
722 3089 830 3196 probi
848 3091 1009 3170 viribon
1026 3090 1186 3198 suspecti
1202 3090 1401 3168 mittentur
1415 3091 1464 3168 ad
1478 3089 1561 3167 loca
1576 3088 1803 3195 supradicta,
1820 3089 1902 3195 qui,
1919 3088 2056 3165 vocatis

630 3221 846 3310 evocandis,
874 3251 988 3328 super
1014 3221 1124 3299 dictis
1149 3221 1359 3298 excessibus
1385 3238 1423 3298 et
1446 3220 1576 3309 bonis,
1604 3221 1653 3296 de
1676 3247 1772 3297 novo
1795 3219 1988 3325 inquirent
2007 3220 2055 3296 de

627 3352 742 3458 plano
768 3379 853 3428 cum
881 3351 1082 3460 diligencia
1110 3351 1320 3440 veritatem,
1348 3351 1453 3429 omni
1487 3348 1743 3457 appellacione
1768 3367 1949 3441 cessante,
1977 3378 2055 3426 non

628 3480 865 3560 obstantibus
879 3481 1130 3587 processibus,
1151 3481 1353 3559 sentenciis
1367 3509 1433 3558 seu
1448 3479 1769 3586 appellacionibus
1780 3479 1975 3586 predictis,
1990 3480 2056 3586 qui

628 3641 760 3692 omnes
780 3639 824 3690 ex
843 3612 898 3690 eis
921 3613 1071 3690 arrestis
1090 3629 1128 3689 et
1142 3613 1322 3721 judicatis
1340 3613 1443 3690 curie
1467 3629 1593 3689 nostre
1616 3610 1774 3689 fuerunt
1794 3639 1863 3716 per
1883 3612 2053 3718 ejusdem

629 3744 731 3820 curie
748 3759 874 3823 nostre
887 3743 1077 3850 judicium
1093 3743 1245 3849 penitus
1261 3742 1437 3834 anullati;
1455 3743 1540 3820 etsi
1558 3743 1679 3820 dictus
1696 3742 1909 3849 episcopus,
1927 3760 2054 3820 contra

629 3901 697 3950 nos
709 3872 767 3950 vel
780 3891 908 3952 contra
922 3893 1067 3980 partem
1082 3876 1290 3966 adversam,
1306 3874 1431 3981 aliqua
1444 3901 1658 3980 proponere
1674 3871 1849 3964 voluerit,
1866 3872 2051 3949 audietur.

630 4003 739 4081 Anno
761 4007 1027 4084 trecentesimo
1046 4007 1182 4112 primo.

685 4131 848 4210 Sabbato
870 4156 954 4212 ante
974 4137 1113 4215 festum
1129 4137 1230 4216 beati
1251 4136 1472 4219 Clementis.

684 4403 743 4478 IX.
775 4403 951 4509 lnquesta
970 4401 1064 4480 facta
1085 4430 1199 4508 super
1218 4401 1291 4478 alta
1306 4401 1459 4508 justicia
1480 4400 1589 4479 castri
1610 4403 1657 4479 de
1678 4399 1862 4481 Porciauo
1883 4419 1921 4478 et
1945 4404 2058 4508 perti-

627 4534 846 4612 nenciamm
872 4532 969 4640 ejus,
998 4533 1097 4610 inter
1126 4531 1344 4610 Guidonem
1377 4532 1425 4611 de
1458 4535 1608 4639 Ruppe,
1638 4531 1821 4623 militem,
1853 4533 2055 4612 dominum

627 4663 918 4772 Posqueriarum
935 4680 974 4741 et
989 4663 1037 4744 de
1052 4664 1246 4757 Porcinio,
1266 4693 1309 4742 ex
1326 4694 1403 4742 una
1418 4681 1541 4771 parte,
1559 4682 1598 4741 et
1611 4679 1894 4771 procuratorem
1909 4665 2055 4744 domini

627 4795 736 4903 Regis
752 4795 791 4874 in
802 4795 1021 4875 senescallia
1037 4795 1280 4886 Carcassone,
1299 4826 1340 4876 ex
1356 4796 1445 4888 alia,
1466 4795 1541 4875 visa
1556 4812 1595 4873 et
1614 4796 1817 4906 diligenter
1831 4797 2052 4890 examinata,

628 4925 772 5005 dictum
797 4927 886 5020 tuit,
910 4955 979 5035 per
1001 4928 1161 5016 curiam,
1186 4929 1292 5036 quod
1319 4929 1500 5007 dominus
1518 4930 1596 5005 Rex
1618 4927 1832 5006 remanebit
1857 4929 1897 5004 in
1921 4928 2056 5005 saisina

627 5056 725 5136 dicte
750 5059 824 5140 alte
840 5060 1011 5167 justicie,
1035 5058 1131 5138 salva
1153 5060 1254 5138 dicto
1274 5060 1443 5140 Guidoni
1464 5059 1665 5167 questione
1684 5060 1924 5168 proprietatis
1943 5088 2056 5166 super

625 5186 713 5282 boc,
736 5219 823 5268 oum
840 5191 889 5270 de
906 5219 949 5269 ea
962 5191 1123 5272 voluerit
1138 5191 1310 5299 experiri.

684 5321 790 5400 Luna
806 5339 894 5400 ante
911 5323 1144 5402 nativitatem
1158 5321 1257 5400 beati
1278 5321 1460 5404 lobannis
1478 5322 1658 5428 Baptista.

682 5451 732 5527 M.
748 5455 791 5532 R.
810 5454 859 5532 de
874 5453 1057 5533 Mellento
1072 5454 1287 5558 reportavit.
