5817 7292
1064 1112 1331 1220 snoutrns
1358 1132 1422 1205 ur
1450 1116 1657 1208 nnoccs.
2001 1136 2068 1209 nt

651 1269 739 1347 dato
764 1271 868 1349 curie
891 1286 1018 1349 nostre
1039 1300 1153 1379 super
1170 1273 1365 1380 predictis,
1387 1275 1462 1351 visa
1481 1291 1520 1351 et
1540 1274 1742 1383 diligenter
1762 1274 1984 1367 examinata,
2005 1306 2074 1353 au·
2112 1286 2244 1342 aarum
2256 1286 2301 1351 tv,

649 1400 814 1506 ditisque
825 1402 1041 1481 nacionibus
1053 1404 1141 1482 hinc
1154 1421 1192 1481 et
1204 1405 1293 1482 inde
1303 1406 1602 1512 propositis,per
1614 1405 1717 1483 curie
1729 1422 1856 1483 nostre
1865 1406 2071 1512 judicium,
2173 1379 2237 1423 Μ’

649 1530 794 1609 dictum
819 1532 891 1609 suit
915 1550 952 1610 et
976 1535 1265 1639 pronunciatum
1289 1566 1359 1615 nos
1384 1553 1421 1615 et
1442 1538 1632 1645 predictos
1652 1536 1827 1613 homines
1845 1535 2075 1615 sufficienter

649 1661 825 1766 probasse
852 1664 1109 1751 intencionem
1131 1685 1318 1757 nostram,
1341 1685 1380 1745 et
1402 1668 1543 1747 debere
1562 1695 1758 1746 remanere
1777 1666 1816 1743 in
1836 1666 1970 1743 saisina
1988 1696 2075 1773 pre·

651 1794 860 1885 dictorum,
885 1797 985 1874 salvo
1009 1814 1135 1877 tamen
1164 1800 1202 1876 in
1226 1800 1404 1907 predictis
1423 1800 1511 1907 jure
1535 1799 1774 1907 proprietatis
1795 1798 2075 1905 archiepiscopo

649 1925 830 2028 predicto.

705 2058 880 2134 Mercurii
898 2075 983 2163 post
1003 2061 1301 2139 Penthecostem.

704 2318 863 2399 xxvltt.
894 2322 935 2395 In
956 2348 1064 2399 causa
1086 2348 1159 2427 que
1175 2350 1300 2399 coram
1322 2321 1447 2428 priore
1468 2323 1517 2400 de
1535 2324 1671 2429 Brayo,
1693 2350 1806 2427 super
1828 2322 1965 2400 saisina
1980 2350 2077 2426 quo·

649 2448 823 2525 rumdam
844 2450 1034 2527 bonorum
1059 2452 1331 2542 immobilium,
1353 2453 1569 2531 vertebatur
1588 2452 1689 2530 inter
1705 2480 1873 2531 sororem
1893 2453 2008 2529 Evam
2028 2452 2076 2529 de

649 2578 766 2655 Ponte
791 2597 829 2656 et
852 2579 934 2686 ejus
955 2610 1119 2671 sorores,
1143 2610 1186 2659 ex
1209 2611 1284 2661 una
1303 2601 1424 2688 parte,
1448 2599 1487 2660 et
1508 2600 1655 2660 tutores
1681 2582 1888 2661 liberorum
1909 2582 2076 2661 defuncti

649 2708 845 2814 Regioaldi
865 2711 990 2800 Ridel,
1014 2742 1058 2789 cx
1081 2710 1214 2801 altera,
1237 2713 1360 2790 dictus
1383 2714 1488 2817 prior
1507 2713 1681 2790 saisinam
1700 2714 1910 2818 predictam
1928 2711 2078 2817 adjudi-

651 2839 744 2914 cavit
761 2841 953 2917 tutoribus
968 2842 1163 2947 predictis3
1184 2871 1300 2948 aquo
1315 2842 1502 2949 judicato,
1523 2859 1716 2947 tamquam
1736 2871 1758 2919 a
1777 2841 1870 2919 falso
1890 2858 1928 2919 et
1944 2869 2074 2947 pravo,

652 2969 749 3046 dicte
768 2998 914 3047 sorores
933 2972 1215 3079 appellaverunt
1234 2973 1281 3048 ad
1303 2973 1538 3079 prepositum
1558 2973 1892 3060 silvanectensem,
1912 2972 1977 3077 qui
1998 3000 2077 3077 pre-

649 3099 795 3205 positus
816 3101 960 3180 dictum
975 3104 1190 3210 judicatum
1208 3102 1488 3182 sentencialiter
1506 3102 1760 3195 confirmavit;
1779 3132 1800 3179 a
1818 3103 1925 3210 cujus
1941 3100 2078 3179 confir-

649 3232 821 3311 macione
841 3232 941 3310 dicta
959 3262 1107 3313 sorores
1126 3234 1175 3311 ad
1187 3234 1369 3313 ballivum
1387 3233 1703 3313 silvanectensem
1719 3235 1855 3311 iterato
1869 3232 2076 3340 appellave-

650 3380 755 3453 runt,
773 3364 840 3469 qui
860 3362 1020 3443 ballivus
1031 3365 1244 3471 judicatum
1264 3381 1302 3443 et
1320 3365 1650 3452 confirmacionem
1670 3364 1860 3470 predictos
1878 3392 1946 3470 per
1964 3392 2076 3443 suum

645 3493 833 3601 judicium
846 3496 1058 3573 infirmavit.
1072 3496 1104 3573 A
1117 3496 1224 3603 cujus
1235 3496 1362 3573 ballivi
1371 3497 1557 3604 judicato,
1570 3512 1751 3602 tanquam
1761 3525 1783 3572 a
1793 3494 1889 3573 salso
1899 3513 1937 3573 et
1946 3522 2075 3602 pravo,

652 3625 741 3703 dicti
760 3642 905 3704 tutores
925 3627 972 3705 ad
993 3644 1159 3705 nostram
1178 3628 1321 3706 curiam
1341 3627 1644 3735 appellaverunt:
1661 3625 1886 3706 Constitutis
1904 3626 2020 3732 igitur
2038 3626 2078 3702 in

652 3756 756 3833 curia
767 3774 894 3835 nostra
907 3757 1016 3838 dictis
1027 3759 1196 3863 partibus
1210 3760 1249 3837 in
1263 3788 1372 3837 causa
1385 3758 1668 3865 appellacionis,
1682 3758 1849 3864 predicte
1864 3756 2077 3860 auditisque

652 3886 866 3965 racionibus
887 3890 1125 3971 earumdem,
1145 3907 1183 3967 et
1197 3892 1285 3968 visis
1303 3888 1543 3995 processibus
1558 3888 1772 3976 antedictis,
1788 3914 1857 3993 per
1872 3886 1975 3963 curie
1989 3912 2078 3963 nos-

652 4034 709 4095 tre
723 4016 928 4124 judicium,
951 4020 1095 4097 dictum
1115 4020 1188 4098 luit
1205 4022 1395 4126 predictos
1413 4020 1579 4125 priorem
1598 4034 1636 4095 et
1653 4016 1888 4124 prepositum
1907 4013 2005 4091 male
2020 4014 2078 4121 ju·

654 4148 811 4237 dicasse,
835 4166 874 4227 et
895 4150 1013 4229 dictas
1030 4179 1178 4229 sorores
1199 4152 1298 4231 bene
1318 4150 1540 4257 appellasse,
1564 4146 1784 4253 dictumque
1805 4144 1987 4223 ballivum
2009 4136 2092 4248 pro'
2188 4236 2194 4243 Ι

655 4278 765 4357 dictis
779 4278 972 4359 sororibus
986 4281 1085 4360 bene
1099 4282 1303 4388 judicasse,
1320 4296 1359 4360 et
1375 4279 1564 4386 predictos
1577 4294 1724 4356 tutores
1738 4277 1835 4355 male
1854 4274 2076 4383 appellasse,

655 4424 696 4484 et
712 4409 817 4515 quod
835 4409 924 4487 dicti
943 4412 1048 4516 prior
1066 4426 1105 4490 et
1122 4429 1268 4491 tutores
1286 4412 1359 4491 hoc
1379 4408 1649 4487 emendabunt.

711 4542 868 4622 Veneris
884 4558 971 4648 post
989 4544 1288 4623 Penthecostem.

711 4672 837 4751 Monci
852 4672 1063 4781 reportavit.

711 4934 838 5011 XXIX.
858 4934 1059 5015 Processus
1072 4936 1111 5013 in
1125 4964 1234 5018 causa
1246 4936 1513 5045 appellacionis
1526 4937 1627 5015 inter
1635 4932 1839 5012 Ysabellim
1852 4960 2001 5040 parvam
2016 4932 2081 5011 do

655 5064 815 5157 minam,
833 5081 872 5145 et
884 5068 928 5145 R.
944 5067 1164 5147 Barberium
1180 5086 1218 5146 et
1235 5069 1315 5177 ejus
1331 5068 1556 5175 gerandum,
1572 5068 1624 5145 M.
1641 5066 1876 5173 Stephanum
1890 5062 1939 5141 de
1952 5063 2077 5143 Acon:

656 5194 892 5302 pacificatum
913 5215 969 5277 est
991 5198 1193 5287 intereos,
1216 5216 1334 5307 prout
1349 5200 1400 5277 M.
1421 5200 1464 5277 R.
1477 5198 1539 5277 de
1559 5196 1716 5305 Folleyo
1739 5194 1856 5273 michi
1879 5196 2081 5301 reportavit

657 5327 705 5405 de
723 5329 908 5435 requestis
923 5360 1017 5438 quas
1035 5328 1230 5419 audiebam
1252 5348 1291 5409 et
1310 5328 1425 5407 michi
1444 5329 1619 5408 redditus
1638 5326 1711 5406 fuit
1729 5326 1853 5403 dictus
1870 5352 2077 5431 processus.

714 5458 784 5537 Die
798 5458 932 5537 ultima
952 5460 1052 5539 Maii.
