5817 7292
881 1063 954 1136 510
1460 1059 1551 1135 Lus
1581 1059 1722 1134 OLlM.

654 1217 838 1280 emissem,
872 1203 1073 1314 predictis,
1100 1201 1340 1310 apposicione
1358 1201 1467 1284 dicte
1491 1231 1625 1284 manus
1651 1219 1778 1282 nostre
1801 1229 1880 1282 non
1906 1203 2102 1298 obstuntm
2127 1237 2148 1288 a
2171 1212 2313 1321 quilius

716 1311 778 1356 1³10.

878 1365 1015 1422 manus
1042 1335 1274 1416 emovicione
1302 1335 1615 1444 repermissione.
1638 1353 1860 1445 procmntor
1885 1353 2017 1416 noster
2041 1341 2234 1447 predictus
2262 1348 2313 1425 nd

877 1486 1044 1550 nostram
1071 1457 1212 1546 curium
1236 1465 1449 1574 appellavit,
1466 1466 1715 1575 judicemque
1737 1467 1777 1544 in
1797 1468 1896 1548 dicte
1918 1469 2186 1578 appellucionis
2203 1505 2312 1557 cause

877 1600 1106 1708 impetravit,
1122 1598 1204 1706 qui,
1223 1597 1374 1704 cognito
1392 1597 1690 1692 dediceram,
1708 1600 1885 1694 eundem,
1900 1604 2190 1711 compartibus,
2212 1609 2310 1690 dicte

878 1733 980 1812 curie
997 1747 1141 1820 nostre,
1153 1728 1302 1812 remisit
1315 1729 1538 1810 instructam
1555 1729 1732 1809 :Auditis
1750 1732 1932 1840 igitur,=in
1947 1735 2050 1814 curie
2063 1754 2206 1830 nostra,
2222 1769 2309 1846 pro·

876 1864 1113 1947 curatoribus
1131 1879 1261 1946 nostro
1276 1880 1325 1941 ¹et
1348 1860 1439 1940 dieti
1462 1861 1644 1971 episcopi,
1666 1862 1828 1972 visisque
1852 1865 2056 1976 diligenter
2073 1872 2309 1976 processibus

873 1995 1113 2104 supradictis,
1127 2025 1195 2103 per
1209 1992 1308 2076 dicte
1319 1993 1421 2072 curie
1434 2011 1562 2074 nostre
1572 1995 1761 2103 judicium
1771 1997 1941 2086 ,dictum
1952 1998 2041 2091 luit,
2058 2019 2212 2109 propter
2226 2003 2310 2110 plu-

875 2157 936 2210 res
960 2127 1142 2206 deffectus
1169 2128 1208 2208 in
1234 2153 1411 2235 processu
1437 2126 1537 2206 dicte
1565 2156 1676 2206 muse
1704 2127 1923 2236 principalis
1950 2149 2135 2238 repertos,
2153 2134 2306 2212 dictum

873 2259 1123 2340 senescallum
1137 2259 1178 2337 in
1191 2259 1412 2368 hujusmodi
1430 2257 1530 2336 mule
1543 2260 1784 2367 processisse,
1805 2278 1844 2339 et
1863 2261 2007 2340 dictum
2022 2281 2307 2370 procuratorem

871 2412 1047 2472 nostrum
1077 2392 1175 2471 bene
1200 2390 1422 2500 appellasse,
1450 2406 1489 2468 et
1501 2440 1504 2446 ·
1517 2391 1628 2498 quod
1649 2390 1748 2471 dicte
1773 2409 1898 2500 pus-tes
1922 2394 1964 2470 in
1983 2422 2029 2472 eo
2051 2411 2150 2473 statu
2169 2395 2210 2473 in
2228 2423 2307 2502 quo

876 2543 996 2614 erent,
1017 2542 1188 2631 tempore
1211 2541 1313 2604 mote
1330 2524 1582 2602 controversie
1603 2523 1828 2630 supradicte,
1851 2526 2305 2632 reponentur,·dictarum
2410 2558 2420 2576 ·

874 2658 1039 2764 porcium
1061 2657 1099 2733 in
1121 2655 1300 2736 omnibus
1316 2655 1403 2761 jure
1422 2653 1534 2733 salvo.
1600 2695 1604 2704 ·

927 2790 967 2866 ln
982 2787 1105 2894 vigilia
1122 2785 1343 2866 Candelose.
1458 2843 1463 2850 -

929 2919 1090 3026 Mnngun
1107 2917 1322 3025 reportarit.

928 3184 1004 3264 Vll.
1036 3181 1118 3261 lite
1138 3198 1258 3269 mota,
1281 3209 1406 3260 eornm
1420 3180 1620 3289 preposito
1639 3181 1897 3273 Lruduuensi,
1918 3182 1966 3260 de
1986 3186 2165 3264 mandato
2179 3185 2305 3264 ballivi

873 3313 1196 3405 Viromandcnsis,
1222 3311 1359 3391 uirtute
1385 3313 1581 3422 cujusdem
1605 3313 1899 3408 commissionis,
1926 3315 2051 3392 eidem
2074 3315 2212 3395 ltcllivo
2237 3343 2306 3423 per

873 3447 1015 3526 curiam
1031 3457 1197 3528 nestram
1210 3443 1304 3523 fecte
1313 3507 1321 3536 ,
1331 3462 1470 3524 ,contra
1483 3445 1650 3554 priorem
1664 3446 1998 3535 Senon-Homini,
2013 3474 2187 3553 supereo
2198 3449 2304 3555 qsrod

872 3579 1062 3658 lohannes
1087 3576 1321 3666 Pilhavoine,
1346 3576 1512 3655 serviens
1535 3576 1725 3656 Gustelleti
1749 3577 1978 3666 Purisiensis,
2004 3576 2153 3656 dicebat
2178 3580 2302 3686 (prod,

872 3742 958 3792 cnm
978 3712 1073 3820 ipse,
1096 3711 1144 3788 de
1165 3708 1342 3788 mundato
1358 3706 1506 3819 nostros,
1523 3709 1844 3789 destinnmssosset
1858 3707 1905 3791 cd
1919 3708 2231 3817 compellendum
2247 3741 2307 3789 re·

870 3844 988 3924 belles
1002 3872 1072 3950 pro
1089 3841 1281 3922 solucione
1298 3841 1490 3921 decimalis
1504 3842 1682 3933 subsidii,
1698 3842 1752 3919 >nd
1769 3833 1973 3949 locumque
1988 3842 2305 3921 sancti-Homini

871 3977 1097 4066 accessisset,
1120 4003 1188 4082 pro
1208 3973 1475 4082 compellendo
1490 4003 1605 4083 super
1622 3975 1696 4054 hoc
1712 3991 1900 4052 rectorem
1920 3972 2077 4056 ecclesie
2096 3973 2189 4051 dicti
2211 3973 2302 4067 loci,

871 4108 974 4184 idem
989 4106 1093 4213 prior
1105 4104 1250 4184 dictum
1263 4106 1503 4196 servientem,
1521 4105 1690 4186 officium
1703 4134 1817 4185 suum
1829 4121 2083 4194 exercentem,
2102 4105 2305 4184 crudeliter

870 4236 1092 4331 verberavit,
1119 4255 1163 4316 ut
1188 4238 1351 4328 dicebat,
1378 4238 1428 4316 its
1454 4237 1560 4345 quod
1585 4236 1754 4318 officium
1780 4265 1893 4315 suum
1922 4265 2001 4316 nou
2024 4237 2152 4346 potuit
2174 4265 2305 4315 execu-

872 4369 971 4452 cisni
993 4369 1246 4450 demandare:
1264 4371 1441 4478 lnquesm
1456 4368 1573 4482 igitur
1591 4369 1754 4474 include
1769 4368 1985 4477 premissis,
2008 4384 2047 4448 et
2066 4369 2116 4447 nd
2130 4368 2305 4477 judican-

872 4502 964 4582 dum
985 4500 1235 4583 wienorne
1259 4519 1448 4609 reportate
1483 4519 1522 4580 et
1557 4500 1761 4610 diligeutm
1786 4500 1969 4609 inspecte,
1994 4499 2084 4608 quia
2106 4499 2301 4578 iuvenum

872 4633 1047 4739 estquod
1066 4632 1190 4712 dictus
1216 4633 1396 4726 servieus,
1422 4631 1627 4741 requisitus
1650 4662 1672 4710 a
1693 4632 1797 4712 dicto
1814 4631 1939 4739 priore
1960 4629 2105 4739 pluries
2122 4630 2229 4739 quod
2253 4629 2301 4708 de

870 4781 1053 4870 potestate
1078 4773 1156 4844 sue*
1171 4763 1341 4857 doceret,
1368 4764 1468 4844 illud
1491 4763 1613 4844 lacere
1632 4764 1817 4844 recusavit
1835 4781 1878 4842 et
1896 4762 2066 4871 priorem
2088 4761 2302 4871 predictum

870 4895 1102 4976 dementitus
1114 4895 1188 4975 luit
1201 4894 1414 5004 plmies„et
1424 4896 1535 5005 plura
1547 4895 1660 4975 verbu
1676 4894 1952 4978 contumeliosa
1966 4892 2093 4972 uidem
2108 4891 2220 4980 dixit,
2232 4919 2304 5000 per

868 5030 973 5108 curie
995 5045 1121 5108 nostre
1135 5027 1343 5136 judicium,
1362 5026 1437 5107 luit
1451 5028 1598 5111 dictum
1609 5027 1717 5138 quod
1734 5027 1775 5106 in
1797 5026 2019 5136 hujusmodi
2037 5024 2162 5104 ffienss
2181 5023 2299 5132 prior,

870 5178 1002 5243 contre
1016 5189 1105 5250 uos,
1123 5160 1162 5238 in
1178 5159 1308 5268 aliquo
1325 5167 1404 5246 nnn
1426 5160 1593 5240 excessis.

928 5294 970 5371 ln
989 5290 1115 5399 vigilia
1129 5289 1358 5376 Candeloee.

926 5421 1036 5502 Creci
1054 5423 1267 5529 reportavit.
