5817 7292
857 1077 932 1150 2311
1070 1121 1076 1130 ,
1426 1079 1516 1150 Lus
1546 1077 1689 1152 OLlM.

631 1223 817 1287 Pmule.
858 1215 1148 1296 dimcionisoeo
1169 1216 1430 1296 demolicicnis
1448 1218 1539 1296 dicti
1559 1216 1660 1294 trolii
1681 1245 1746 1297 seu
1764 1214 1924 1304 edificii,
1944 1214 2159 1310 solvendos,
2177 1239 2216 1300 et
2234 1222 2273 1300 iu

691 1315 755 1359 ’Μ’
855 1377 902 1426 eo
921 1349 1029 1456 quod
1051 1350 1174 1428 dictus
1192 1347 1380 1425 donalduc
1398 1349 1590 1428 edificium
1610 1347 1822 1454 pradictum
1848 1347 1887 1424 in
1912 1362 2011 1428 statu
2034 1349 2075 1429 iu
2098 1377 2175 1456 quc
2196 1371 2274 1439 eret

855 1478 939 1556 acte
966 1479 1105 1556 dictam
1127 1479 1233 1555 litem
1255 1495 1399 1556 *motam
1413 1495 1600 1586 nsponat,
1626 1479 1655 1554 si
1679 1478 1750 1556 sibi
1775 1477 1965 1558 uidebitur
1989 1479 2180 1585 expedire,
2207 1509 2274 1588 per

854 1639 964 1688 snum
980 1611 1183 1718 judicium,
1206 1609 1466 1697 confirmauit,¹
1478 1627 1516 1686 et
1536 1609 1575 1686 in
1592 1607 1725 1690 ceteris
1744 1607 1833 1691 dicti
1853 1608 2044 1694 senescalli
2060 1610 2272 1717 judicatum

854 1741 1065 1846 predictum
1085 1738 1300 1829 infirmavit,
1318 1739 1419 1817 salvo
1437 1756 1564 1816 tamon
1584 1738 1693 1816 dictis
1711 1737 1876 1820 Arnaldo
1897 1755 1935 1820 ct
1953 1741 2062 1816 Petro
2075 1739 2163 1846 jure
2182 1769 2270 1832 suo,

852 1872 1006 1977 siquod
1024 1870 1096 1976 ipsi
1115 1869 1303 1947 habebant
1316 1871 1357 1945 in
1376 1869 1461 1946 loco
1478 1849 1649 1975 predicto
1664 1885 1750 1948 onte
1769 1869 1876 1950 litem
1891 1886 2030 1951 motam
2047 1871 2267 1975 prodictam,

850 2018 926 2075 tam
947 2001 987 2075 in
1002 2000 1237 2106 possessione
1251 2029 1365 2106 quum
1383 2001 1422 2076 in
1437 1999 1681 2106 proprietate,
1700 1999 1840 2105 quibus
1855 2000 2032 2083 nolumus
2048 2028 2116 2108 por
2131 2000 2268 2085 dictam

851 2132 1079 2209 sentenciam
1099 2131 1255 2237 aliquod
1274 2130 1525 2237 prejudicium
1545 2129 1727 2237 generari.

900 2261 1082 2337 Mercurii
1103 2261 1141 2335 in
1161 2259 1256 2337 sesto
1276 2260 1384 2338 boote
1405 2262 1552 2338 Lucio·
1598 2277 1602 2290 ’

905 2390 1065 2470 Cuillior
1079 2389 1294 2495 reportavit.
1320 2432 1324 2440 ·

859 2693 864 2700 ·
893 2656 995 2733 ¹lllV.
1027 2655 1140 2742 Cum,
1155 2653 1254 2730 inter
1265 2668 1504 2744 textores,·eu
1520 2681 1595 2732 uno
1610 2671 1732 2761 pecte,
1745 2667 1786 2732 ct
1796 2649 1956 2734 lullcuos
1974 2669 2011 2730 et
2026 2655 2266 2736 tincturarice

848 2783 932 2861 ville
949 2783 1315 2874 CastriaNanthonis,
1334 2813 1380 2862 ex
1400 2784 1531 2877 ultera,
1553 2813 1668 2892 super
1683 2811 1817 2864 eorum
1839 2783 1971 2866 officiis
1990 2785 2167 2890 predictis
2185 2803 2267 2866 orto

848 2917 1038 3022 quondam
1051 2917 1255 3005 discordia,
1273 2917 1365 2995 lucto
1375 2915 1519 3006 luisset,
1534 2947 1602 3024 pcr
1612 2917 1794 2995 ballivum
1808 2934 1900 2996 tunc
1912 2917 2190 3002 Sunonensem,
2205 2945 2269 2994 ore

848 3045 994 3122 dinacio
1013 3039 1197 3152 quedam,
1214 3048 1418 3124 continens
1427 3048 1535 3154 quod
1552 3075 1685 3126 omnes
1700 3065 1738 3124 et
1756 3046 1893 3154 singuli
1913 3063 2090 3138 textores,
2104 3045 2266 3128 firlloues

847 3193 885 3251 ot
901 3175 1108 3254 tinotrnarii
1126 3175 1227 3253 dicte
1246 3175 1332 3253 villo
1342 3176 1730 3284 ‘quiormquevcllont
1747 3176 1866 3256 officia
1880 3177 2049 3282 predicta
2066 3177 2193 3258 omnio
2208 3177 2267 3256 in·

847 3305 961 3380 simul
980 3322 1021 3381 ct
1035 3330 1104 3412 per
1121 3333 1159 3383 se
1178 3306 1387 3413 quodlibet·
1394 3307 1669 3384 corum=lacere
1681 3323 1835 3412 possent
1845 3322 1886 3382 ot
1900 3333 2089 3392 excercere.
2104 3306 2263 3410 predicti

845 3432 1008 3512 fullones
1021 3453 1059 3512 ct
1069 3433 1279 3513 tincturorii
1291 3436 1526 3542 nobiscuper
1539 3438 1612 3516 hoc
1627 3435 1820 3540 conquesti
1833 3434 2001 3530 ficerunt,
2016 3433 2189 3538 pluribus
2204 3461 2263 3516 ne·

847 3564 1019 3642 cionibus
1037 3583 1289 3672 proponentes
1309 3567 1446 3644 dictam
1472 3566 1750 3644 ordinacionem
1774 3566 1816 3642 in
1837 3590 1972 3644 eorum
1999 3563 2204 3670 dampnum
2224 3582 2263 3648 et

843 3696 1111 3802 prejudicium,
1131 3713 1308 3774 otoontra
1325 3724 1436 3774 uusm
1450 3715 1492 3774 ot
1509 3695 1821 3777 consuendinom
1839 3694 1938 3774 dicte
1949 3692 2036 3774 villo
2052 3691 2261 3778 esdron

843 3824 1030 3912 villorum,
1046 3825 1239 3933 inquibus
1258 3828 1329 3904 hoc
1340 3827 1462 3907 officia
1477 3827 1731 3906 cmnmuniter
1742 3841 1972 3912 exercentur,
1986 3840 2025 3902 et
2036 3851 2113 3904 non
2125 3825 2262 3906 vocatio

843 3953 918 4030 illis
935 3983 1101 4061 quorum
1120 3935 1315 4046 iniecerat,
1337 3957 1469 4036 factam
1494 3956 1629 4046 fuisse,
1653 3973 1759 4064 ports
1781 3955 1969 4034 dictorum
1987 3970 2175 4036 textorum
2191 3981 2261 4060 pro

844 4083 939 4161 diota
955 4087 1373 4173 mdinotionctencuda
1387 4089 1637 4176 contrarium,
1655 4087 1785 4166 multis
1799 4087 2027 4178 nacionibus,
2048 4103 2258 4166 mente:

841 4213 988 4292 Auditis
1008 4217 1123 4324 igitur
1141 4219 1250 4297 dictis
1267 4221 1454 4326 portibus,
1477 4237 1515 4296 et
1533 4217 1628 4295 facto
1642 4219 1690 4296 dc
1709 4219 1887 4296 mondoto
1905 4235 2036 4296 nostro
2055 4243 2169 4322 super
2187 4214 2261 4296 hoc

842 4345 1012 4450 inquesta
1027 4347 1105 4424 visa
1123 4366 1163 4426 et
1184 4349 1385 4458 diligenter
1403 4350 1628 4438 examinata,
1649 4348 1876 4456 inventoque
1896 4348 2016 4426 dictos
2039 4345 2203 4430 fullones
2222 4364 2260 4428 ct

840 4473 1093 4571 tinctonarios,
1111 4506 1278 4585 qaorum
1304 4482 1498 4569 intotonat,
1524 4480 1650 4559 minus
1665 4478 1897 4557 sufficiontor
1914 4495 2062 4558 vocatos
2086 4476 2198 4556 luisse
2218 4477 2258 4556 in

841 4605 1081 4686 ordinacione
1099 4610 1283 4715 predicta,
1302 4629 1338 4688 et
1351 4611 1514 4719 quodem
1533 4610 1604 4687 alia
1618 4609 1732 4688 fuisse
1745 4611 1840 4690 inea
1854 4608 2092 4717 pretermissa
2109 4635 2184 4714 que
2196 4633 2257 4688 ou-

839 4763 907 4842 por
925 4739 1033 4816 dictis
1052 4740 1186 4820 officiis
1204 4743 1347 4820 attendi
1367 4759 1636 4820 consueverant
1652 4758 1691 4822 et
1709 4741 1914 4834 debebant,
1931 4769 1998 4848 por
2012 4737 2113 4818 curie
2128 4753 2255 4816 nostre
2372 4791 2377 4802 .

834 4867 1041 4973 judicium,
1063 4871 1257 4950 ordinacio
1272 4872 1440 4980 predicta
1454 4870 1528 4948 fuit
1542 4871 1695 4976 penitus
1709 4870 1893 4962 enullata,
1911 4887 1949 4947 et
1967 4866 2255 4978 pronunciatum

836 4997 909 5072 luit
926 5029 1009 5076 com
1029 5029 1107 5078 non
1127 5001 1269 5081 debore
1286 5003 1425 5092 teneri,
1442 5019 1482 5079 et
1499 5030 1584 5093 nos,
1604 5029 1720 5108 super
1740 4999 1873 5080 officiis
1891 4999 2068 5106 predictis
2086 5013 2125 5078 et
2141 5023 2257 5103 super

835 5127 1038 5230 punicione
1057 5131 1212 5210 illorum
1229 5134 1296 5240 qui
1316 5131 1577 5240 delinquerint
1595 5131 1635 5208 in
1655 5132 1817 5219 eisdem,
1841 5129 2119 5218 ordinabimus,
2143 5144 2256 5232 prout

836 5275 873 5335 et
891 5262 1043 5366 quomo
1061 5262 1176 5341 fucrit
1194 5281 1427 5371 oportunum
1448 5283 1487 5342 et
1505 5263 1708 5342 viderimus
1726 5260 1954 5340 laciendum.

889 5391 1064 5468 Mercurii
1085 5393 1263 5498 predicta.
