5817 7292
1074 1089 1341 1198 sacoaras
1367 1108 1430 1179 nr
1457 1089 1662 1180 Paucas.
2003 1109 2075 1180 251

655 1275 841 1326 rescussas
859 1248 1063 1357 indebitas,
1082 1249 1130 1326 de
1149 1248 1327 1357 predictis
1345 1246 1452 1326 mille
1471 1247 1578 1327 libris
1594 1248 1673 1354 jam
1693 1245 1827 1324 solutis
1846 1263 1884 1324 et
1903 1249 2080 1327 rescussis
2118 1255 2248 1312 Panare
2260 1258 2303 1320 tv,

574 1429 580 1440 ·
653 1378 869 1469 antedictis,
890 1379 1011 1458 dictus
1026 1379 1218 1468 Huardus,
1235 1407 1303 1487 per
1315 1380 1418 1458 curie
1430 1397 1558 1458 nostre
1568 1360 1775 1486 judicium,
1791 1375 1863 1454 tuit
1874 1380 2079 1458 sentencia·
2180 1349 2242 1392 lm

651 1508 739 1586 liter
753 1509 968 1601 absolutum
990 1510 1039 1588 de'
1055 1511 1169 1589 bonis
1183 1539 1271 1589 vero
1284 1509 1464 1618 predictis
1482 1537 1550 1617 per
1566 1511 1709 1588 dictum
1728 1509 1943 1596 nundum,
1961 1526 2004 1587 ut
2022 1510 2078 1587 di·

649 1640 757 1729 citur,
779 1641 973 1733 recolatis,
996 1643 1100 1720 etde
1121 1642 1295 1748 dampnis
1313 1670 1389 1750 que
1409 1642 1499 1719 dicti
1520 1640 1682 1719 heredes
1700 1655 1872 1718 asserunt
1890 1667 1929 1718 se
1951 1654 1989 1716 et
2008 1667 2076 1718 nos

648 1771 885 1859 sustinuisse,
911 1772 1061 1850 racione
1086 1773 1360 1852 combustionis
1384 1773 1504 1880 papiri
1529 1771 1706 1878 predicti,
1728 1785 1883 1877 propter
1907 1767 2075 1848 desectus

647 1919 816 2008 repertos
835 1903 876 1979 in
895 1904 1063 2008 predicta
1084 1902 1273 2010 inquesta,
1291 1903 1473 1982 faciemus
1491 1904 1625 1982 iterato
1645 1900 1839 1980 veritatem
1859 1900 2012 2006 inquiri.

702 2033 832 2111 Martis
849 2033 1028 2140 predicta.

699 2161 874 2241 Booeilus
892 2164 1105 2270 reportarit.

695 2425 852 2506 XXXVI.
884 2425 987 2504 Mota
1006 2427 1257 2504 controversia
1275 2428 1374 2504 inter
1394 2429 1548 2505 Petrum
1569 2427 1616 2506 de
1636 2429 1807 2516 Foresta‚
1831 2427 2067 2512 scutiferum.

638 2583 683 2632 ex
705 2571 811 2661 parte
835 2583 931 2643 una,
954 2572 993 2633 et
1010 2557 1249 2634 Bernardnm
1269 2557 1317 2635 de
1332 2558 1370 2634 ia
1389 2557 1566 2646 Cuielha‚
1587 2557 1766 2646 militem,
1788 2575 1827 2638 et
1844 2559 2065 2646 Ysabellim‚

637 2685 805 2761 relictam
819 2685 987 2763 defuncti
1003 2687 1200 2764 Bertrandi
1217 2686 1265 2764 de
1281 2686 1317 2764 la
1331 2688 1510 2781 Cuielbe‚
1527 2687 1673 2778 militis,
1693 2689 1847 2766 nomine
1862 2717 1933 2766 suo
1948 2708 1985 2767 et
2000 2719 2068 2768 no·

636 2814 740 2891 mine
754 2816 898 2892 tutorio
912 2832 952 2892 et
971 2816 1161 2894 curatoria
1181 2815 1390 2894 liberorum
1404 2845 1562 2894 suorum
1576 2844 1620 2894 ex
1637 2817 1738 2896 dicto
1754 2820 1964 2898 Bertrando
1984 2847 2066 2898 sus-

637 2962 852 3052 ceptorum,
868 2974 914 3025 ex
928 2947 1061 3038 altera,
1079 2975 1195 3054 super
1208 2975 1255 3026 eo
1266 2947 1374 3054 quod
1388 2947 1513 3026 dictus
1525 2949 1658 3026 Petrus
1671 2948 1824 3055 petebat
1833 2950 1905 3028 sibi
1919 2951 2015 3029 tradi
2027 2970 2065 3029 et

635 3076 837 3154 deliberari
853 3078 1028 3156 saisinam
1048 3107 1117 3156 seu
1136 3079 1411 3184 possessionem
1424 3079 1657 3170 medietatis,
1674 3107 1742 3185 pro
1761 3079 1937 3170 indiviso,
1954 3081 2063 3160 casui

634 3207 681 3283 de
693 3207 877 3296 Badhan,
888 3225 929 3284 ct
942 3209 1016 3286 alte
1031 3239 1074 3286 ac
1085 3209 1193 3287 basse
1203 3208 1354 3316 justicie
1367 3227 1406 3287 et
1418 3209 1740 3358 pertinenciarum
1753 3209 1926 3316 ejusdem
1937 3212 2060 3300 castri,

631 3365 718 3414 cum
735 3337 921 3417 fructibus
935 3355 975 3416 et
989 3320 1223 3445 profectibus
1238 3338 1306 3444 qni
1322 3365 1367 3416 ex
1380 3338 1559 3444 predictis
1573 3341 1740 3444 percepti
1756 3337 1912 3416 fumant
1927 3356 1964 3415 et
1978 3367 2063 3447 per·

630 3469 702 3575 cipi
716 3486 937 3575 potuerunt,
953 3499 1029 3577 que
1037 3469 1190 3577 petebat
1204 3469 1275 3546 sibi
1288 3468 1370 3545 fieri
1381 3469 1507 3547 dictus
1520 3469 1669 3558 Petrus,
1686 3495 1853 3546 excausa
1863 3483 1901 3544 et
1910 3469 2059 3547 racione

629 3600 827 3708 cujusdam
847 3601 1110 3691 convencionis
1129 3626 1300 3707 expresse
1318 3599 1414 3677 facte
1431 3616 1470 3676 ct
1485 3597 1630 3690 habite,
1652 3617 1697 3677 ut
1715 3599 1795 3707 ipse
1816 3598 1982 3690 dicebat,
2004 3601 2060 3678 in-

626 3745 686 3805 ter
704 3750 829 3836 partes
847 3731 1051 3839 predictas,
1068 3748 1107 3808 et
1125 3730 1258 3807 vallate
1279 3731 1467 3808 dictarum
1487 3731 1655 3835 parcium
1670 3731 1888 3836 juramento
1908 3731 1948 3805 in
1961 3759 2059 3835 quo·

628 3856 714 3934 darn
735 3862 1008 3966 compromisso
1029 3861 1160 3938 habito
1180 3859 1444 3938 interdictum
1465 3859 1618 3937 Petrum
1640 3875 1677 3936 et
1696 3861 1738 3936 B.
1761 3859 1975 3966 predictum
1995 3889 2056 3938 co·
2093 3927 2099 3946 ,

626 4015 707 4064 ram
732 3988 867 4067 ballivo
892 3990 1092 4084 Arvernis,
1119 3989 1299 4097 predictis
1318 3989 1511 4069 Bernardo
1535 4006 1574 4066 et
1595 3987 1777 4104 Ysabeili3
1800 3987 1958 4065 nomine
1978 4014 2054 4094 quo

626 4146 755 4225 supra,
774 4122 1118 4200 contradicentibus
1138 4138 1177 4197 et
1195 4121 1449 4198 asserentibus
1466 4120 1583 4226 petita
1601 4118 1683 4195 fieri
1711 4145 1788 4196 non
1806 4117 1966 4210 debere,
1986 4119 2053 4196 sed

624 4251 756 4354 pocius
775 4252 876 4356 ipsos
897 4253 936 4328 in
956 4253 1090 4330 saisina
1112 4252 1298 4328 dictarum
1323 4277 1451 4327 rerum
1472 4250 1675 4354 petitarum
1692 4275 1889 4326 remanere
1906 4264 1944 4324 et
1964 4275 2053 4326 con-

623 4382 758 4458 servari
776 4382 931 4470 debere,
948 4409 994 4460 er
1008 4384 1260 4462 convencione
1273 4409 1387 4488 super
1402 4381 1476 4457 hoc
1493 4406 1664 4486 expresse
1680 4378 1807 4458 babita
1821 4379 1922 4456 inter
1935 4377 2052 4458 dictas

622 4529 747 4616 partes
771 4529 809 4590 et
827 4513 1046 4621 juramento
1071 4541 1199 4590 earum
1225 4511 1358 4592 vallata
1382 4512 1422 4588 in
1446 4507 1716 4618 compromisso
1736 4509 1907 4615 predicto
1929 4540 1939 4584 ε
1964 4509 2050 4588 Visa

622 4641 738 4749 igitur
758 4644 929 4750 inquesta
953 4670 1069 4750 super
1084 4645 1159 4722 hoc
1173 4646 1222 4722 de
1239 4641 1419 4720 mandato
1436 4657 1565 4719 nostro
1582 4639 1678 4718 facta
1699 4657 1737 4718 at
1750 4639 1951 4748 diligenter
1963 4667 2049 4718 exa·
2142 4663 2145 4670 ·

620 4772 776 4862 minata,
788 4756 857 4879 per
866 4774 969 4850 curie
980 4789 1109 4851 nostre
1119 4772 1328 4881 judicium,
1345 4772 1490 4850 dictum
1499 4769 1572 4849 fuit
1587 4787 1624 4848 et
1638 4770 1930 4878 pronunciatum
1943 4772 2049 4877 quod

622 4902 720 4980 dicta
738 4905 871 4982 saisina
891 4903 1106 4982 medietatis
1123 4933 1194 5011 pro
1212 4903 1372 4982 indiviso
1392 4902 1502 4981 castri
1522 4918 1561 4980 et
1572 4901 1726 5009 justicie
1738 4899 1995 5008 predictorum
2011 4919 2047 4980 ct

619 5035 940 5139 pertinenciarnm
960 5062 1094 5112 eorum
1112 5034 1285 5112 tradetur
1305 5049 1344 5110 et
1362 5032 1637 5112 deliberabitur
1656 5033 1760 5110 dicto
1774 5033 1901 5121 Petro,
1921 5049 1959 5109 et
1974 5031 2045 5110 sibi

619 5162 829 5242 reddentur
847 5164 1009 5255 imaus,
1031 5182 1237 5272 proventus
1254 5181 1295 5242 et
1315 5163 1437 5242 exitus
1454 5165 1521 5271 qui
1541 5163 1675 5242 exinde
1699 5162 1865 5270 percepti
1891 5161 2046 5240 suerunt

619 5312 657 5370 ct
670 5296 813 5402 percipi
826 5310 1035 5404 potuerunt
1048 5323 1070 5372 a
1083 5312 1256 5402 tempore
1270 5323 1365 5402 quo,
1376 5293 1487 5372 finito
1502 5294 1602 5374 dicto
1615 5294 1903 5401 compromisso,
1922 5292 2044 5370 dictus

617 5423 750 5504 Petrus
769 5428 894 5532 primo
911 5427 1104 5535 requisivit
1122 5428 1267 5506 dictum
1284 5443 1458 5505 nostrum
1475 5423 1654 5504 bailivum
1674 5441 1718 5504 ut
1737 5423 1809 5502 sibi
1825 5420 1990 5500 traderet
2004 5438 2042 5538 et

1842 5579 1891 5636 32.
