<?xml version="1.0" encoding="UTF-8"?>
<!DOCTYPE html PUBLIC "-//W3C//DTD XHTML 1.0 Transitional//EN"
    "http://www.w3.org/TR/xhtml1/DTD/xhtml1-transitional.dtd">
<html xmlns="http://www.w3.org/1999/xhtml" xml:lang="en" lang="en">
 <head>
  <title>
</title>
<meta http-equiv="Content-Type" content="text/html;charset=utf-8" />
  <meta name='ocr-system' content='tesseract 3.04.00' />
  <meta name='ocr-capabilities' content='ocr_page ocr_carea ocr_par ocr_line ocrx_word'/>
</head>
<body>
  <div class='ocr_page' id='page_1' title='image "./lesolimouregist00pargoog_0226.png"; bbox 0 0 5817 7292; ppageno 0'>
   <div class='ocr_carea' id='block_1_1' title="bbox 865 1077 1706 1155">
    <p class='ocr_par' dir='ltr' id='par_1_1' title="bbox 865 1077 1706 1155">
     <span class='ocr_line' id='line_1_1' title="bbox 865 1077 1706 1155; baseline -0.004 -3"><span class='ocrx_word' id='word_1_1' title='bbox 865 1082 936 1155; x_wconf 77' lang='lat'>128</span> <span class='ocrx_word' id='word_1_2' title='bbox 1444 1077 1536 1149; x_wconf 87' lang='lat' dir='ltr'>LES</span> <span class='ocrx_word' id='word_1_3' title='bbox 1566 1077 1706 1151; x_wconf 86' lang='lat' dir='ltr'><strong>OLIM.</strong></span> 
     </span>
    </p>
   </div>
   <div class='ocr_carea' id='block_1_2' title="bbox 635 1190 2284 1689">
    <p class='ocr_par' dir='ltr' id='par_1_2' title="bbox 635 1190 2284 1689">
     <span class='ocr_line' id='line_1_2' title="bbox 635 1190 2281 1328; baseline 0.002 -31"><span class='ocrx_word' id='word_1_4' title='bbox 635 1190 766 1293; x_wconf 68' lang='lat' dir='ltr'>l&#39;imrrr</span> <span class='ocrx_word' id='word_1_5' title='bbox 779 1238 823 1298; x_wconf 77' lang='lat' dir='ltr'>lv,</span> <span class='ocrx_word' id='word_1_6' title='bbox 857 1220 1072 1325; x_wconf 79' lang='lat' dir='ltr'>dictamque</span> <span class='ocrx_word' id='word_1_7' title='bbox 1094 1218 1253 1297; x_wconf 92' lang='lat' dir='ltr'>domum</span> <span class='ocrx_word' id='word_1_8' title='bbox 1275 1218 1324 1295; x_wconf 92' lang='lat' dir='ltr'>ad</span> <span class='ocrx_word' id='word_1_9' title='bbox 1342 1218 1443 1325; x_wconf 87' lang='lat' dir='ltr'>ipsos</span> <span class='ocrx_word' id='word_1_10' title='bbox 1462 1219 1549 1328; x_wconf 89' lang='lat' dir='ltr'>jure</span> <span class='ocrx_word' id='word_1_11' title='bbox 1571 1217 1809 1326; x_wconf 81' lang='lat' dir='ltr'>proprietatis</span> <span class='ocrx_word' id='word_1_12' title='bbox 1836 1236 1873 1296; x_wconf 92' lang='lat' dir='ltr'>et</span> <span class='ocrx_word' id='word_1_13' title='bbox 1891 1218 2050 1296; x_wconf 91' lang='lat' dir='ltr'>dominii</span> <span class='ocrx_word' id='word_1_14' title='bbox 2075 1222 2281 1327; x_wconf 85' lang='lat' dir='ltr'>pertinere,</span> 
     </span>
     <span class='ocr_line' id='line_1_3' title="bbox 699 1332 2284 1456; baseline 0.002 -29"><span class='ocrx_word' id='word_1_15' title='bbox 699 1332 763 1372; x_wconf 78' lang='lat' dir='ltr'>nn.</span> <span class='ocrx_word' id='word_1_16' title='bbox 860 1368 898 1427; x_wconf 91' lang='lat' dir='ltr'>et</span> <span class='ocrx_word' id='word_1_17' title='bbox 923 1377 992 1456; x_wconf 91' lang='lat' dir='ltr'>per</span> <span class='ocrx_word' id='word_1_18' title='bbox 1020 1348 1124 1425; x_wconf 92' lang='lat' dir='ltr'>idem</span> <span class='ocrx_word' id='word_1_19' title='bbox 1144 1349 1336 1456; x_wconf 89' lang='lat' dir='ltr'>judicium</span> <span class='ocrx_word' id='word_1_20' title='bbox 1361 1348 1451 1427; x_wconf 91' lang='lat' dir='ltr'>dicti</span> <span class='ocrx_word' id='word_1_21' title='bbox 1478 1349 1640 1427; x_wconf 89' lang='lat' dir='ltr'>Michael</span> <span class='ocrx_word' id='word_1_22' title='bbox 1664 1366 1703 1425; x_wconf 87' lang='lat' dir='ltr'>et</span> <span class='ocrx_word' id='word_1_23' title='bbox 1725 1346 1808 1455; x_wconf 89' lang='lat' dir='ltr'>ejus</span> <span class='ocrx_word' id='word_1_24' title='bbox 1832 1377 1937 1437; x_wconf 87' lang='lat' dir='ltr'>uxor,</span> <span class='ocrx_word' id='word_1_25' title='bbox 1970 1378 2083 1455; x_wconf 90' lang='lat' dir='ltr'>super</span> <span class='ocrx_word' id='word_1_26' title='bbox 2106 1354 2284 1456; x_wconf 86' lang='lat' dir='ltr'>predictis</span> 
     </span>
     <span class='ocr_line' id='line_1_4' title="bbox 857 1480 2282 1588; baseline 0.001 -29"><span class='ocrx_word' id='word_1_27' title='bbox 857 1498 987 1560; x_wconf 89' lang='lat' dir='ltr'>contra</span> <span class='ocrx_word' id='word_1_28' title='bbox 1014 1481 1115 1588; x_wconf 91' lang='lat' dir='ltr'>ipsos</span> <span class='ocrx_word' id='word_1_29' title='bbox 1145 1480 1288 1586; x_wconf 88' lang='lat' dir='ltr'>petitis,</span> <span class='ocrx_word' id='word_1_30' title='bbox 1319 1509 1397 1557; x_wconf 91' lang='lat' dir='ltr'>non</span> <span class='ocrx_word' id='word_1_31' title='bbox 1430 1480 1666 1559; x_wconf 79' lang='lat' dir='ltr'>obstantibus</span> <span class='ocrx_word' id='word_1_32' title='bbox 1693 1480 1896 1587; x_wconf 89' lang='lat' dir='ltr'>propositis</span> <span class='ocrx_word' id='word_1_33' title='bbox 1923 1510 1945 1557; x_wconf 91' lang='lat' dir='ltr'>a</span> <span class='ocrx_word' id='word_1_34' title='bbox 1975 1500 2080 1587; x_wconf 92' lang='lat' dir='ltr'>parte</span> <span class='ocrx_word' id='word_1_35' title='bbox 2112 1483 2282 1575; x_wconf 85' lang='lat' dir='ltr'>adversa,</span> 
     </span>
     <span class='ocr_line' id='line_1_5' title="bbox 857 1609 1503 1689; baseline -0.002 -1"><span class='ocrx_word' id='word_1_36' title='bbox 857 1611 1013 1689; x_wconf 89' lang='lat' dir='ltr'>fuerunt</span> <span class='ocrx_word' id='word_1_37' title='bbox 1032 1609 1310 1689; x_wconf 87' lang='lat' dir='ltr'>sentencialiter</span> <span class='ocrx_word' id='word_1_38' title='bbox 1329 1610 1503 1687; x_wconf 88' lang='lat' dir='ltr'>absoluti.</span> 
     </span>
    </p>
   </div>
   <div class='ocr_carea' id='block_1_3' title="bbox 778 1740 1964 1833">
    <p class='ocr_par' dir='ltr' id='par_1_3' title="bbox 778 1740 1964 1833">
     <span class='ocr_line' id='line_1_6' title="bbox 778 1740 1964 1833; baseline -0.001 -13"><span class='ocrx_word' id='word_1_39' title='bbox 778 1750 781 1757; x_wconf 68' lang='grc'>“</span> <span class='ocrx_word' id='word_1_40' title='bbox 914 1742 1014 1821; x_wconf 84' lang='lat' dir='ltr'>lovis</span> <span class='ocrx_word' id='word_1_41' title='bbox 1034 1759 1120 1818; x_wconf 87' lang='lat' dir='ltr'>ante</span> <span class='ocrx_word' id='word_1_42' title='bbox 1140 1740 1407 1833; x_wconf 85' lang='lat' dir='ltr'>Candelosam‚</span> <span class='ocrx_word' id='word_1_43' title='bbox 1430 1769 1530 1818; x_wconf 91' lang='lat' dir='ltr'>anno</span> <span class='ocrx_word' id='word_1_44' title='bbox 1550 1742 1816 1823; x_wconf 88' lang='lat' dir='ltr'>trecentesimo</span> <span class='ocrx_word' id='word_1_45' title='bbox 1834 1743 1964 1821; x_wconf 88' lang='lat' dir='ltr'>tercio.</span> 
     </span>
    </p>
   </div>
   <div class='ocr_carea' id='block_1_4' title="bbox 789 2002 2283 3289">
    <p class='ocr_par' dir='ltr' id='par_1_4' title="bbox 789 2002 2283 3289">
     <span class='ocr_line' id='line_1_7' title="bbox 910 2002 2283 2111; baseline 0.004 -30"><span class='ocrx_word' id='word_1_46' title='bbox 910 2006 1003 2081; x_wconf 92' lang='lat' dir='ltr'>XIX.</span> <span class='ocrx_word' id='word_1_47' title='bbox 1036 2006 1158 2109; x_wconf 89' lang='lat' dir='ltr'>Super</span> <span class='ocrx_word' id='word_1_48' title='bbox 1177 2002 1311 2080; x_wconf 86' lang='lat' dir='ltr'>saisina</span> <span class='ocrx_word' id='word_1_49' title='bbox 1329 2002 1497 2081; x_wconf 93' lang='lat' dir='ltr'>donandi</span> <span class='ocrx_word' id='word_1_50' title='bbox 1519 2003 1761 2111; x_wconf 87' lang='lat' dir='ltr'>capellaniam</span> <span class='ocrx_word' id='word_1_51' title='bbox 1786 2004 2042 2082; x_wconf 87' lang='lat' dir='ltr'>Sancti-Petri</span> <span class='ocrx_word' id='word_1_52' title='bbox 2067 2006 2106 2082; x_wconf 90' lang='lat' dir='ltr'>in</span> <span class='ocrx_word' id='word_1_53' title='bbox 2127 2006 2283 2087; x_wconf 89' lang='lat' dir='ltr'>ecclesia</span> 
     </span>
     <span class='ocr_line' id='line_1_8' title="bbox 855 2132 2280 2241; baseline 0.001 -27"><span class='ocrx_word' id='word_1_54' title='bbox 855 2132 1255 2215; x_wconf 86' lang='lat' dir='ltr'>Sancti-Bartholomei</span> <span class='ocrx_word' id='word_1_55' title='bbox 1282 2134 1330 2209; x_wconf 90' lang='lat' dir='ltr'>de</span> <span class='ocrx_word' id='word_1_56' title='bbox 1356 2134 1562 2224; x_wconf 89' lang='lat' dir='ltr'>Betbunia,</span> <span class='ocrx_word' id='word_1_57' title='bbox 1591 2164 1659 2213; x_wconf 90' lang='lat' dir='ltr'>seu</span> <span class='ocrx_word' id='word_1_58' title='bbox 1683 2136 1927 2241; x_wconf 92' lang='lat' dir='ltr'>presentandi</span> <span class='ocrx_word' id='word_1_59' title='bbox 1953 2136 2201 2227; x_wconf 74' lang='lat' dir='ltr'>adeundam,</span> <span class='ocrx_word' id='word_1_60' title='bbox 2233 2140 2280 2216; x_wconf 92' lang='lat' dir='ltr'>de</span> 
     </span>
     <span class='ocr_line' id='line_1_9' title="bbox 789 2250 2280 2371; baseline 0.002 -29"><span class='ocrx_word' id='word_1_61' title='bbox 789 2250 792 2253; x_wconf 31' lang='lat'>¹</span> <span class='ocrx_word' id='word_1_62' title='bbox 854 2293 929 2371; x_wconf 91' lang='lat' dir='ltr'>qua</span> <span class='ocrx_word' id='word_1_63' title='bbox 959 2281 1015 2342; x_wconf 88' lang='lat' dir='ltr'>est</span> <span class='ocrx_word' id='word_1_64' title='bbox 1044 2263 1294 2347; x_wconf 86' lang='lat' dir='ltr'>controversia</span> <span class='ocrx_word' id='word_1_65' title='bbox 1323 2262 1422 2341; x_wconf 92' lang='lat' dir='ltr'>inter</span> <span class='ocrx_word' id='word_1_66' title='bbox 1448 2263 1655 2370; x_wconf 88' lang='lat' dir='ltr'>capitulum</span> <span class='ocrx_word' id='word_1_67' title='bbox 1687 2265 1804 2370; x_wconf 87' lang='lat' dir='ltr'>ipsius</span> <span class='ocrx_word' id='word_1_68' title='bbox 1830 2265 1985 2343; x_wconf 86' lang='lat' dir='ltr'>ecclesie</span> <span class='ocrx_word' id='word_1_69' title='bbox 2013 2285 2052 2344; x_wconf 89' lang='lat' dir='ltr'>et</span> <span class='ocrx_word' id='word_1_70' title='bbox 2078 2267 2280 2345; x_wconf 89' lang='lat' dir='ltr'>dominum</span> 
     </span>
     <span class='ocr_line' id='line_1_10' title="bbox 856 2394 2282 2507; baseline 0.003 -35"><span class='ocrx_word' id='word_1_71' title='bbox 856 2412 1026 2473; x_wconf 87' lang='lat' dir='ltr'>nostrum</span> <span class='ocrx_word' id='word_1_72' title='bbox 1046 2398 1210 2502; x_wconf 88' lang='lat' dir='ltr'>Regem:</span> <span class='ocrx_word' id='word_1_73' title='bbox 1231 2394 1327 2475; x_wconf 91' lang='lat' dir='ltr'>Visis</span> <span class='ocrx_word' id='word_1_74' title='bbox 1348 2395 1654 2502; x_wconf 91' lang='lat' dir='ltr'>deposicionibus</span> <span class='ocrx_word' id='word_1_75' title='bbox 1677 2396 1831 2473; x_wconf 87' lang='lat' dir='ltr'>testium</span> <span class='ocrx_word' id='word_1_76' title='bbox 1860 2397 2058 2475; x_wconf 91' lang='lat' dir='ltr'>hincinde</span> <span class='ocrx_word' id='word_1_77' title='bbox 2078 2400 2282 2507; x_wconf 88' lang='lat' dir='ltr'>producto-</span> 
     </span>
     <span class='ocr_line' id='line_1_11' title="bbox 855 2524 2281 2636; baseline 0.001 -32"><span class='ocrx_word' id='word_1_78' title='bbox 855 2556 957 2617; x_wconf 88' lang='lat' dir='ltr'>rum,</span> <span class='ocrx_word' id='word_1_79' title='bbox 971 2543 1010 2603; x_wconf 89' lang='lat' dir='ltr'>et</span> <span class='ocrx_word' id='word_1_80' title='bbox 1025 2525 1253 2631; x_wconf 83' lang='lat' dir='ltr'>quibusdam</span> <span class='ocrx_word' id='word_1_81' title='bbox 1268 2524 1402 2603; x_wconf 91' lang='lat' dir='ltr'>litteris</span> <span class='ocrx_word' id='word_1_82' title='bbox 1420 2526 1584 2632; x_wconf 88' lang='lat' dir='ltr'>episcopi</span> <span class='ocrx_word' id='word_1_83' title='bbox 1597 2524 1882 2618; x_wconf 86' lang='lat' dir='ltr'>Attrabatensis‚</span> <span class='ocrx_word' id='word_1_84' title='bbox 1894 2558 1962 2636; x_wconf 83' lang='lat' dir='ltr'>per</span> <span class='ocrx_word' id='word_1_85' title='bbox 1976 2530 2117 2606; x_wconf 91' lang='lat' dir='ltr'>curiam</span> <span class='ocrx_word' id='word_1_86' title='bbox 2136 2530 2281 2607; x_wconf 89' lang='lat' dir='ltr'>dictum</span> 
     </span>
     <span class='ocr_line' id='line_1_12' title="bbox 856 2655 2282 2763; baseline 0.001 -30"><span class='ocrx_word' id='word_1_87' title='bbox 856 2658 927 2739; x_wconf 89' lang='lat' dir='ltr'>luit</span> <span class='ocrx_word' id='word_1_88' title='bbox 950 2656 1057 2762; x_wconf 91' lang='lat' dir='ltr'>quod</span> <span class='ocrx_word' id='word_1_89' title='bbox 1081 2684 1159 2733; x_wconf 91' lang='lat' dir='ltr'>non</span> <span class='ocrx_word' id='word_1_90' title='bbox 1180 2655 1400 2733; x_wconf 89' lang='lat' dir='ltr'>consuletur</span> <span class='ocrx_word' id='word_1_91' title='bbox 1419 2655 1575 2732; x_wconf 92' lang='lat' dir='ltr'>domino</span> <span class='ocrx_word' id='word_1_92' title='bbox 1596 2657 1688 2763; x_wconf 84' lang='lat' dir='ltr'>Regi</span> <span class='ocrx_word' id='word_1_93' title='bbox 1700 2658 1806 2763; x_wconf 92' lang='lat' dir='ltr'>quod</span> <span class='ocrx_word' id='word_1_94' title='bbox 1825 2659 1903 2763; x_wconf 91' lang='lat' dir='ltr'>ipse</span> <span class='ocrx_word' id='word_1_95' title='bbox 1925 2659 2089 2735; x_wconf 88' lang='lat' dir='ltr'>dimittat</span> <span class='ocrx_word' id='word_1_96' title='bbox 2108 2660 2282 2737; x_wconf 87' lang='lat' dir='ltr'>saisinam</span> 
     </span>
     <span class='ocr_line' id='line_1_13' title="bbox 856 2786 2283 2902; baseline -0.002 -34"><span class='ocrx_word' id='word_1_97' title='bbox 856 2790 896 2868; x_wconf 88' lang='lat' dir='ltr'>iu</span> <span class='ocrx_word' id='word_1_98' title='bbox 911 2816 986 2893; x_wconf 87' lang='lat' dir='ltr'>qua</span> <span class='ocrx_word' id='word_1_99' title='bbox 1000 2802 1194 2891; x_wconf 89' lang='lat' dir='ltr'>repertum</span> <span class='ocrx_word' id='word_1_100' title='bbox 1211 2802 1282 2876; x_wconf 84' lang='lat' dir='ltr'>est,</span> <span class='ocrx_word' id='word_1_101' title='bbox 1300 2815 1368 2892; x_wconf 92' lang='lat' dir='ltr'>per</span> <span class='ocrx_word' id='word_1_102' title='bbox 1381 2786 1566 2893; x_wconf 88' lang='lat' dir='ltr'>predicta,</span> <span class='ocrx_word' id='word_1_103' title='bbox 1580 2787 1705 2893; x_wconf 88' lang='lat' dir='ltr'>ipsum</span> <span class='ocrx_word' id='word_1_104' title='bbox 1721 2816 1800 2864; x_wconf 85' lang='lat' dir='ltr'>esse</span> <span class='ocrx_word' id='word_1_105' title='bbox 1821 2789 1988 2902; x_wconf 84' lang='lat' dir='ltr'>donandi</span> <span class='ocrx_word' id='word_1_106' title='bbox 2004 2789 2144 2868; x_wconf 86' lang='lat' dir='ltr'>dictam</span> <span class='ocrx_word' id='word_1_107' title='bbox 2158 2788 2283 2897; x_wconf 86' lang='lat' dir='ltr'>capel-</span> 
     </span>
     <span class='ocr_line' id='line_1_14' title="bbox 857 2917 2282 3028; baseline 0.001 -32"><span class='ocrx_word' id='word_1_108' title='bbox 857 2919 1016 3009; x_wconf 88' lang='lat' dir='ltr'>laniam,</span> <span class='ocrx_word' id='word_1_109' title='bbox 1039 2918 1113 2995; x_wconf 88' lang='lat' dir='ltr'>sive</span> <span class='ocrx_word' id='word_1_110' title='bbox 1138 2917 1381 3024; x_wconf 86' lang='lat' dir='ltr'>presentandi</span> <span class='ocrx_word' id='word_1_111' title='bbox 1401 2917 1449 2995; x_wconf 92' lang='lat' dir='ltr'>ad</span> <span class='ocrx_word' id='word_1_112' title='bbox 1468 2918 1646 3009; x_wconf 91' lang='lat' dir='ltr'>eandem,</span> <span class='ocrx_word' id='word_1_113' title='bbox 1669 2918 1768 2999; x_wconf 89' lang='lat' dir='ltr'>salvo</span> <span class='ocrx_word' id='word_1_114' title='bbox 1785 2919 1872 3027; x_wconf 90' lang='lat' dir='ltr'>jure</span> <span class='ocrx_word' id='word_1_115' title='bbox 1890 2949 2006 3028; x_wconf 87' lang='lat' dir='ltr'>super</span> <span class='ocrx_word' id='word_1_116' title='bbox 2024 2920 2098 2999; x_wconf 93' lang='lat' dir='ltr'>hoc</span> <span class='ocrx_word' id='word_1_117' title='bbox 2121 2921 2161 2999; x_wconf 89' lang='lat' dir='ltr'>in</span> <span class='ocrx_word' id='word_1_118' title='bbox 2184 2920 2282 3027; x_wconf 89' lang='lat' dir='ltr'>peti·</span> 
     </span>
     <span class='ocr_line' id='line_1_15' title="bbox 856 3040 1694 3156; baseline 0.002 -31"><span class='ocrx_word' id='word_1_119' title='bbox 856 3049 955 3127; x_wconf 91' lang='lat' dir='ltr'>torio</span> <span class='ocrx_word' id='word_1_120' title='bbox 976 3048 1077 3125; x_wconf 90' lang='lat' dir='ltr'>dicto</span> <span class='ocrx_word' id='word_1_121' title='bbox 1098 3040 1277 3155; x_wconf 85' lang='lat' dir='ltr'>capitulo,</span> <span class='ocrx_word' id='word_1_122' title='bbox 1300 3048 1331 3125; x_wconf 90' lang='lat' dir='ltr'>si</span> <span class='ocrx_word' id='word_1_123' title='bbox 1350 3047 1486 3125; x_wconf 90' lang='lat' dir='ltr'>viderit</span> <span class='ocrx_word' id='word_1_124' title='bbox 1505 3049 1694 3156; x_wconf 84' lang='lat' dir='ltr'>expedire.</span> 
     </span>
     <span class='ocr_line' id='line_1_16' title="bbox 914 3178 2012 3289; baseline 0.002 -32"><span class='ocrx_word' id='word_1_125' title='bbox 914 3179 1044 3257; x_wconf 89' lang='lat' dir='ltr'>Martis</span> <span class='ocrx_word' id='word_1_126' title='bbox 1064 3196 1148 3257; x_wconf 88' lang='lat' dir='ltr'>ante</span> <span class='ocrx_word' id='word_1_127' title='bbox 1167 3178 1446 3270; x_wconf 84' lang='lat' dir='ltr'>Assensionem‚</span> <span class='ocrx_word' id='word_1_128' title='bbox 1470 3206 1568 3255; x_wconf 92' lang='lat' dir='ltr'>anno</span> <span class='ocrx_word' id='word_1_129' title='bbox 1586 3180 1852 3258; x_wconf 90' lang='lat' dir='ltr'>trecentesimo</span> <span class='ocrx_word' id='word_1_130' title='bbox 1866 3199 2012 3289; x_wconf 80' lang='lat' dir='ltr'>quarto</span> 
     </span>
    </p>
   </div>
   <div class='ocr_carea' id='block_1_5' title="bbox 858 3440 2281 3810">
    <p class='ocr_par' dir='ltr' id='par_1_5' title="bbox 858 3440 2281 3810">
     <span class='ocr_line' id='line_1_17' title="bbox 912 3440 2280 3552; baseline -0.001 -31"><span class='ocrx_word' id='word_1_131' title='bbox 912 3444 1200 3552; x_wconf 46' lang='lat' dir='ltr'>XX.·lnquesta</span> <span class='ocrx_word' id='word_1_132' title='bbox 1226 3470 1294 3549; x_wconf 93' lang='lat' dir='ltr'>pro</span> <span class='ocrx_word' id='word_1_133' title='bbox 1322 3442 1450 3550; x_wconf 90' lang='lat' dir='ltr'>regina</span> <span class='ocrx_word' id='word_1_134' title='bbox 1469 3442 1626 3518; x_wconf 82' lang='lat' dir='ltr'>Navarre</span> <span class='ocrx_word' id='word_1_135' title='bbox 1649 3440 1760 3531; x_wconf 87' lang='lat' dir='ltr'>facta,</span> <span class='ocrx_word' id='word_1_136' title='bbox 1781 3468 1896 3547; x_wconf 87' lang='lat' dir='ltr'>super</span> <span class='ocrx_word' id='word_1_137' title='bbox 1914 3458 2076 3519; x_wconf 90' lang='lat' dir='ltr'>ressorto</span> <span class='ocrx_word' id='word_1_138' title='bbox 2101 3443 2210 3519; x_wconf 88' lang='lat' dir='ltr'>castri</span> <span class='ocrx_word' id='word_1_139' title='bbox 2231 3442 2280 3520; x_wconf 92' lang='lat' dir='ltr'>de</span> 
     </span>
     <span class='ocr_line' id='line_1_18' title="bbox 859 3571 2281 3681; baseline -0.003 -28"><span class='ocrx_word' id='word_1_140' title='bbox 859 3573 1087 3666; x_wconf 88' lang='lat' dir='ltr'>Soullaines,</span> <span class='ocrx_word' id='word_1_141' title='bbox 1109 3600 1187 3650; x_wconf 91' lang='lat' dir='ltr'>non</span> <span class='ocrx_word' id='word_1_142' title='bbox 1205 3572 1278 3650; x_wconf 86' lang='lat' dir='ltr'>fuit</span> <span class='ocrx_word' id='word_1_143' title='bbox 1288 3572 1471 3681; x_wconf 82' lang='lat' dir='ltr'>judicata,</span> <span class='ocrx_word' id='word_1_144' title='bbox 1492 3572 1580 3679; x_wconf 91' lang='lat' dir='ltr'>quia</span> <span class='ocrx_word' id='word_1_145' title='bbox 1600 3571 1813 3649; x_wconf 88' lang='lat' dir='ltr'>commissio</span> <span class='ocrx_word' id='word_1_146' title='bbox 1833 3600 1910 3650; x_wconf 93' lang='lat' dir='ltr'>non</span> <span class='ocrx_word' id='word_1_147' title='bbox 1929 3572 2154 3650; x_wconf 79' lang='lat' dir='ltr'>extendebat</span> <span class='ocrx_word' id='word_1_148' title='bbox 2171 3600 2211 3650; x_wconf 92' lang='lat' dir='ltr'>se</span> <span class='ocrx_word' id='word_1_149' title='bbox 2231 3573 2281 3649; x_wconf 94' lang='lat' dir='ltr'>ad</span> 
     </span>
     <span class='ocr_line' id='line_1_19' title="bbox 858 3701 1774 3810; baseline -0.004 -29"><span class='ocrx_word' id='word_1_150' title='bbox 858 3706 951 3795; x_wconf 82' lang='lat' dir='ltr'>hoc,</span> <span class='ocrx_word' id='word_1_151' title='bbox 973 3732 1042 3781; x_wconf 90' lang='lat' dir='ltr'>nec</span> <span class='ocrx_word' id='word_1_152' title='bbox 1062 3702 1248 3780; x_wconf 89' lang='lat' dir='ltr'>invenitur</span> <span class='ocrx_word' id='word_1_153' title='bbox 1267 3701 1371 3810; x_wconf 89' lang='lat' dir='ltr'>quod</span> <span class='ocrx_word' id='word_1_154' title='bbox 1388 3704 1465 3781; x_wconf 87' lang='lat' dir='ltr'>Rex</span> <span class='ocrx_word' id='word_1_155' title='bbox 1483 3702 1597 3781; x_wconf 87' lang='lat' dir='ltr'>fuerit</span> <span class='ocrx_word' id='word_1_156' title='bbox 1609 3720 1774 3781; x_wconf 80' lang='lat' dir='ltr'>vocatus.</span> 
     </span>
    </p>
   </div>
   <div class='ocr_carea' id='block_1_6' title="bbox 852 3964 2283 5477">
    <p class='ocr_par' dir='ltr' id='par_1_6' title="bbox 852 3964 2283 5477">
     <span class='ocr_line' id='line_1_20' title="bbox 913 3964 2282 4073; baseline -0.003 -30"><span class='ocrx_word' id='word_1_157' title='bbox 913 3966 1006 4043; x_wconf 91' lang='lat' dir='ltr'>XXI.</span> <span class='ocrx_word' id='word_1_158' title='bbox 1038 3965 1137 4044; x_wconf 92' lang='lat' dir='ltr'>Cum</span> <span class='ocrx_word' id='word_1_159' title='bbox 1155 3982 1260 4044; x_wconf 88' lang='lat' dir='ltr'>mota</span> <span class='ocrx_word' id='word_1_160' title='bbox 1274 3967 1462 4045; x_wconf 87' lang='lat' dir='ltr'>discordia</span> <span class='ocrx_word' id='word_1_161' title='bbox 1476 3994 1600 4044; x_wconf 87' lang='lat' dir='ltr'>coram</span> <span class='ocrx_word' id='word_1_162' title='bbox 1617 3964 1807 4073; x_wconf 88' lang='lat' dir='ltr'>preposito</span> <span class='ocrx_word' id='word_1_163' title='bbox 1824 3981 1954 4042; x_wconf 88' lang='lat' dir='ltr'>nostro</span> <span class='ocrx_word' id='word_1_164' title='bbox 1971 3964 2168 4043; x_wconf 86' lang='lat' dir='ltr'>Parisiensi</span> <span class='ocrx_word' id='word_1_165' title='bbox 2183 3965 2282 4041; x_wconf 89' lang='lat' dir='ltr'>inter</span> 
     </span>
     <span class='ocr_line' id='line_1_21' title="bbox 857 4095 2279 4205; baseline -0.001 -32"><span class='ocrx_word' id='word_1_166' title='bbox 857 4096 1089 4177; x_wconf 87' lang='lat' dir='ltr'>Bertaudum</span> <span class='ocrx_word' id='word_1_167' title='bbox 1111 4095 1148 4175; x_wconf 88' lang='lat' dir='ltr'>le</span> <span class='ocrx_word' id='word_1_168' title='bbox 1168 4096 1347 4174; x_wconf 88' lang='lat' dir='ltr'>Flauteur</span> <span class='ocrx_word' id='word_1_169' title='bbox 1367 4115 1405 4176; x_wconf 89' lang='lat' dir='ltr'>et</span> <span class='ocrx_word' id='word_1_170' title='bbox 1418 4096 1670 4205; x_wconf 86' lang='lat' dir='ltr'>Margaritam,</span> <span class='ocrx_word' id='word_1_171' title='bbox 1688 4095 1769 4204; x_wconf 85' lang='lat' dir='ltr'>ejus</span> <span class='ocrx_word' id='word_1_172' title='bbox 1784 4123 1940 4174; x_wconf 83' lang='lat' dir='ltr'>uxorem</span> <span class='ocrx_word' id='word_1_173' title='bbox 1954 4124 2071 4184; x_wconf 89' lang='lat' dir='ltr'>nunc,</span> <span class='ocrx_word' id='word_1_174' title='bbox 2087 4096 2279 4202; x_wconf 89' lang='lat' dir='ltr'>quondam</span> 
     </span>
     <span class='ocr_line' id='line_1_22' title="bbox 858 4224 2283 4333; baseline 0.001 -32"><span class='ocrx_word' id='word_1_175' title='bbox 858 4254 944 4304; x_wconf 91' lang='lat' dir='ltr'>vero</span> <span class='ocrx_word' id='word_1_176' title='bbox 969 4256 1125 4305; x_wconf 86' lang='lat' dir='ltr'>uxorem</span> <span class='ocrx_word' id='word_1_177' title='bbox 1151 4226 1320 4305; x_wconf 89' lang='lat' dir='ltr'>defuncti</span> <span class='ocrx_word' id='word_1_178' title='bbox 1339 4228 1520 4306; x_wconf 81' lang='lat' dir='ltr'>Bertaudi</span> <span class='ocrx_word' id='word_1_179' title='bbox 1542 4226 1708 4315; x_wconf 86' lang='lat' dir='ltr'>Arrode‚</span> <span class='ocrx_word' id='word_1_180' title='bbox 1724 4224 1911 4333; x_wconf 87' lang='lat' dir='ltr'>junioris,</span> <span class='ocrx_word' id='word_1_181' title='bbox 1937 4256 1981 4303; x_wconf 82' lang='lat' dir='ltr'>ex</span> <span class='ocrx_word' id='word_1_182' title='bbox 2001 4254 2076 4304; x_wconf 91' lang='lat' dir='ltr'>una</span> <span class='ocrx_word' id='word_1_183' title='bbox 2097 4244 2219 4333; x_wconf 89' lang='lat' dir='ltr'>parte,</span> <span class='ocrx_word' id='word_1_184' title='bbox 2244 4241 2283 4302; x_wconf 88' lang='lat' dir='ltr'>et</span> 
     </span>
     <span class='ocr_line' id='line_1_23' title="bbox 859 4354 2280 4446; baseline 0 -13"><span class='ocrx_word' id='word_1_185' title='bbox 859 4354 1083 4434; x_wconf 89' lang='lat' dir='ltr'>Gaulridum</span> <span class='ocrx_word' id='word_1_186' title='bbox 1099 4359 1356 4437; x_wconf 89' lang='lat' dir='ltr'>Touche-Feu</span> <span class='ocrx_word' id='word_1_187' title='bbox 1370 4388 1412 4435; x_wconf 91' lang='lat' dir='ltr'>ac</span> <span class='ocrx_word' id='word_1_188' title='bbox 1428 4357 1624 4437; x_wconf 89' lang='lat' dir='ltr'>Nicolaum</span> <span class='ocrx_word' id='word_1_189' title='bbox 1640 4356 1828 4446; x_wconf 92' lang='lat' dir='ltr'>Boucelli,</span> <span class='ocrx_word' id='word_1_190' title='bbox 1847 4375 2089 4435; x_wconf 83' lang='lat' dir='ltr'>executorem</span> <span class='ocrx_word' id='word_1_191' title='bbox 2107 4354 2280 4434; x_wconf 82' lang='lat' dir='ltr'>defuncte</span> 
     </span>
     <span class='ocr_line' id='line_1_24' title="bbox 857 4482 2282 4596; baseline 0.004 -38"><span class='ocrx_word' id='word_1_192' title='bbox 857 4482 1011 4590; x_wconf 86' lang='lat' dir='ltr'>Agnetis</span> <span class='ocrx_word' id='word_1_193' title='bbox 1031 4485 1193 4575; x_wconf 87' lang='lat' dir='ltr'>Arrode‚</span> <span class='ocrx_word' id='word_1_194' title='bbox 1214 4489 1295 4596; x_wconf 85' lang='lat' dir='ltr'>ejus</span> <span class='ocrx_word' id='word_1_195' title='bbox 1314 4489 1508 4595; x_wconf 91' lang='lat' dir='ltr'>quondam</span> <span class='ocrx_word' id='word_1_196' title='bbox 1524 4487 1667 4578; x_wconf 82' lang='lat' dir='ltr'>uxoris,</span> <span class='ocrx_word' id='word_1_197' title='bbox 1684 4504 1723 4564; x_wconf 88' lang='lat' dir='ltr'>et</span> <span class='ocrx_word' id='word_1_198' title='bbox 1742 4504 1910 4565; x_wconf 86' lang='lat' dir='ltr'>tutorem</span> <span class='ocrx_word' id='word_1_199' title='bbox 1932 4516 1999 4565; x_wconf 90' lang='lat' dir='ltr'>seu</span> <span class='ocrx_word' id='word_1_200' title='bbox 2017 4502 2228 4565; x_wconf 87' lang='lat' dir='ltr'>curatorem</span> <span class='ocrx_word' id='word_1_201' title='bbox 2244 4503 2282 4564; x_wconf 92' lang='lat' dir='ltr'>et</span> 
     </span>
     <span class='ocr_line' id='line_1_25' title="bbox 857 4612 2283 4723; baseline 0.004 -36"><span class='ocrx_word' id='word_1_202' title='bbox 857 4612 1085 4719; x_wconf 88' lang='lat' dir='ltr'>legittimum</span> <span class='ocrx_word' id='word_1_203' title='bbox 1107 4615 1448 4693; x_wconf 88' lang='lat' dir='ltr'>administratorem</span> <span class='ocrx_word' id='word_1_204' title='bbox 1467 4618 1663 4713; x_wconf 82' lang='lat' dir='ltr'>lobannis,</span> <span class='ocrx_word' id='word_1_205' title='bbox 1680 4615 1749 4694; x_wconf 85' lang='lat' dir='ltr'>lilii</span> <span class='ocrx_word' id='word_1_206' title='bbox 1765 4618 1824 4695; x_wconf 92' lang='lat' dir='ltr'>sui</span> <span class='ocrx_word' id='word_1_207' title='bbox 1832 4638 1849 4708; x_wconf 59' lang='lat'>‚¹</span> <span class='ocrx_word' id='word_1_208' title='bbox 1858 4618 2016 4695; x_wconf 88' lang='lat' dir='ltr'>minoris</span> <span class='ocrx_word' id='word_1_209' title='bbox 2029 4618 2154 4706; x_wconf 87' lang='lat' dir='ltr'>annis,</span> <span class='ocrx_word' id='word_1_210' title='bbox 2173 4634 2210 4693; x_wconf 91' lang='lat' dir='ltr'>et</span> <span class='ocrx_word' id='word_1_211' title='bbox 2224 4645 2283 4723; x_wconf 89' lang='lat' dir='ltr'>ga·</span> 
     </span>
     <span class='ocr_line' id='line_1_26' title="bbox 857 4744 2279 4856; baseline 0.002 -38"><span class='ocrx_word' id='word_1_212' title='bbox 857 4744 1098 4823; x_wconf 88' lang='lat' dir='ltr'>rantissorem</span> <span class='ocrx_word' id='word_1_213' title='bbox 1122 4744 1212 4821; x_wconf 92' lang='lat' dir='ltr'>dicti</span> <span class='ocrx_word' id='word_1_214' title='bbox 1238 4745 1425 4838; x_wconf 84' lang='lat' dir='ltr'>Gaulridi‚</span> <span class='ocrx_word' id='word_1_215' title='bbox 1454 4747 1537 4854; x_wconf 89' lang='lat' dir='ltr'>qui,</span> <span class='ocrx_word' id='word_1_216' title='bbox 1563 4747 1602 4823; x_wconf 92' lang='lat' dir='ltr'>in</span> <span class='ocrx_word' id='word_1_217' title='bbox 1626 4749 1912 4856; x_wconf 87' lang='lat' dir='ltr'>garantissorem</span> <span class='ocrx_word' id='word_1_218' title='bbox 1935 4747 2112 4823; x_wconf 88' lang='lat' dir='ltr'>advoatus</span> <span class='ocrx_word' id='word_1_219' title='bbox 2135 4774 2156 4821; x_wconf 92' lang='lat' dir='ltr'>a</span> <span class='ocrx_word' id='word_1_220' title='bbox 2179 4745 2279 4822; x_wconf 90' lang='lat' dir='ltr'>dicto</span> 
     </span>
     <span class='ocr_line' id='line_1_27' title="bbox 858 4862 2281 4985; baseline 0 -34"><span class='ocrx_word' id='word_1_221' title='bbox 858 4872 1041 4952; x_wconf 85' lang='lat' dir='ltr'>Gaulrido</span> <span class='ocrx_word' id='word_1_222' title='bbox 1067 4901 1193 4950; x_wconf 90' lang='lat' dir='ltr'>coram</span> <span class='ocrx_word' id='word_1_223' title='bbox 1218 4875 1415 4953; x_wconf 88' lang='lat' dir='ltr'>Parisiensi</span> <span class='ocrx_word' id='word_1_224' title='bbox 1441 4862 1650 4982; x_wconf 90' lang='lat' dir='ltr'>preposito,</span> <span class='ocrx_word' id='word_1_225' title='bbox 1673 4878 1755 4985; x_wconf 89' lang='lat' dir='ltr'>ejus</span> <span class='ocrx_word' id='word_1_226' title='bbox 1777 4875 1994 4984; x_wconf 90' lang='lat' dir='ltr'>garendiam</span> <span class='ocrx_word' id='word_1_227' title='bbox 2021 4874 2160 4951; x_wconf 91' lang='lat' dir='ltr'>dicitur</span> <span class='ocrx_word' id='word_1_228' title='bbox 2178 4902 2281 4951; x_wconf 84' lang='lat' dir='ltr'>rece·</span> 
     </span>
     <span class='ocr_line' id='line_1_28' title="bbox 857 5003 2281 5112; baseline 0 -33"><span class='ocrx_word' id='word_1_229' title='bbox 857 5004 971 5107; x_wconf 90' lang='lat' dir='ltr'>pisse,</span> <span class='ocrx_word' id='word_1_230' title='bbox 986 5032 1056 5081; x_wconf 93' lang='lat' dir='ltr'>suo</span> <span class='ocrx_word' id='word_1_231' title='bbox 1073 5022 1110 5085; x_wconf 91' lang='lat' dir='ltr'>et</span> <span class='ocrx_word' id='word_1_232' title='bbox 1124 5005 1382 5110; x_wconf 86' lang='lat' dir='ltr'>predictorum</span> <span class='ocrx_word' id='word_1_233' title='bbox 1396 5006 1568 5100; x_wconf 85' lang='lat' dir='ltr'>nomine,</span> <span class='ocrx_word' id='word_1_234' title='bbox 1584 5036 1629 5083; x_wconf 82' lang='lat' dir='ltr'>ex</span> <span class='ocrx_word' id='word_1_235' title='bbox 1644 5008 1775 5096; x_wconf 80' lang='lat' dir='ltr'>altera,</span> <span class='ocrx_word' id='word_1_236' title='bbox 1791 5032 1960 5112; x_wconf 90' lang='lat' dir='ltr'>supereo</span> <span class='ocrx_word' id='word_1_237' title='bbox 1973 5003 2079 5111; x_wconf 90' lang='lat' dir='ltr'>quod</span> <span class='ocrx_word' id='word_1_238' title='bbox 2092 5004 2182 5082; x_wconf 89' lang='lat' dir='ltr'>dicti</span> <span class='ocrx_word' id='word_1_239' title='bbox 2197 5032 2281 5081; x_wconf 92' lang='lat' dir='ltr'>con·</span> 
     </span>
     <span class='ocr_line' id='line_1_29' title="bbox 852 5133 2280 5245; baseline 0.001 -36"><span class='ocrx_word' id='word_1_240' title='bbox 852 5133 984 5240; x_wconf 87' lang='lat' dir='ltr'>juges,</span> <span class='ocrx_word' id='word_1_241' title='bbox 1005 5134 1154 5213; x_wconf 88' lang='lat' dir='ltr'>racione</span> <span class='ocrx_word' id='word_1_242' title='bbox 1180 5136 1280 5215; x_wconf 89' lang='lat' dir='ltr'>dicte</span> <span class='ocrx_word' id='word_1_243' title='bbox 1300 5136 1520 5245; x_wconf 83' lang='lat' dir='ltr'>Margarita,</span> <span class='ocrx_word' id='word_1_244' title='bbox 1547 5165 1616 5245; x_wconf 90' lang='lat' dir='ltr'>pro</span> <span class='ocrx_word' id='word_1_245' title='bbox 1640 5165 1709 5217; x_wconf 92' lang='lat' dir='ltr'>suo</span> <span class='ocrx_word' id='word_1_246' title='bbox 1730 5136 1927 5227; x_wconf 88' lang='lat' dir='ltr'>dotalicio,</span> <span class='ocrx_word' id='word_1_247' title='bbox 1947 5134 2145 5240; x_wconf 87' lang='lat' dir='ltr'>petebant,</span> <span class='ocrx_word' id='word_1_248' title='bbox 2167 5163 2280 5241; x_wconf 91' lang='lat' dir='ltr'>supra</span> 
     </span>
     <span class='ocr_line' id='line_1_30' title="bbox 858 5262 2280 5380; baseline 0.001 -40"><span class='ocrx_word' id='word_1_249' title='bbox 858 5262 1017 5341; x_wconf 88' lang='lat' dir='ltr'>domum</span> <span class='ocrx_word' id='word_1_250' title='bbox 1037 5264 1127 5347; x_wconf 85' lang='lat' dir='ltr'>dicti</span> <span class='ocrx_word' id='word_1_251' title='bbox 1147 5265 1340 5355; x_wconf 66' lang='lat' dir='ltr'>Gaulum,</span> <span class='ocrx_word' id='word_1_252' title='bbox 1363 5268 1410 5345; x_wconf 92' lang='lat' dir='ltr'>de</span> <span class='ocrx_word' id='word_1_253' title='bbox 1428 5296 1504 5380; x_wconf 88' lang='lat' dir='ltr'>qua</span> <span class='ocrx_word' id='word_1_254' title='bbox 1523 5267 1691 5346; x_wconf 87' lang='lat' dir='ltr'>ostencio</span> <span class='ocrx_word' id='word_1_255' title='bbox 1708 5265 1781 5347; x_wconf 83' lang='lat' dir='ltr'>fuit</span> <span class='ocrx_word' id='word_1_256' title='bbox 1797 5264 1911 5354; x_wconf 82' lang='lat' dir='ltr'>facta,</span> <span class='ocrx_word' id='word_1_257' title='bbox 1934 5265 2178 5343; x_wconf 90' lang='lat' dir='ltr'>medietatem</span> <span class='ocrx_word' id='word_1_258' title='bbox 2197 5293 2280 5373; x_wconf 92' lang='lat' dir='ltr'>sep-</span> 
     </span>
     <span class='ocr_line' id='line_1_31' title="bbox 858 5394 2279 5477; baseline 0.002 -7"><span class='ocrx_word' id='word_1_259' title='bbox 858 5411 936 5471; x_wconf 90' lang='lat' dir='ltr'>tem</span> <span class='ocrx_word' id='word_1_260' title='bbox 957 5395 1138 5474; x_wconf 91' lang='lat' dir='ltr'>librarum</span> <span class='ocrx_word' id='word_1_261' title='bbox 1158 5425 1244 5474; x_wconf 90' lang='lat' dir='ltr'>cum</span> <span class='ocrx_word' id='word_1_262' title='bbox 1268 5397 1398 5475; x_wconf 88' lang='lat' dir='ltr'>decem</span> <span class='ocrx_word' id='word_1_263' title='bbox 1421 5396 1553 5477; x_wconf 85' lang='lat' dir='ltr'>solidis</span> <span class='ocrx_word' id='word_1_264' title='bbox 1573 5394 1844 5475; x_wconf 85' lang='lat' dir='ltr'>Parisiensibus</span> <span class='ocrx_word' id='word_1_265' title='bbox 1866 5422 2000 5473; x_wconf 92' lang='lat' dir='ltr'>census</span> <span class='ocrx_word' id='word_1_266' title='bbox 2019 5424 2088 5474; x_wconf 85' lang='lat' dir='ltr'>seu</span> <span class='ocrx_word' id='word_1_267' title='bbox 2106 5395 2279 5475; x_wconf 90' lang='lat' dir='ltr'>redditus</span> 
     </span>
    </p>
   </div>
   <div class='ocr_carea' id='block_1_7' title="bbox 0 0 2914 7284">
    <p class='ocr_par' dir='ltr' id='par_1_7' title="bbox 0 0 2914 7284">
     <span class='ocr_line' id='line_1_32' title="bbox 0 0 2914 7284; baseline 0 0"><span class='ocrx_word' id='word_1_268' title='bbox 0 0 2914 7284; x_wconf 95' lang='lat' dir='ltr'> </span> 
     </span>
    </p>
   </div>
  </div>
 </body>
</html>
