5817 7292
846 1101 917 1172 126
1424 1095 1516 1169 LES
1542 1094 1679 1168 OLlM.

615 1264 746 1316 1111111
758 1253 802 1314 lv,
840 1269 881 1320 se
900 1239 1044 1319 absolvi
1064 1269 1085 1317 a
1102 1241 1290 1347 peticione
1309 1238 1497 1346 predicta:
1513 1238 1701 1330 Tandem,
1718 1235 1856 1314 auditis
1875 1265 1989 1344 super
2008 1238 2082 1316 hoc
2098 1244 2266 1347 panibus

678 1349 741 1394 1³0³.

841 1372 1054 1465 antedictis,
1085 1371 1172 1450 visis
1199 1372 1335 1449 litteris
1361 1387 1400 1448 et
1427 1369 1510 1447 aliis
1541 1397 1615 1476 que
1646 1368 1745 1446 dicte
1768 1384 1894 1475 partes
1926 1369 1967 1446 in
2002 1371 2105 1448 curia
2141 1393 2265 1454 nostra

841 1503 1111 1594 exhibuerunt,
1131 1530 1173 1580 nc
1193 1502 1377 1609 inquestis
1395 1529 1509 1607 super
1528 1501 1618 1577 hinc
1636 1499 1724 1576 inde
1742 1499 1962 1608 propositis,
1983 1501 2089 1580 lictis
2109 1503 2268 1614 diligen-

839 1653 908 1723 ter,
940 1635 1027 1713 visis
1052 1627 1350 1724 ettxaminatis,
1376 1662 1446 1740 per
1469 1633 1572 1710 curie
1602 1649 1730 1710 nostre
1754 1632 1964 1740 judicium,
1995 1635 2084 1712 dicti
2109 1637 2201 1714 socii
2230 1657 2267 1715 et

840 1784 1067 1844 mercatores
1086 1765 1352 1871 condempnati
1373 1763 1530 1841 luerunt
1544 1763 1593 1840 ad
1607 1763 1848 1841 reddendum
1865 1765 1977 1844 nobis
1992 1783 2162 1871 quartam
2183 1797 2267 1874 par-

839 1914 918 1974 tem
934 1896 1153 2003 quindecim
1165 1895 1332 1974 millium
1346 1895 1529 1972 librarum
1545 1894 1828 1972 Turonensium
1839 1923 2041 2002 parvorum
2055 1897 2103 1974 de
2118 1926 2266 1976 summa

839 2028 1022 2133 predicta,
1044 2026 1217 2104 deductis
1233 2045 1361 2104 tamen
1381 2025 1428 2103 de
1455 2023 1677 2132 hujusmodi
1702 2043 1834 2131 quarta
1856 2043 1960 2134 parte
1982 2027 2091 2105 nobis
2118 2028 2267 2136 adjudi-

841 2173 919 2234 cata
933 2173 1085 2233 centum
1098 2173 1134 2233 et
1147 2156 1278 2264 viginti
1288 2155 1471 2232 librarum
1482 2154 1764 2233 Turonensium
1777 2183 1990 2263 parvorum,
2004 2158 2152 2236 racione
2168 2189 2265 2237 com·

841 2287 1075 2393 pensacionis
1103 2302 1235 2394 quarte
1261 2287 1376 2394 partis
1401 2285 1654 2392 quarumdam
1679 2313 1912 2364 summarum
1939 2303 2200 2366 contentarum
2224 2292 2262 2366 in

841 2416 1069 2523 quibusdam
1093 2417 1229 2494 litteris
1252 2416 1355 2494 curie
1379 2429 1506 2493 nostre
1528 2416 1762 2522 perdicium
1785 2415 1968 2496 Guiotum
1994 2418 2184 2508 exhibitis,
2214 2420 2263 2498 de

842 2549 983 2655 quibus
1002 2549 1170 2626 constitit
1189 2548 1292 2625 curie
1311 2564 1437 2625 nostre
1457 2547 1637 2654 predicte.
1658 2550 1701 2626 ln
1722 2547 1844 2657 cujus,
1866 2567 1936 2627 etc.

898 2682 1005 2757 Lune
1025 2695 1111 2786 post
1132 2680 1311 2758 Sanctum
1330 2678 1584 2768 Clementem,
1606 2705 1706 2758 anno
1724 2680 1987 2758 trecentesimo
2006 2680 2136 2757 tercio.
2244 2721 2249 2726 ·

896 2942 989 3020 XVI.
1021 2942 1093 3018 Per
1111 2941 1324 3048 inquestam
1342 2941 1477 3020 factam
1499 2969 1612 3048 super
1630 2943 1852 3020 vendicione
1872 2942 2125 3049 quorumdam
2143 2942 2265 3020 bono·

843 3101 929 3151 rum
953 3073 1155 3151 mobilium
1177 3074 1355 3152 Esdcliue
1378 3075 1415 3152 la
1433 3073 1618 3166 Poilesse,
1641 3101 1711 3180 pro
1735 3073 1865 3152 debito
1888 3076 2016 3181 Regis,
2038 3102 2106 3179 per
2126 3073 2265 3150 Danie-

842 3205 919 3281 lem
946 3204 994 3280 de
1017 3205 1160 3296 insula,
1182 3221 1235 3296 et,
1258 3222 1302 3283 ut
1319 3206 1399 3311 ipsa
1419 3204 1582 3296 dicebat,
1603 3219 1732 3281 contra
1750 3231 1862 3282 usum
1888 3221 1926 3280 et
1952 3203 2264 3282 consuetudinem

843 3335 934 3423 loci,
954 3350 993 3411 et
1011 3335 1050 3409 in
1070 3333 1168 3411 dicte
1184 3334 1360 3413 Esdeline
1372 3335 1651 3444 prejudicium:
1672 3335 1771 3430 Quia
1787 3334 1884 3412 dicta
1902 3335 2079 3412 Esdelina
2095 3334 2169 3411 hoc
2185 3361 2263 3411 non

843 3463 1029 3571 probavit,
1052 3464 1169 3541 immo
1189 3467 1417 3544 contrarium
1432 3467 1621 3544 invenitur
1636 3493 1715 3544 esse
1735 3466 1955 3572 probatum,
1973 3467 2095 3544 dictus
2108 3465 2260 3552 Daniel,

833 3604 911 3700 'per
932 3595 1033 3671 curia
1049 3593 1256 3702 judicium,
1277 3626 1391 3703 super
1409 3597 1589 3705 predictis
1609 3597 1730 3675 extitit
1748 3595 1953 3674 absolutus.

899 3726 1138 3804 Presentibus
1161 3727 1396 3806 thesaurario
1419 3727 1695 3836 Andegavensi,
1718 3729 1829 3806 Petro
1850 3725 1898 3806 de
1923 3725 2201 3817 Bella-Pertica,
2227 3743 2264 3803 et

841 3857 873 3931 J.
895 3856 943 3934 de
963 3856 1215 3965 Montignaco.

900 3986 1056 4064 Sabbati
1076 4005 1161 4095 post
1179 3988 1360 4067 Sanctum
1377 3990 1534 4077 Lucam,
1552 4015 1651 4067 anno
1669 3987 1936 4067 trecentesimo
1955 3987 2084 4066 tercio.

897 4248 1007 4326 XVII.
1040 4247 1138 4327 Cum
1155 4250 1341 4330 Robertus
1353 4252 1389 4329 le
1404 4249 1646 4340 Parmanticr‚
1665 4249 1752 4326 civis
1766 4249 2067 4340 Silvanectcnsis,
2083 4249 2150 4356 qui
2166 4277 2265 4356 pays

842 4375 974 4453 sonam
1002 4378 1142 4458 foreste
1168 4401 1295 4461 nostre
1322 4383 1479 4493 Cuysie,
1507 4381 1593 4460 anni
1618 4381 1811 4459 millesimi
1831 4381 2084 4458 trecentesimi
2109 4381 2262 4458 secundi

843 4505 1044 4585 novissime
1058 4510 1246 4614 preteriti,
1262 4540 1331 4618 pro
1347 4530 1449 4591 certo
1460 4513 1587 4620 precio
1603 4509 1814 4618 agentibus
1828 4509 1964 4589 nostris
1984 4529 2139 4601 emerat,
2155 4510 2265 4588 nobis

844 4654 1070 4741 conquestus
1084 4639 1216 4718 luisset
1229 4643 1332 4750 quod
1348 4642 1443 4749 ipse,
1461 4671 1529 4749 per
1543 4643 1683 4722 lactum
1699 4642 1874 4750 gencium
1889 4659 2116 4729 nostrarum,
2134 4641 2172 4716 in
2191 4640 2264 4716 hu·

838 4766 1009 4873 jusmodi
1033 4772 1359 4880 quamplurimum
1385 4774 1672 4880 dampnificatus
1696 4772 1836 4862 fuerat,
1856 4801 1926 4879 pro
1947 4799 1992 4850 eo
2011 4772 2115 4878 quod
2132 4787 2264 4878 gentes

843 4913 971 4974 nostre
989 4897 1029 4973 in
1049 4899 1147 4978 dicta
1166 4931 1346 5012 payssona
1363 4904 1499 4981 eodem
1518 4922 1688 5012 tempore
1708 4903 1895 5011 porcellos
1909 4917 2058 4980 nostros
2071 4903 2111 4979 in
2128 4927 2264 5008 magno

842 5053 1001 5106 numero
1026 5051 1229 5136 posuerant
1254 5052 1293 5113 et
1315 5052 1514 5114 tenuerant
1539 5054 1667 5114 contra
1686 5034 1928 5114 voluntatem
1941 5032 2076 5140 ipsius,
2102 5034 2265 5138 ideoque

840 5174 988 5263 peteret
1005 5161 1076 5239 sibi
1097 5166 1276 5244 ressaisiri
1298 5168 1554 5274 dampnaque
1574 5169 1671 5276 ipse,
1691 5192 1761 5273 per
1774 5165 1915 5242 factum
1932 5165 2108 5271 gencium
2122 5179 2266 5240 nostra-

842 5317 945 5378 rum,
963 5294 1193 5372 sustinuerat
1209 5297 1248 5373 in
1266 5299 1465 5403 predictis:
1482 5299 1671 5389 Tandem,
1689 5297 1763 5374 visa
1777 5295 2049 5373 informacione
2064 5321 2177 5400 super
2191 5293 2265 5368 boc

842 5419 891 5496 de
918 5424 1091 5503 mandato
1111 5443 1240 5504 nostro
1259 5427 1369 5514 facta,
1388 5429 1466 5505 visa
1486 5427 1604 5506 eciam
1625 5427 1787 5532 quadam
1813 5425 1937 5502 littera
1956 5423 2127 5505 Gaulridi
2146 5422 2259 5500 Coca-
