5817 7292
911 1047 985 1118 510
1492 1033 1582 1107 LES
1608 1032 1747 1106 OLIM.

688 1199 815 1251 ainaim
828 1192 871 1259 IV.
909 1212 929 1261 a
944 1180 1062 1260 nobis.
1073 1177 1245 1255 abdicare
1262 1192 1300 1252 et
1313 1175 1352 1251 in
1365 1173 1482 1251 alium
1498 1172 1713 1261 transferre,
1731 1167 1906 1247 donando
1921 1168 1980 1245 vel
1994 1167 2101 1255 alias,
2117 1168 2330 1252 nullatenus

739 1289 801 1331 Μ’
908 1278 1092 1421 potuisse,
1109 1307 1177 1385 sed
1189 1305 1395 1412 predictam
1406 1303 1665 1382 omnimodam
1676 1298 1865 1408 justiciam
1877 1299 2102 1377 eorumdem
2116 1300 2326 1394 hominum,

909 1470 986 1519 non
1006 1436 1241 1517 obstantibus
1259 1434 1438 1542 predictis
1463 1433 1640 1519 omnibus
1664 1446 1834 1537 exparte
1858 1428 1948 1506 dicti
1974 1429 2082 1507 ducis
2111 1433 2329 1539 propositis,

908 1571 1082 1649 exhibitis
1102 1597 1144 1645 ac
1166 1566 1269 1655 visis,
1292 1565 1431 1655 debere
1452 1562 1553 1668 apud
1571 1585 1749 1639 coronam
1763 1559 1904 1665 regiam
1917 1576 2103 1665 perpetuo
2119 1589 2328 1641 remanere.

962 1701 1096 1779 Actum
1110 1696 1220 1804 ¹apud
1238 1694 1485 1782 Pontisaram,
1503 1691 1657 1769 sabbato
1672 1706 1756 1795 post
1770 1689 2056 1766 Penthecosten.

963 1832 1014 1907 M.
1035 1828 1080 1908 G.
1103 1828 1152 1905 de
1173 1827 1267 1903 Usco
1287 1821 1500 1929 reportavit.

963 1960 1059 2038 Huic
1073 1958 1243 2066 judicato
1262 1952 1514 2031 interfuerrmt
1532 1968 1571 2027 et
1591 1951 1630 2028 in
1658 1977 1704 2027 eo
1726 1965 1996 2027 consenserunt
2019 1948 2081 2027 isti
2101 1951 2171 2057 qui
2195 1979 2330 2030 secun.

906 2108 990 2167 tur:
1007 2088 1301 2167 Archidiaconus
1318 2081 1620 2173 Cathalanensis‚
1638 2126 1694 2137 -
1707 2080 1881 2156 Decanus
1901 2078 2191 2157 Sancti-Martini
2208 2082 2328 2159 Turo-

907 2219 1050 2307 nensis,
1069 2264 1126 2275 -
1145 2218 1284 2295 Cantor
1302 2212 1600 2299 Aurelianensis,
1619 2255 1677 2267 -
1692 2206 1908 2312 Prepesitus
1926 2208 2156 2300 Parisiensis,
2174 2254 2231 2267 -—
2247 2213 2326 2289 Ma-

906 2348 1020 2455 gister
1034 2346 1201 2424 Andreas
1215 2344 1441 2429 Poicheron,
1453 2388 1511 2399 —-
1522 2338 1699 2444 Magister
1708 2338 1739 2414 J.
1758 2337 1888 2427 Ducis,
1904 2337 2067 2415 decanus
2081 2338 2323 2429 Senonensis,

906 2476 1142 2554 subdecanus
1154 2471 1390 2559 Pictavensis,
1403 2514 1460 2531 --
1469 2460 1644 2575 Magister
1654 2470 1687 2543 J.
1704 2468 1752 2544 de
1764 2468 2140 2574 haym—Dominus
2151 2471 2260 2577 Hugo
2275 2471 2324 2547 de

906 2606 1027 2695 Cella,
1041 2647 1098 2663 -·-
1109 2600 1297 2680 Dominus
1315 2599 1511 2706 Philippus
1528 2599 1577 2675 de
1592 2598 1766 2686 Bleveau,
1783 2598 2042 2675 —Dominus
2060 2599 2217 2707 Egidius
2234 2600 2327 2677 Aoe-

908 2735 975 2813 tini
984 2797 993 2827 ,
1003 2777 1062 2792 -
1073 2730 1259 2812 Dominus
1270 2730 1302 2806 J.
1318 2729 1365 2806 de
1378 2728 1524 2835 Voyssi‚
1538 2774 1595 2787 --
1607 2728 1792 2806 Dominus
1804 2726 1852 2807 G.
1864 2726 2099 2807 Corteheuse
2107 2784 2118 2818 ,
2127 2770 2185 2786 -
2197 2728 2329 2807 Domi-

908 2893 979 2942 nus
1006 2864 1051 2943 G.
1078 2864 1126 2941 de
1150 2860 1366 2949 Hanecuria,
1383 2844 1445 2917 ’--
1463 2859 1650 2938 Dominus
1672 2856 1846 2936 Matheus
1867 2859 1916 2936 de
1939 2859 2045 2948 Tria,
2065 2906 2123 2917 -
2140 2859 2329 2938 Dominus

909 2998 948 3073 P.
968 2996 1015 3073 de
1027 2993 1189 3083 Volinis,
1203 2990 1450 3068 -Dominus
1463 2991 1496 3066 J.
1508 2990 1556 3067 de
1570 2988 2037 3081 Machello,—-Dominus
2051 2988 2097 3067 Η.
2110 2990 2158 3069 de
2170 2989 2327 3081 Boaulia,

908 3123 1197 3205 -Guillelmus
1212 3123 1259 3200 de
1273 3124 1477 3230 Hangesto,
1489 3166 1547 3179 -
1561 3121 1692 3197 Petms
1704 3118 1752 3197 de
1762 3118 1940 3227 Dyciaco,
1951 3120 2153 3199 -Comes
2162 3120 2325 3210 Valesie,

908 3302 963 3315 -—
983 3257 1119 3335 Comes
1138 3250 1401 3342 Sancti-Pauli,
1418 3296 1475 3309 -
1490 3250 1696 3357 Episcopus
1715 3250 2012 3328 Constanciensis
2023 3257 2046 3342 ¹,
2067 3293 2123 3310 ··—
2140 3250 2325 3329 Dominus

908 3391 985 3465 Rex
1005 3387 1071 3493 qui
1090 3412 1245 3492 presens
1265 3398 1353 3459 erat.

965 3516 1044 3621 Ego
1060 3512 1289 3593 Godefridus
1307 3511 1415 3589 istam
1431 3511 1643 3618 inquestam
1657 3511 1799 3617 portavi
1815 3513 1914 3617 apud
1929 3510 2112 3601 Asnieras,
2126 3527 2165 3587 et
2179 3511 2321 3615 ipsam,

909 3645 956 3722 de
976 3643 1152 3723 mandato
1173 3642 1317 3721 domini
1338 3641 1467 3749 Regis,
1490 3641 1629 3718 tradidi
1648 3641 1804 3719 domino
1822 3642 1970 3719 Thome
1990 3640 2038 3718 de
2053 3640 2324 3732 Mariontaine,

909 3803 1008 3853 anuo
1026 3772 1290 3853 trecentesimo
1311 3772 1596 3865 decimonono,
1618 3770 1713 3849 circa
1730 3771 2014 3849 Penthecosten.

965 4036 1023 4115 CI.
1051 4035 1151 4113 Mota
1175 4034 1257 4124 lite,
1277 4033 1317 4109 in
1338 4032 1440 4110 curia
1464 4049 1606 4121 nostra,
1636 4034 1735 4134 inter
1753 4031 1957 4111 Girardum
1980 4032 2028 4109 de
2048 4031 2216 4122 Praedia,
2237 4049 2328 4110 tunc

909 4165 1140 4271 prepositum
1160 4164 1470 4251 Laudunensem,
1493 4190 1537 4240 ex
1555 4179 1658 4269 parte
1678 4191 1769 4253 una,
1792 4179 1831 4239 et
1849 4162 2025 4241 homines
2043 4180 2082 4277 et
2101 4163 2329 4241 habitatores

911 4294 958 4371 de
979 4293 1201 4383 Cathalano,
1219 4322 1263 4371 ex
1282 4293 1414 4383 altera,
1431 4321 1544 4400 super
1563 4319 1609 4371 eo
1624 4293 1729 4399 quod
1743 4292 1867 4370 dietus
1885 4292 2067 4372 Girardus
2082 4292 2229 4370 dicebat
2243 4291 2330 4399 plu-

908 4451 967 4501 res
979 4423 1133 4533 injurias
1145 4424 1287 4514 eidem,
1301 4442 1392 4501 tunc
1405 4424 1596 4532 preposito
1608 4422 1867 4515 Laudunensi,
1880 4440 2039 4501 etsuum
2054 4421 2221 4501 officium
2230 4449 2329 4513 exer·

907 4554 1005 4632 reati
1026 4556 1065 4632 in
1084 4554 1170 4633 villa
1187 4553 1466 4643 Cathalanensi,
1487 4582 1555 4660 per
1575 4554 1693 4632 dictos
1710 4554 1884 4632 homiues
1904 4570 1945 4632 et
1967 4553 2194 4632 habitatores
2212 4551 2326 4631 {trisse

907 4682 1033 4775 factas,
1053 4685 1092 4761 in
1112 4685 1227 4791 ipsius
1244 4683 1392 4764 Girardi
1412 4684 1589 4792 injuriam
1606 4702 1644 4763 et
1665 4685 1870 4792 dampnum
1887 4714 1930 4763 ac
1948 4702 2120 4763 nostrum
2135 4699 2324 4787 contemp-

907 4831 1006 4909 tum,
1021 4843 1135 4922 quare
1147 4813 1299 4921 petebat
1313 4815 1433 4895 dictos
1443 4816 1617 4918 homines
1627 4832 1666 4893 et
1674 4815 1902 4893 habitatores
1913 4831 2107 4923 tamquam
2118 4815 2323 4900 universos,

907 4945 978 5023 sibi
1000 4963 1038 5025 et
1059 4946 1185 5035 nobis,
1211 4962 1365 5052 propter
1388 4948 1480 5037 hoc,
1504 4946 1772 5055 condempnari
1799 4946 1839 5022 in
1859 4946 2058 5023 emendam
2083 4946 2325 5051 condignam,

906 5093 1147 5182 procuratore
1176 5074 1362 5152 dictorum
1389 5076 1590 5155 hominum
1622 5077 1771 5155 dicente
1801 5075 1921 5155 dictos
1950 5077 2142 5165 homines,
2174 5092 2218 5153 ut
2243 5074 2328 5151 uni-

950 5256 958 5287 ¹
981 5233 1076 5319 oum
1090 5257 1107 5318 b
1121 5258 1184 5319 oste
1200 5282 1206 5317 :
1223 5256 1254 5319 si
1273 5256 1343 5320 dicti
1357 5256 1492 5321 homines
1506 5272 1577 5321 sunt
1651 5263 1734 5345 apres
1749 5280 1825 5344 conp
1836 5270 1912 5321 eton
1927 5258 2163 5342 pcurraitcroire
2173 5254 2326 5342 qu'iletait

905 5358 997 5422 libere
1017 5378 1148 5445 persone.
1166 5360 1206 5423 Le
1225 5372 1288 5421 mot
1301 5359 1368 5421 dicti
1385 5380 1401 5421 a
1417 5362 1463 5422 dte
1480 5364 1577 5446 aJ'outs
1652 5363 1764 5425 destino
1779 5363 1796 5423 h
1810 5362 2011 5445 remplacerle
2025 5363 2132 5423 motti.
