5817 7292
916 1015 990 1093 saa
1496 1018 1587 1092 aas
1617 1017 1759 1092 omn.
1872 998 1877 1006 '

688 1181 818 1235 mrum
832 1172 876 1237 1v,
971 1160 1046 1239 XL.
1078 1159 1197 1252 Cum,
1227 1158 1435 1236 secundum
1465 1160 1749 1239 ordinacionem
1778 1158 1881 1237 curie
1906 1176 2054 1251 nostre,
2085 1161 2133 1241 de
2158 1192 2369 1247 consensu*

749 1270 813 1315 Μ’
916 1291 1128 1373 Salomonis
1149 1291 1330 1382 Britonis,
1359 1290 1512 1368 scolaris
1530 1291 1769 1382 Parisiensis,
1797 1319 1866 1397 per
1888 1288 2031 1369 litteras
2054 1312 2216 1387 nostras,
2237 1326 2343 1375 man·

916 1425 1108 1502 dassemus
1133 1421 1271 1499 ballivo
1296 1421 1519 1500 Bituricensi
1548 1421 1653 1528 quod
1681 1422 1761 1529 ipse
1786 1438 1916 1500 contra
1943 1422 2030 1502 illos
2053 1426 2120 1533 qui
2151 1427 2344 1508 vileuiave

913 1574 1005 1634 runt
1020 1582 1088 1634 seu
1099 1553 1267 1631 vileniari
1287 1552 1458 1631 fecerunt
1472 1569 1538 1630 aut
1555 1570 1853 1660 procuraverunt
1862 1553 2011 1633 dictum
2028 1557 2288 1652 Salomonem,
2306 1578 2344 1638 et

912 1693 1043 1766 contra
1058 1686 1320 1796 fidejussorem
1336 1714 1450 1793 super
1465 1684 1538 1761 hoc
1550 1684 1697 1774 datum,
1714 1712 1863 1763 necnon
1877 1704 2009 1765 contra
2022 1692 2261 1799 prepositum
2275 1693 2341 1800 qui

913 1819 1176 1928 fidejussorem
1187 1817 1408 1926 hujusmodi
1420 1816 1606 1923 recepisse
1615 1816 1765 1908 dicitur,
1778 1845 1847 1923 pro
1858 1846 2012 1898 recursu
2023 1820 2202 1901 babendo
2214 1840 2342 1905 contra

913 1952 1038 2060 ipsum
1048 1951 1099 2042 ,si
1114 1950 1240 2029 minus
1252 1949 1446 2058 ydoneum
1457 1947 1721 2057 fidejussorem
1736 1950 1893 2056 recepit,
1908 1951 2047 2029 vocatis
2060 1938 2277 2044 evocandis,
2294 1956 2340 2032 de

913 2083 1025 2191 plano
1038 2082 1250 2190 inquireret
1265 2080 1476 2171 veritatem,
1499 2080 1547 2157 ad
1567 2079 1678 2157 illum
1696 2079 1814 2158 finem
1834 2083 1940 2188 quod
1959 2080 2099 2162 factum
2120 2085 2338 2194 hujusmodi

912 2232 1174 2323 competenter
1190 2213 1426 2302 emendetur,
1445 2228 1484 2289 et
1497 2212 1642 2290 dictum
1659 2212 1859 2319 negocium
1874 2211 2104 2293 sufficienter
2117 2217 2338 2293 instructum
2419 2254 2428 2265 ·

914 2348 961 2426 nd
986 2348 1128 2424 curiam
1149 2363 1314 2423 nostram
1340 2342 1566 2433 remitteret,
1587 2343 1635 2421 ad
1658 2344 1764 2421 diem
1787 2343 1933 2422 ballivie
1952 2346 2203 2425 Bitturieensis
2221 2347 2341 2454 parla-

913 2479 1032 2557 menti
1046 2477 1243 2585 presentis,
1260 2475 1397 2552 dictam
1412 2474 1515 2554 diem
1525 2475 1694 2584 partibus
1706 2503 1868 2583 quarum
1878 2477 2035 2555 interest
2042 2507 2155 2586 super
2164 2480 2253 2569 hoc,
2271 2480 2339 2556 Pa-

912 2611 1039 2701 risius,
1055 2606 1294 2716 assignando,
1312 2606 1616 2714 comparentibus
1630 2607 1678 2684 ad
1696 2607 1834 2685 dictam
1850 2608 1952 2685 diem
1966 2609 2143 2701 Parisios,
2164 2611 2203 2687 in
2222 2611 2339 2718 parla-

913 2759 1041 2821 mento
1057 2756 1185 2819 nostro
1203 2738 1339 2817 ballivo
1355 2738 1527 2848 predicto
1541 2766 1627 2817 cum
1642 2740 1815 2847 inquesta
1831 2768 1944 2846 quam
1962 2740 2061 2847 ipse,
2074 2771 2162 2819 cum
2176 2743 2287 2822 certis
2304 2760 2341 2821 et

877 2895 882 2903 “
911 2874 1071 2985 ydoneis
1085 2872 1257 2982 personis
1272 2901 1369 2981 quas·
1384 2872 1423 2949 in
1439 2870 1662 2979 hujusmodi
1683 2871 1755 2949 sibi
1772 2872 1958 2980 adjunxit,
1975 2872 2116 2953 fecerat
2134 2904 2248 2984 super
2258 2904 2341 2984 pre-

913 3005 1037 3096 dictis,
1060 3004 1268 3084 secundum
1285 3020 1458 3082 tenorem
1472 3004 1640 3081 mandati
1655 3003 1832 3111 predicti,
1854 3003 1956 3081 dicto
1972 3005 2174 3087 Salomone
2194 3036 2340 3086 necnon
2466 3008 2470 3011 ⁴

911 3153 1154 3247 procuratore
1175 3150 1304 3213 nostro
1327 3134 1425 3212 dicte
1443 3135 1595 3213 ballivie
1612 3135 1888 3227 Bitturicensis,
1910 3163 1954 3212 ex
1975 3165 2051 3213 una
2073 3155 2194 3245 parte,
2217 3154 2255 3215 et
2272 3167 2339 3245 pe-

911 3269 1081 3348 tentibus
1108 3268 1246 3345 dictam
1270 3268 1482 3375 inquestam
1501 3266 1621 3345 videri
1647 3286 1686 3346 et
1703 3268 1881 3377 judicari;
1907 3268 2014 3357 item,
2041 3298 2085 3346 ex
2112 3269 2183 3345 alia
2212 3287 2333 3375 parte,

832 3416 835 3424 '
911 3400 1082 3478 lobanne
1106 3399 1153 3478 de
1174 3401 1309 3506 Loyse,
1332 3398 1489 3477 domino
1510 3397 1557 3476 de
1577 3399 1691 3488 Gruz,
1711 3428 1797 3477 cum
1815 3398 2037 3506 quibusdam
2058 3398 2154 3489 aliis,
2173 3400 2336 3479 Henrioo

913 3533 969 3609 de'
985 3534 1141 3621 Parnes,
1170 3528 1393 3638 fidejussore
1418 3531 1600 3609 lobannis
1621 3531 1818 3639 Piquardi,
1832 3530 1897 3639 qui
1924 3530 2069 3608 dictum
2095 3530 2336 3609 Salomonem

911 3662 1050 3741 dicitur
1073 3661 1282 3752 vileniassc‚
1312 3691 1355 3739 ac
1379 3661 1563 3742 Michaele
1582 3662 1632 3740 de
1649 3662 1827 3752 Parisios,
1852 3660 2046 3770 quondam
2068 3662 2260 3768 preposito
2288 3663 2336 3741 de

907 3794 1414 3885 Sancti-Petri-Monasterio,
1432 3796 1499 3903 qui
1513 3794 1657 3873 dictum
1671 3792 1949 3872 malefactorem
1965 3793 2107 3900 cepisse
2120 3809 2159 3871 et
2170 3794 2338 3871 tenuisse

908 3927 1049 4005 dicitur
1068 3944 1106 4004 et
1124 3926 1386 4017 recredidisse,
1409 3926 1475 4034 qui
1495 3925 1657 4005 Micbael
1671 3926 1883 4034 inquestam
1906 3924 2132 4032 prodictam,
2155 3942 2337 4033 quantum

908 4060 956 4137 ed
970 4087 1027 4147 se,
1041 4059 1277 4167 proponebat
1298 4088 1375 4137 non
1393 4086 1474 4137 esse
1491 4058 1739 4166 completam:
1757 4056 1908 4135 Auditis
1924 4056 2014 4135 binc
2033 4056 2123 4137 inde
2136 4056 2338 4163 propositis

909 4208 946 4268 et
965 4191 1041 4269 visa
1060 4191 1231 4299 inquesta
1254 4190 1438 4297 predicta,
1462 4220 1549 4267 cum
1570 4190 1610 4267 in
1631 4218 1674 4268 ea
1695 4190 1892 4267 inventum
1912 4186 2045 4278 luerit,
2063 4217 2107 4266 ex
2125 4205 2229 4295 parte
2251 4216 2339 4265 nos·

907 4339 963 4401 tra
976 4322 1094 4415 luisse,
1104 4323 1358 4433 propositum,
1371 4340 1499 4401 contra
1510 4322 1725 4401 lobannem
1735 4321 1783 4399 de
1798 4323 1934 4430 Loyse,
1950 4320 2146 4398 dominum
2162 4320 2210 4397 de
2223 4319 2334 4413 Cruz,

908 4454 1178 4547 Alexandrum,
1202 4456 1282 4564 ejus
1301 4453 1470 4548 fratrem,
1486 4454 1739 4535 Guillelmum
1758 4453 1938 4535 Germani
1958 4472 1997 4531 et
2010 4453 2255 4561 Hugouinum
2269 4452 2338 4531 Ga·

906 4585 997 4677 bati,
1015 4587 1119 4695 quod
1138 4587 1205 4695 ipsi
1226 4603 1266 4665 et
1283 4614 1416 4667 eorum
1437 4586 1600 4695 quilibet
1614 4586 1758 4665 dictum
1775 4584 2019 4666 Salomonem
2034 4583 2336 4673 Britonem,soo·

907 4716 1036 4810 larem,
1051 4736 1094 4795 ut
1106 4718 1256 4813 dicitur,
1268 4718 1528 4810 Parisiensem,
1543 4718 1636 4796 etin
1651 4735 1778 4797 nostra
1792 4716 1943 4825 speciali
1957 4714 2086 4827 gardia
2101 4715 2332 4807 existentem,

906 4849 1092 4929 violenter
1117 4869 1155 4929 et
1182 4880 1269 4929 cum
1295 4850 1408 4929 armis
1430 4849 1722 4929 verberaverunt
1748 4864 1787 4929 et
1810 4849 2100 4927 vulneraverunt
2127 4864 2165 4924 et
2192 4873 2337 4953 equum

906 5010 1018 5061 suum
1037 5000 1075 5061 et
1089 4982 1266 5062 maletam
1285 5012 1409 5073 suam,
1431 5012 1520 5062 cum
1535 4982 1648 5061 bonis
1668 4982 1751 5091 ejus
1767 4980 1912 5060 ibidem
1929 4977 2192 5070 existentibus,
2207 5004 2336 5054 secum

905 5132 1149 5223 portaverunt
1160 5143 1228 5194 seu
1242 5115 1422 5221 premissa
1432 5114 1515 5192 lieri
1529 5114 1803 5193 mandaverunt
1813 5131 1852 5191 et
1862 5127 2175 5222 procuraverunt,
2191 5126 2230 5187 et
2240 5125 2333 5197 rata,

905 5262 1084 5354 tanquam
1100 5244 1254 5324 nomine
1271 5273 1339 5323 suo
1351 5243 1460 5337 lacta,
1476 5246 1710 5340 habuerunt,
1722 5247 1772 5325 ad
1786 5245 1896 5357 illum
1911 5244 2028 5321 linem
2040 5259 2098 5335 ut,
2110 5240 2141 5319 si
2157 5239 2336 5347 premissa

906 5377 1059 5456 veritate
1078 5378 1301 5467 niterentur,
1326 5376 1417 5455 dicti
1437 5378 1492 5456 rei
1511 5377 1623 5457 uobis
1642 5377 1805 5458 aedicto
1824 5375 2017 5457 Salomoni
2037 5390 2077 5453 et
2094 5372 2177 5451 aliis
2195 5369 2338 5481 quibus
