5817 7292
884 1097 958 1169 tto
1468 1094 1557 1164 LES
1583 1091 1723 1164 OLIM.

658 1251 787 1303 Pvuwrt
800 1250 843 1312 tv,
881 1257 966 1317 sent
978 1238 1139 1326 eisdem,
1155 1236 1422 1340 dedissentque
1438 1250 1565 1312 contra
1581 1232 1913 1337 dictosflugonem
1930 1249 1970 1307 et
1981 1232 2199 1314 Guidonem
2219 1265 2307 1316 suos

719 1341 781 1382 1509.

883 1370 1077 1462 articulos,
1092 1370 1190 1447 inter
1201 1384 1322 1447 cetera
1336 1365 1572 1443 continentes
1585 1366 1691 1471 quod
1705 1362 1920 1470 ipsi'Guido
1938 1382 1976 1441 et
1996 1367 2213 1473 Aymericus
2228 1367 2308 1445 Ou-

884 1502 1008 1594 dardi,
1026 1529 1064 1579 se
1080 1502 1261 1579 timentes
1273 1497 1412 1607 gravari
1427 1524 1498 1603 per
1511 1496 1634 1575 dictos
1645 1498 1846 1603 Hugonem
1867 1512 1906 1571 et
1920 1496 2136 1577 Gnidonem
2151 1500 2199 1577 de
2212 1501 2308 1578 Bau-

885 1662 993 1741 ceyo,
1005 1632 1151 1723 fratres,
1170 1648 1208 1709 et
1222 1626 1439 1709 Gnidonem
1458 1628 1505 1705 de
1521 1627 1708 1734 Rauceyo,
1722 1627 1898 1717 militem,
1913 1657 2047 1709 eorum
2062 1630 2304 1720 avunculum,

883 1794 952 1871 pro
981 1762 1158 1869 eoquod
1185 1790 1271 1841 cum
1298 1760 1368 1866 ipsi
1394 1758 1526 1839 Guido
1548 1776 1586 1836 et
1611 1758 1830 1866 Aymericus
1859 1760 2083 1868 cbouceyam
2110 1762 2304 1869 cujusdam

881 1898 1017 2005 stagni,
1040 1896 1100 1971 siti
1122 1894 1160 1971 in
1179 1893 1315 2000 riparia
1331 1892 1379 1969 de
1395 1891 1516 1983 Suen,
1539 1920 1654 1997 quarn
1671 1890 1754 1970 fieri
1771 1890 1909 1969 fecerat
1924 1894 2034 2001 Hugo
2055 1894 2102 1971 de
2118 1896 2303 2000 Bauceyo,

883 2029 1007 2120 miles,
1024 2026 1215 2133 quondam
1232 2041 1337 2132 pater
1348 2023 1520 2132 Hugonis
1533 2040 1572 2099 et
1582 2022 1771 2102 Guidonis
1783 2024 1831 2121 de
1847 2024 2016 2132 Baueeyo
2031 2024 2302 2157 mediatorum,

881 2161 922 2236 in
940 2159 1053 2237 feodo
1075 2175 1112 2235 et
1126 2157 1389 2265 jurisdictione
1410 2155 1499 2233 dicti
1519 2153 1705 2262 Aymerici
1724 2155 1913 2244 Oudardi,
1934 2157 2133 2262 rupissent,
2162 2158 2302 2235 utendo

877 2290 964 2396 jure
985 2319 1053 2369 suo
1075 2307 1112 2367 et
1125 2288 1388 2396 jurisdictione
1405 2316 1489 2379 sna,
1504 2305 1548 2363 ut
1563 2286 1755 2377 dicebant;
1773 2286 2062 2393 peciissentque,
2080 2314 2203 2363 coram
2220 2286 2302 2363 bal·

881 2420 955 2499 livo
971 2421 1343 2509 nostro.'furonensi,
1361 2434 1701 2498 assecurament-nm
1714 2418 1786 2497 sibi
1802 2419 1882 2497 dari
1898 2448 1918 2493 a
1934 2417 2041 2496 dictis
2055 2416 2246 2506 fratribus,
2265 2439 2303 2497 et

882 2553 988 2657 quod
1013 2548 1116 2631 idem
1146 2552 1306 2631 ballivus
1335 2550 1436 2657 ipsos
1461 2548 1678 2629 Gnidonem
1704 2568 1744 2629 et
1771 2549 2025 2659 Aymerictrm,
2052 2550 2236 2656 acciperet
2261 2551 2301 2627 in

882 2700 1008 2759 nostra
1027 2684 1152 2791 gardia
1172 2680 1341 2789 speciali3
1364 2680 1564 2788 dictusque
1580 2680 1755 2771 ballivus,
1778 2681 1933 2765 eosdem
1947 2679 2163 2760 Gnidonam
2181 2670 2303 2789 esay-

880 2813 1064 2892 mericnm
1080 2815 1120 2891 in
1140 2829 1264 2889 nostra
1278 2812 1406 2922 gardia
1424 2812 1647 2919 suscipiens,
1667 2813 1778 2909 certis
1796 2812 2046 2892 servientibus
2064 2814 2199 2893 nostris
2218 2813 2302 2919 plu-

878 2945 951 3023 ries
978 2945 1144 3023 dedisset
1166 2944 1205 3021 in
1231 2943 1416 3023 mandatis
1435 2943 1541 3051 quod
1560 2945 1630 3052 ipsi
1653 2945 1874 3023 accederent
1892 2945 1941 3023 ad
1960 2944 2097 3025 domos
2118 2946 2301 3024 dictorum

877 3075 1032 3155 fratrum
1049 3094 1085 3154 et
1102 3075 1295 3165 avunculi,
1312 3093 1351 3153 et
1366 3076 1509 3154 eisdem
1527 3076 1663 3155 dictam
1680 3076 1819 3155 selvam
1833 3077 2001 3185 gardiam
2013 3076 2249 3167 intimarent,
2266 3096 2304 3155 et

878 3206 1096 3285 inhiberent
1108 3208 1177 3297 eis,
1195 3235 1241 3285 ex
1253 3225 1356 3314 parte
1372 3226 1515 3297 nostra,
1529 3236 1578 3287 ne
1593 3208 1704 3285 dictis
1714 3206 1884 3295 Gnidoni
1896 3226 1934 3285 et
1946 3206 2142 3315 Aymerico
2158 3208 2300 3315 aliquas

877 3337 1045 3446 injuriae,
1061 3338 1275 3429 videncias,
1295 3368 1362 3418 seu
1379 3339 1540 3448 dampna
1554 3340 1740 3419 incorum
1757 3340 1927 3447 personis
1940 3357 1978 3417 et
1993 3334 2105 3417 bonis
2119 3337 2299 3418 inferrent

877 3472 1193 3577 quoquomodo,
1222 3488 1258 3548 et
1277 3470 1398 3580 quod,
1426 3472 1636 3551 secundum
1662 3472 1973 3550 consuetudinem
1998 3487 2114 3557 terre,
2141 3471 2296 3575 prestari

876 3631 944 3708 per
964 3601 1082 3681 dictos
1101 3602 1231 3681 fratres
1251 3621 1291 3682 et
1309 3605 1537 3708 avunculum
1556 3604 1721 3683 facerent
1740 3605 1792 3683 eis
1810 3618 2169 3692 assecuramentum3
2187 3601 2297 3681 dicti·

876 3762 951 3839 qne
975 3735 1194 3827 servientes,
1216 3734 1264 3812 ad
1284 3734 1419 3815 domos
1442 3736 1633 3815 dictorum
1656 3735 1813 3813 fratrum
1837 3752 1874 3813 et
1897 3732 2068 3813 avunculi
2089 3734 2296 3823 venientes,

874 3863 1154 3943 intimacionem
1180 3884 1218 3944 et
1241 3868 1517 3947 inhibicionem.
1539 3868 1725 3975 predictas
1748 3865 1924 3947 fecissent
1942 3863 2085 3942 familie
2109 3862 2298 3942 dictorum

874 3996 1030 4075 fratrum
1047 4015 1086 4074 et
1099 3999 1292 4087 avunculi,
1308 4018 1361 4089 et,
1378 4017 1531 4107 propter
1544 4026 1678 4078 eorum
1694 3998 1923 4088 absenciam,
1940 3996 2186 4104 injunxissent
2200 3994 2299 4074 dicte

873 4126 1013 4204 familie
1029 4128 1133 4233 quod
1148 4130 1335 4237 predictas
1350 4130 1633 4211 intirnaoionem
1649 4146 1687 4209 et
1699 4129 1971 4209 inhibicionem
1986 4155 2118 4205 eorum
2136 4125 2299 4205 dominis

873 4285 985 4362 quam
1008 4259 1121 4338 cicius
1137 4280 1309 4366 possent,
1331 4262 1564 4350 intimarent,
1583 4276 1628 4341 et.
1641 4262 1748 4371 quod
1766 4260 1867 4369 apud
1886 4260 2090 4337 Lodunum
2109 4257 2296 4346 venirent,

873 4416 983 4493 qnam
1002 4390 1117 4467 cicius
1136 4410 1305 4497 possent,
1328 4393 1474 4470 dictum
1490 4410 1834 4471 assecuramcntum
1855 4390 2064 4497 prostituti,
2082 4387 2187 4496 quod
2206 4388 2297 4467 dicti

872 4516 1003 4597 fratres
1020 4520 1141 4599 facere
1159 4552 1237 4601 non
1257 4542 1450 4616 curarunt;
1474 4542 1511 4602 et
1529 4524 1651 4602 dictus
1670 4523 1717 4603 G.
1738 4524 1787 4601 de
1806 4526 1993 4629 Rauceyo,
2016 4520 2124 4597 miles
2132 4568 2147 4607 ,·
2163 4547 2294 4603 eornm

872 4652 1091 4741 avunculus,
1112 4682 1226 4760 super
1246 4653 1318 4733 hoc
1331 4656 1580 4763 personaliter
1598 4655 1803 4761 requisitus
1819 4671 1857 4731 et
1871 4652 2039 4733 monitus
2052 4679 2120 4759 par
2133 4652 2294 4729 servien-

731 4839 734 4847 ,
869 4796 926 4857 tes
950 4800 1114 4876 nostros,
1140 4786 1186 4863 ad
1211 4786 1284 4863 hoc
1304 4786 1375 4863 sihi
1400 4786 1611 4894 specialiter
1634 4786 1839 4864 destinatos
1861 4812 1929 4891 per
1947 4782 2124 4861 ballivum
2146 4780 2292 4887 predic-

869 4928 969 4999 tum,
991 4942 1120 5018 parere
1142 4918 1323 4997 recusavit
1347 4918 1507 5010 eisdem;
1536 4918 1737 5025 dictusque
1754 4916 1915 4996 ballivus
1940 4915 2171 5024 precepisset
2187 4912 2294 4991 dictis

870 5042 1117 5123 servientibus
1141 5049 1244 5153 quod
1277 5050 1397 5128 dictos
1420 5050 1639 5131 Gnidonem
1667 5066 1706 5127 et
1730 5048 1971 5159 Aymericnm
1994 5044 2164 5127 Oudardi
2191 5042 2294 5151 apud

763 5238 764 5243 ,
868 5174 1073 5253 Lodunum
1093 5177 1276 5257 ducerent
1296 5181 1334 5257 in
1353 5182 1519 5287 prisione
1534 5200 1676 5272 nostra,
1693 5193 1763 5290 pro
1783 5180 1878 5259 solva
1896 5179 2025 5289 gardia
2043 5176 2232 5264 habenda,
2255 5191 2293 5251 et

867 5304 973 5411 quod
998 5307 1135 5385 iterum
1164 5309 1211 5386 ad
1235 5309 1370 5390 domos
1394 5311 1584 5391 dictorum
1608 5312 1765 5393 fratrum
1789 5330 1827 5390 et
1851 5309 2024 5389 avunculi
2047 5308 2231 5393 redirent,
2253 5320 2292 5380 et

866 5434 1029 5519 facerent
1045 5437 1218 5517 mandata
1233 5442 1462 5549 supradicta,
1483 5461 1521 5521 et
1535 5444 1655 5549 qnod,
1676 5445 1715 5522 in
1733 5443 1931 5532 domibus,
1949 5439 2132 5547 stangnis,
2148 5436 2290 5516 molen·
