5817 7292
861 1159 932 1231 nc
1209 1136 1215 1145 '
1442 1158 1533 1230 uns
1564 1155 1705 1231 omn.

634 1308 765 1363 Purarrrn
775 1306 819 1370 tv,

695 1398 757 1441 isos.

1377 1472 1465 1529 Post*
1493 1474 1764 1528 pantanorum

913 1692 939 1769 Ι.
970 1692 1159 1771 Gentibus
1174 1693 1322 1769 scacarii
1338 1725 1347 1770 ι
1368 1693 1466 1771 Cum
1485 1692 1708 1772 informacio
1721 1721 1789 1801 per
1803 1692 2056 1774 Guillelmum
2072 1692 2109 1771 le
2124 1690 2279 1771 Ferrom

855 1822 965 1916 facta,
987 1822 1036 1900 ad
1055 1822 1274 1901 instanciam
1297 1824 1449 1902 Henrici
1472 1824 1519 1903 de
1540 1824 1834 1933 Heugue·Villa,
1856 1852 1968 1931 super
1989 1823 2208 1931 serjanteria
2232 1823 2280 1901 de

854 1953 1081 2043 Pavelliaco,
1107 1982 1221 2060 quam
1249 1954 1505 2062 serjanteriam
1534 1954 1658 2034 dictus
1681 1954 1865 2033 Henricus
1884 1954 2015 2031 asserit
2038 1953 2087 2031 ad
2113 1982 2171 2046 se,
2193 1954 2282 2061 jure

856 2085 1102 2174 hereditario,
1118 2085 1325 2193 pertinere,-
1340 2086 1494 2163 Nicolao
1514 2085 1562 2163 de
1577 2084 1682 2165 Valle
1700 2084 1861 2163 eandem
1876 2083 1925 2161 ad
1939 2111 2025 2175 nos,
2044 2111 2123 2162 non
2140 2082 2190 2161 ad
2204 2082 2283 2159 dic·

856 2236 939 2296 tum
949 2216 1374 2324 Henricum‚pertincre
1386 2214 1846 2322 dicente,presentibuset
1859 2215 1997 2294 auditis
2008 2214 2118 2293 dictis
2127 2214 2280 2293 Nicoiao

857 2367 895 2427 et
908 2348 1089 2438 Henrico,
1103 2346 1217 2426 suerit
1235 2376 1280 2425 ex
1294 2348 1405 2427 certis
1423 2348 1543 2427 causis
1557 2376 1626 2454 per
1643 2365 1814 2427 nostram·
1823 2345 2164 2458 curiamanullata,
2179 2345 2279 2423 salvo

851 2480 938 2587 jure
955 2480 1045 2559 dicti
1060 2478 1230 2569 Henrici,
1247 2478 1397 2585 siquod
1417 2479 1545 2557 eidem
1559 2496 1748 2585 competat
1758 2479 1800 2557 in
1813 2479 2034 2587 serjenteria
2054 2475 2278 2585 supradicta,

855 2610 1078 2687 mandamus
1094 2608 1201 2687 vobis
1220 2610 1415 2715 quatinus,
1431 2610 1480 2687 ad
1494 2609 1818 2698 conservacionem
1830 2608 1927 2716 juris
1942 2608 2062 2688 nostri
2078 2634 2192 2716 super
2208 2607 2283 2685 boc

854 2740 1114 2832 intendentes,
1127 2740 1159 2817 si
1177 2739 1300 2817 dictus
1314 2721 1500 2818 Henricus
1513 2768 1628 2846 super
1644 2739 1743 2817 dicta
1761 2740 1980 2848 serjanteria
1998 2738 2143 2847 aliquid
2153 2755 2283 2845 petere

855 2871 1033 2963 voluerit,
1047 2871 1172 2978 ipsum
1185 2898 1252 2975 per
1260 2870 1324 2978 jus
1338 2868 1500 2961 ducatis,
1517 2887 1570 2959 et,
1586 2869 1723 2947 vocatis
1737 2868 1938 2947 defensore
1952 2886 2099 2959 nostro,
2113 2896 2182 2975 pro
2197 2869 2284 2975 jure

856 3019 986 3081 nostro
1004 3000 1264 3091 defendendo,
1283 3017 1322 3078 et
1340 3000 1423 3079 aliis
1439 2999 1652 3093 evocandis,
1669 3029 1783 3108 super
1802 3000 1876 3079 hoc
1895 2998 2102 3078 exhibeatis
2118 2996 2287 3105 partibus

851 3132 1003 3237 justicie
1022 3130 1359 3238 complementum.
2157 3152 2163 3164 ·

915 3261 1079 3339 Sabbato
1096 3276 1183 3366 post
1201 3259 1496 3351 Penthecosten,
1516 3287 1617 3338 anno
1632 3260 1897 3339 trecentesimo
1916 3260 2047 3338 tercio.

913 3522 955 3597 Π.
987 3520 1085 3599 Cum
1105 3518 1231 3597 dilecti
1249 3537 1288 3597 et
1306 3519 1442 3599 fideles
1459 3520 1578 3598 nostri
1596 3521 1791 3628 quondam
1812 3522 2007 3610 Matheus,
2032 3520 2148 3599 abbas
2166 3521 2285 3601 eccle·

857 3653 911 3731 sie
930 3651 1032 3731 beati
1052 3651 1224 3760 Dyonisii
1244 3652 1285 3729 in
1304 3652 1476 3743 Francia,
1496 3669 1535 3730 et
1551 3653 1709 3761 Symon‚
1727 3653 1904 3733 dominus
1917 3652 2078 3763 Nigelle,
2097 3651 2281 3741 defuncti,

857 3783 1011 3863 nomine
1025 3799 1156 3861 nostro
1172 3800 1289 3890 etpro
1304 3782 1431 3873 nobis,
1451 3781 1598 3862 dudum
1610 3801 1747 3863 mutuo
1759 3784 1988 3891 recepissent
1998 3814 2021 3863 a
2031 3783 2285 3891 burgensibus

857 3916 944 3994 ville
962 3915 1011 4021 de
1023 3912 1218 4004 Gandavo,
1233 3944 1303 4022 per
1319 3942 1454 3994 manus
1469 3913 1709 3993 scabinorum
1725 3916 1898 4025 ejusdem
1910 3915 2015 4005 viiie,
2035 3932 2181 4024 septem
2197 3914 2285 3993 mil-

857 4046 907 4125 lia
928 4064 965 4125 et
984 4046 1209 4155 quingentas
1227 4045 1342 4124 libras
1361 4048 1619 4137 Turoneuses,
1642 4063 1680 4125 et
1699 4074 1812 4155 super
1827 4045 2049 4155 hujusmodi
2070 4046 2285 4151 receptione

859 4178 983 4257 mutui
1005 4195 1152 4257 nostras
1172 4177 1319 4256 eisdem
1336 4176 1407 4255 sub
1433 4175 1557 4286 sigillo
1577 4176 1627 4255 ad
1644 4206 1823 4257 coronam
1842 4195 2013 4285 patentes
2035 4176 2179 4256 litteras
2198 4204 2285 4255 con-

859 4310 1071 4400 cessissent;
1100 4324 1138 4386 et
1157 4325 1287 4415 postea
1307 4308 1480 4387 debitum
1504 4308 1579 4387 sive
1609 4307 1797 4387 creditum
1817 4306 2041 4416 hujusmodi
2068 4336 2156 4387 cnm
2176 4307 2286 4387 certis

858 4438 970 4515 bonis
999 4440 1167 4545 ipsorum
1192 4439 1455 4549 burgensium,
1482 4456 1637 4548 propter
1661 4468 1795 4518 eorum
1820 4439 2088 4529 rebellionem,
2114 4437 2225 4517 nobis
2247 4438 2286 4516 in

860 4569 1103 4647 commissum
1121 4570 1303 4657 venisset,
1323 4570 1516 4648 intellecto
1535 4600 1658 4678 nuper
1678 4571 1783 4678 quod
1803 4570 1904 4649 dicta
1919 4571 2042 4651 littera
2061 4570 2186 4647 mutui
2200 4597 2286 4677 pre-

862 4699 950 4776 dicti
971 4699 1018 4776 ad
1037 4728 1171 4777 manus
1189 4700 1362 4778 Tassardi
1385 4700 1434 4779 de
1458 4699 1749 4781 Ribodi-Monte
1769 4704 1987 4794 devenerat,
2011 4698 2114 4777 idem
2138 4700 2287 4776 Tassar-

861 4829 932 4908 dus
951 4858 1064 4936 super
1082 4828 1157 4907 hoc
1175 4856 1244 4935 per
1262 4847 1391 4936 gentes
1406 4846 1551 4910 nostras
1565 4832 1687 4942 adjus
1704 4832 1777 4911 suit
1795 4848 1963 4921 vocatum
1986 4847 2023 4908 et
2039 4828 2200 4937 petitum
2215 4826 2287 4906 fuit

860 4960 907 5038 ab
927 4962 1009 5069 ipso
1024 4988 1093 5069 pro
1113 4960 1226 5039 nobis
1241 4960 1346 5067 quod
1366 4962 1465 5069 ipse,
1480 4964 1631 5043 racione
1646 4965 1738 5042 dicti
1754 4962 1966 5049 commissi,
1983 4960 2096 5039 nobis
2108 4958 2287 5040 redderet

859 5092 1024 5171 litteram
1051 5092 1278 5169 antedictam
1301 5092 1360 5170 vel
1387 5122 1575 5173 summam
1597 5096 1759 5204 pecunie
1778 5094 1987 5204 predictam
2006 5091 2045 5169 in
2069 5120 2113 5169 ea
2132 5107 2287 5170 conteu-

860 5242 953 5314 tam,
976 5224 1006 5301 si
1028 5252 1109 5301 eam
1131 5224 1307 5331 magister
1323 5223 1530 5316 Johannes,
1554 5226 1636 5335 ejus
1649 5243 1767 5334 pater,
1790 5224 1897 5332 cujus
1916 5240 1974 5300 est
1986 5223 2113 5313 heres,
2128 5222 2288 5327 recepis-

860 5374 932 5448 set,
955 5372 1121 5463 exparte
1140 5382 1228 5432 vero
1251 5354 1341 5432 dicti
1360 5357 1551 5448 Tassardi,
1570 5358 1745 5465 pluribus
1762 5353 2001 5442 racionibus,
2022 5352 2096 5431 fuit
2114 5352 2287 5460 proposi-

802 5541 812 5550 ·
859 5506 941 5567 tum
960 5519 999 5567 se
1021 5487 1065 5567 ad
1085 5486 1159 5565 hoc
1174 5514 1252 5565 non
1271 5487 1411 5565 teneri:
1428 5487 1616 5578 Tandem,
1635 5487 1772 5567 auditis
1785 5485 2000 5565 racionibus
2012 5484 2180 5594 parcium
2196 5484 2286 5563 binc
