5817 7292
840 1087 886 1158 52
1419 1087 1510 1163 LES
1541 1088 1681 1163 OLIM.
1805 1028 1810 1034 ·

535 1285 537 1290 ,
602 1240 734 1294 rmum
755 1237 798 1299 W·
896 1231 1019 1310 XVlll.
1051 1230 1147 1307 Cum
1165 1246 1326 1334 exparte
1343 1227 1469 1307 dilecti
1485 1247 1523 1307 et
1535 1228 1661 1306 fidelis
1675 1232 1793 1310 nostri
1809 1230 1956 1308 comitis
1970 1229 2135 1309 Marchie
2151 1232 2261 1311 nobis

675 1330 737 1373 Μ’
842 1363 1052 1467 expositum
1078 1358 1210 1438 suisset
1233 1360 1338 1466 quod
1357 1360 1547 1439 Johannes
1571 1361 1620 1438 de
1639 1361 1995 1470 Sancto-Dyonisio,
2021 1358 2149 1449 miles,
2170 1377 2262 1440 tunc

839 1491 1066 1569 senescallus
1091 1505 1218 1566 noster
1240 1489 1481 1579 Pictavensis,
1501 1491 1611 1596 plura
1636 1492 1848 1598 gravamina
1872 1507 1910 1568 et
1935 1490 2097 1596 dampna
2122 1490 2261 1599 injuste

838 1622 1015 1699 intulerat
1034 1621 1176 1710 cidem,
1198 1619 1382 1698 barrerias
1399 1623 1582 1727 quasdam
1604 1621 1746 1699 dirutas
1762 1622 1803 1700 in
1820 1621 1908 1698 villa
1921 1621 2144 1725 Dauratensi
2163 1620 2262 1699 rele-

837 1754 956 1831 vando
972 1754 1012 1828 in
1032 1751 1285 1859 prejudicium
1306 1753 1440 1830 saisine
1463 1769 1500 1829 et
1514 1753 1613 1860 juris
1627 1753 1899 1841 dicti‘eomitis‚
1920 1768 1958 1828 et
1973 1778 2019 1828 eo
2036 1778 2115 1828 non
2132 1769 2261 1830 vocato

838 1902 875 1961 et
896 1913 957 1962 eas
977 1884 1025 1960 de
1041 1884 1155 1960 bosco
1176 1901 1214 1960 et
1232 1883 1446 1961 redditibus
1459 1883 1551 1961 dicti
1573 1883 1721 1961 comitis
1739 1883 1843 1960 relici
1858 1882 2049 1974 faciendo,
2069 1881 2260 1987 pendente

837 2017 953 2092 eciam
982 2014 1048 2092 lite
1073 2044 1187 2122 super
1216 2015 1357 2092 eisdem
1383 2015 1561 2093 barreriis
1589 2014 1855 2092 interdictum
1884 2014 2063 2092 comitem
2089 2031 2126 2091 et
2150 2013 2261 2090 abba·

835 2164 911 2224 tem
931 2163 968 2223 et
983 2147 1187 2253 capitulum
1203 2147 1471 2236 Dauratenses3
1489 2147 1597 2237 item,
1615 2174 1833 2251 processum
1849 2144 2046 2251 cujusdam
2064 2144 2257 2250 inqueste,

836 2277 1060 2384 complenda
1081 2305 1150 2383 pro
1169 2277 1269 2354 dicto
1287 2277 1423 2354 comite
1444 2293 1572 2353 contra
1589 2277 1794 2381 quemdam
1815 2275 2058 2364 servientem,
2075 2273 2260 2381 gardiato·

835 2437 932 2498 rem,
956 2426 994 2485 et
1012 2409 1195 2514 quosdam
1215 2408 1421 2486 monachos
1440 2407 1659 2484 monasterii
1685 2407 1930 2495 Karoffensis,
1952 2404 2122 2482 indebite
2141 2419 2259 2482 retar-

836 2540 962 2616 dando
982 2556 1137 2644 propter
1152 2513 1395 2630 donaciones,
1412 2538 1682 2644 promissiones
1699 2555 1738 2614 et
1755 2537 2047 2616 subornaciones
2063 2536 2109 2613 ab
2126 2535 2258 2614 abbate

835 2686 873 2746 et
887 2685 1073 2746 conventu
1091 2667 1380 2746 Karrolensibus
1395 2668 1508 2746 lactas
1527 2667 1654 2744 cidem
1674 2671 1897 2760 senescallo;
1916 2697 2030 2774 snper
2049 2669 2203 2774 quibus,
2220 2668 2259 2743 in

834 2799 997 2904 quadam
1023 2796 1156 2875 cedula
1177 2798 1247 2874 sub
1269 2813 1398 2875 nostro
1419 2797 1555 2874 clausis
1579 2799 1851 2906 contrasigillo‚
1873 2800 1921 2876 ad
1943 2800 2260 2905 supplicacionem

835 2946 873 3007 et
886 2930 1105 3007 instanciam
1118 2929 1206 3006 dicti
1219 2928 1382 3018 comitis,
1401 2929 1511 3006 certis
1526 2928 1765 3007 auditoribus
1778 2958 1798 3007 a
1811 2931 1921 3008 nobis
1937 2930 2145 3037 deputatis,
2162 2959 2262 3008 voca·

833 3062 880 3138 tis
897 3059 1109 3151 evocandis,
1129 3059 1390 3137 mandavimus
1406 3060 1609 3164 diligenter
1624 3059 1783 3167 inquiri;
1804 3089 1847 3136 er
1862 3063 2016 3139 adverso
2032 3079 2174 3150 autem,
2190 3091 2257 3168 pro

834 3193 934 3269 dicto
958 3191 1179 3278 senescallo,
1201 3218 1324 3266 coram
1346 3189 1455 3266 dictis
1475 3184 1712 3266 auditoribus
1734 3192 1970 3298 propositum
1990 3192 2111 3268 extitit
2131 3192 2254 3296 quod,

833 3322 969 3399 virtute
985 3319 1259 3398 commissionis
1275 3317 1459 3427 predicte,
1476 3319 1682 3425 procedere
1695 3347 1774 3396 non
1791 3320 1995 3410 debebant,
2013 3338 2166 3426 propter
2184 3323 2257 3399 hoc

833 3452 938 3560 quod
955 3452 1057 3550 ⁴diota
1081 3451 1311 3542 commissio,
1334 3451 1488 3528 veritate
1507 3449 1635 3542 tacita,
1661 3449 1784 3540 fuerat
1802 3450 2015 3556 impetrata,
2036 3480 2123 3528 nam
2142 3452 2255 3558 quid-

833 3584 927 3691 quid
948 3583 1071 3662 dictus
1086 3581 1313 3662 senescallus
1328 3581 1483 3669 lecerat,
1500 3580 1549 3657 de
1565 3581 1743 3686 predictis
1756 3579 1950 3671 barreriis,
1969 3581 2123 3671 lecerat,
2141 3601 2257 3690 prout

832 3717 1083 3822 proponebat,
1111 3716 1158 3792 de
1184 3714 1333 3822 speciali
1354 3714 1531 3792 mandato
1553 3733 1682 3794 nostro
1707 3716 1917 3822 superbos
1941 3715 2012 3794 sibi
2033 3715 2195 3802 directo,
2218 3734 2257 3793 et

832 3865 1063 3954 processerat
1087 3863 1216 3924 vocato
1237 3847 1285 3923 ad
1309 3845 1382 3924 hoc
1409 3846 1511 3923 dicto
1534 3847 1737 3947 comiteet
1754 3847 1852 3955 juris
1876 3847 2010 3925 ordine
2040 3845 2253 3935 observato;

832 3979 971 4086 quibus
991 3995 1029 4056 et
1052 3978 1134 4056 aliis
1160 3977 1335 4084 pluribus
1360 3977 1573 4056 racionibns
1596 4006 1666 4083 pro
1687 3977 1788 4055 dicto
1810 3977 2016 4056 senescallo
2035 3977 2253 4085 propositis,

831 4109 901 4215 ipsi
919 4109 1126 4200 auditores,
1143 4139 1163 4186 a
1182 4109 1293 4186 nobis
1309 4109 1495 4214 deputati,
1516 4108 1653 4186 virtute
1674 4109 1947 4188 commissionis
1959 4109 2032 4188 sibi
2049 4109 2190 4187 directe
2208 4106 2256 4184 ad

831 4239 1103 4345 inquirendum
1128 4239 1399 4346 nichilominus
1419 4256 1682 4346 processerunt
1695 4271 1704 4314 t
1717 4240 1804 4319 Visa
1822 4241 1937 4347 igitur
1956 4240 2127 4348 inquesta
2143 4216 2256 4345 super

833 4369 1023 4473 premissis
1033 4369 1143 4460 lacta,
1155 4371 1293 4448 auditis
1304 4371 1421 4448 eciam
1434 4369 1900 4477 deposicionibustestium
1912 4369 2250 4478 utriusquepartis,

833 4515 871 4576 et
886 4499 1065 4582 omnibns
1079 4501 1149 4575 rit'e
1168 4499 1273 4587 actis,
1293 4500 1582 4604 pronunciatum
1598 4500 1687 4590 luit,
1704 4531 1772 4607 per
1789 4502 1893 4579 curie
1908 4519 2034 4578 nostre
2044 4499 2249 4607 judicium,

832 4629 975 4706 dictum
1003 4629 1180 4707 comitem
1209 4629 1466 4707 intencionem
1486 4661 1610 4721 suam,
1638 4661 1751 4738 super
1777 4632 1887 4709 dictis
1915 4627 2188 4739 gravaminibus
2215 4644 2253 4704 et

832 4759 1021 4864 dampnis,
1040 4759 1086 4838 'ab
1103 4760 1191 4872 ipso
1206 4777 1335 4837 contra
1352 4760 1495 4840 dictum
1511 4762 1761 4842 senescallum
1779 4759 1995 4867 propositis,
2012 4759 2250 4864 inquantum

829 4889 1034 4998 tangebant
1059 4891 1183 4998 ipsum
1207 4891 1404 4982 comitem,
1428 4921 1506 4971 non
1530 4895 1726 5001 probasse;
1753 4906 1791 4968 et
1817 4890 1867 4967 ob
1899 4889 1971 4967 hoc
1996 4888 2100 4965 idem
2124 4914 2249 4966 senes·

829 5022 946 5099 callus
961 5020 1033 5101 luit
1047 5051 1160 5130 super
1179 5023 1269 5115 hiis,
1286 5041 1473 5131 quantum
1487 5027 1689 5135 tangebant
1703 5024 1826 5127 ipsum
1842 5021 2035 5111 comitem,
2057 5048 2126 5124 per
2144 5018 2247 5096 idem

829 5154 931 5232 curie
949 5171 1075 5232 nostre
1091 5153 1280 5262 judicium
1298 5156 1505 5236 absolutus.

885 5287 1013 5364 Martis
1032 5303 1117 5392 post
1136 5287 1393 5366 Candelosam.
