5817 7292
886 1008 959 1083 5er
1464 1010 1554 1083 LES
1584 1007 1722 1081 OLIM.

658 1159 844 1222 summat,
883 1151 928 1227 ad
950 1150 1169 1228 instanciam
1190 1150 1289 1227 Petri
1304 1149 1351 1229 da
1366 1150 1516 1259 Vogon,
1532 1166 1661 1229 contra
1679 1145 1926 1256 Reginaldnm
1941 1146 2091 1255 Buylle,
2109 1150 2225 1229 civem
2245 1154 2310 1231 Bi-

720 1251 782 1293 talo.

882 1281 1127 1372 turicensem,
1153 1282 1304 1361 racione
1333 1282 1518 1389 capcionis
1544 1280 1794 1389 quorumdam
1828 1307 2050 1386 porcorum,
2081 1281 2228 1364 dudum
2260 1285 2309 1366 ed

883 1432 1048 1492 nostram
1070 1414 1214 1492 curiam
1231 1431 1414 1520 asportata
1436 1413 1579 1499 luisset,
1602 1430 1655 1501 et,
1678 1411 1726 1491 ad
1739 1411 1993 1517 quorumdam
2009 1414 2309 1523 suggestionem,

882 1546 978 1625 dicta
1009 1546 1196 1653 inquesta,
1220 1562 1348 1624 contra
1372 1545 1585 1651 predictum
1606 1544 1871 1652 Reginaldum,
1901 1572 1969 1651 per
1988 1562 2154 1623 nostram
2180 1545 2312 1627 suisset

879 1678 1020 1755 curiam
1036 1677 1218 1785 judicata,
1242 1676 1382 1755 deinde
1403 1675 1450 1753 ad
1466 1676 1607 1753 curiam
1629 1691 1795 1755 nostram
1812 1676 1993 1758 accedens
2013 1676 2116 1755 idem
2138 1678 2310 1785 Regina!-

880 1811 967 1899 dus,
984 1828 1022 1887 et
1034 1838 1077 1887 ex
1095 1838 1141 1889 eo
1156 1836 1392 1916 conquerens
1409 1807 1515 1914 quod
1529 1807 1628 1885 dicta
1642 1806 1814 1913 inquesta
1832 1834 1910 1886 non
1925 1805 2048 1887 fuerat
2059 1808 2223 1916 perfecta
2242 1838 2311 1887 nec

878 1944 915 2019 in
937 1971 979 2019 ea
1000 1959 1123 2048 partes
1142 1940 1417 2023 concluserant,
1441 1967 1510 2017 nec
1524 1939 1642 2015 eciam
1655 1937 1736 2045 ejus
1750 1936 1989 2017 defensiones
2006 1937 2091 2017 sacti
2110 1969 2205 2045 quas
2222 1968 2311 2046 pro-

880 2100 1021 2179 ponere
1040 2089 1079 2151 et
1094 2072 1242 2151 tradere
1263 2098 1375 2178 super
1393 2072 1467 2151 hoc
1486 2066 1703 2146 intendebat
1724 2066 1877 2145 fuerant
1900 2067 1941 2144 in
1966 2097 2009 2145 ea
2029 2069 2171 2159 audite,
2196 2100 2307 2177 super

881 2204 956 2283 biis
974 2203 1165 2311 requisivit
1184 2203 1254 2281 sibi
1276 2200 1571 2280 misericorditer
1589 2199 1800 2289 subveniri;
1821 2199 1952 2278 audito
1972 2200 2087 2307 igitur
2105 2202 2306 2306 superbiis

880 2335 1134 2443 quorumdam
1151 2336 1198 2413 de
1218 2334 1403 2442 magistris
1423 2332 1527 2411 curie
1546 2349 1674 2409 nostre
1696 2331 1871 2420 recordo,
1894 2360 2042 2411 necnon
2055 2332 2180 2411 ballivi
2200 2333 2306 2411 Bitu·

880 2467 1033 2544 ricensis
1049 2466 1235 2543 relacione
1256 2465 1321 2572 qui
1343 2466 1484 2541 dictam
1501 2464 1731 2571 inquestam,
1751 2463 1930 2552 Parisios,
1948 2482 2193 2571 asportaverat
2201 2506 2215 2553 ,·
2228 2492 2305 2543 non

879 2618 1059 2706 tanquam
1078 2598 1297 2703 perlectam,
1320 2613 1363 2674 ut
1377 2596 1546 2685 dicebat,
1567 2623 1641 2673 nec
1658 2596 1707 2673 ad
1726 2594 1843 2672 linem
1863 2595 1970 2701 quod
1978 2596 2225 2703 judicaretur,
2239 2597 2307 2675 sed

880 2748 922 2809 ut
945 2747 1067 2837 partes
1082 2759 1196 2838 super
1215 2759 1259 2808 ea
1283 2730 1517 2820 audirentur,
1532 2728 1674 2836 quibus
1688 2727 1792 2806 diem
1813 2728 1974 2806 Parisios
1989 2756 2112 2834 super
2129 2729 2204 2807 hoc
2222 2728 2310 2812 assi-

880 2880 1068 2969 gnaverat,
1091 2881 1129 2939 et
1148 2880 1207 2953 ut,
1227 2861 1395 2969 partibus
1410 2860 1565 2949 auditis,
1584 2860 1633 2937 ad
1646 2858 1805 2965 plenum
1825 2889 1939 2966 super
1952 2862 2026 2939 hoc
2041 2860 2145 2939 curia
2164 2879 2307 2952 nostra,

880 3022 994 3101 super
1014 2994 1185 3102 inquesta
1201 2994 1384 3100 predicta,
1398 2992 1438 3070 id
1454 2992 1559 3101 quod
1579 3010 1679 3072 esset
1696 2992 1924 3071 racionabile
1944 2993 2153 3081 ordinaret,
2170 2993 2310 3099 placuit

881 3125 1008 3215 nobis,
1025 3126 1074 3203 de
1095 3125 1351 3203 misericordia
1364 3143 1403 3203 et
1415 3126 1537 3233 gracia
1556 3124 1718 3232 speciali,
1732 3124 1852 3231 quod,
1865 3153 1943 3203 non
1958 3124 2128 3203 obstante
2137 3123 2306 3233 judicato

879 3256 1067 3362 predicto,
1090 3257 1182 3332 certi
1203 3284 1271 3363 per
1288 3284 1357 3334 nos
1379 3257 1653 3362 deputarentur
1666 3256 1910 3335 commissarii
1931 3256 1994 3361 qui
2018 3255 2064 3332 de
2076 3254 2190 3367 totali
2210 3253 2305 3331 sacto

880 3387 1063 3491 predicto,
1083 3387 1267 3493 captionis
1287 3388 1476 3465 dictorum
1498 3416 1702 3495 porcorum
1723 3386 1887 3495 dictique
1902 3384 2095 3495 Reginaldi
2117 3385 2307 3463 defensio-

881 3517 1012 3605 nibus,
1035 3518 1075 3595 in
1094 3519 1316 3626 hujusmodi
1336 3520 1475 3598 vocetis
1494 3522 1559 3628 qui
1581 3518 1706 3598 forent
1725 3518 1899 3597 evocandi
1923 3535 1960 3595 et
1977 3517 2117 3595 auditis
2138 3517 2303 3624 parcium

881 3648 1094 3727 rarionibus
1113 3651 1202 3727 hinc
1222 3652 1384 3741 atinde,
1407 3651 1454 3729 ad
1473 3651 1591 3731 linem
1607 3652 1754 3729 civilem
1773 3652 2011 3758 inquirerent
2029 3649 2193 3755 plenarie
2214 3649 2308 3727 veri·

880 3798 995 3859 tatem
1010 3814 1019 3858 r
1037 3781 1157 3887 Certis
1180 3782 1294 3891 igitur
1312 3784 1577 3861 commissariis
1596 3813 1663 3891 per
1683 3813 1752 3863 nos
1769 3812 1884 3891 super
1903 3782 1977 3859 hiis
1993 3779 2182 3891 deputatis
2200 3797 2237 3857 et
2256 3780 2310 3855 in-

881 3932 1012 4019 questa
1029 3942 1097 4019 per
1112 3941 1197 4000 eos,
1216 3914 1355 3991 vocatis
1373 3913 1511 3993 ballivo
1533 3932 1572 3993 et
1583 3931 1826 4022 procuratore
1847 3930 1977 3991 nostro
1990 3910 2306 3998 Bituricensibus,

880 4072 1029 4121 necnon
1055 4045 1262 4123 heredibus
1287 4046 1377 4123 dicti
1403 4047 1503 4124 Petri
1529 4047 1578 4124 de
1597 4048 1731 4153 Vogon
1757 4046 1925 4123 defuncti
1948 4064 1987 4123 et
2005 4044 2087 4121 aliis
2111 4043 2308 4121 evocandis

881 4203 993 4283 super
1004 4177 1200 4284 predictis,
1220 4176 1329 4269 sacta,
1344 4196 1382 4257 et
1396 4180 1444 4256 ad
1464 4197 1629 4256 nostram
1651 4179 1810 4269 curiam,
1828 4177 1877 4255 ad
1889 4176 2159 4284 judicandum,
2180 4204 2307 4283 repor-

880 4323 971 4396 tata,
994 4336 1036 4384 ea
1061 4310 1135 4386 visa
1154 4325 1194 4386 et
1213 4310 1415 4419 diligenter
1435 4312 1657 4400 examinata,
1682 4340 1769 4388 cum
1790 4338 1957 4417 peream
1978 4309 2173 4386 inventum
2195 4307 2307 4385 suerit

882 4437 1111 4516 sufficienter
1131 4440 1332 4546 probatum
1352 4442 1457 4549 quod
1480 4442 1582 4549 porci
1604 4442 1782 4550 predicti,
1804 4459 1960 4548 propter
1977 4468 2141 4547 quorum
2161 4440 2308 4545 capcio-

880 4596 968 4645 nem
1000 4570 1122 4649 dictus
1155 4573 1383 4683 Reginaldus
1407 4573 1530 4652 luerat
1561 4575 1881 4679 condempnatus,
1911 4589 2017 4649 erant
2043 4571 2185 4679 proprii
2214 4570 2304 4645 dicti

881 4700 1090 4807 Reginaldi,
1112 4720 1150 4781 et
1167 4705 1271 4811 quod
1290 4734 1369 4784 non
1385 4706 1483 4813 ipse,
1502 4706 1574 4783 sed
1590 4706 1744 4812 quidam
1766 4705 1929 4783 serviens
1947 4720 2092 4792 noster,
2112 4732 2180 4809 per
2196 4699 2305 4779 balli-

880 4860 968 4909 vum
988 4835 1277 4927 Bituricensem,
1299 4838 1500 4944 deputatus
1520 4839 1569 4916 ad
1594 4837 1818 4944 capiendum
1836 4834 2008 4914 victualia
2029 4834 2146 4912 nostri
2166 4832 2307 4910 exerci-

878 4980 956 5056 tus,
981 4966 1100 5043 dictos
1124 4992 1259 5074 porcos
1283 4966 1355 5046 sibi
1384 4996 1452 5074 per
1475 4968 1621 5046 dictum
1645 4968 1893 5076 Reginaldum
1920 4967 2107 5044 incusatos
2125 4983 2307 5072 tanquam

879 5122 982 5184 suos,
1002 5098 1108 5205 signo
1125 5114 1253 5175 nostro
1270 5098 1477 5206 signaverat
1492 5117 1689 5178 etcertum
1705 5098 1875 5206 precium
1892 5113 2069 5206 posuerat
2084 5097 2124 5173 in
2142 5096 2305 5184 eisdem,

878 5227 984 5334 quod
1012 5231 1179 5335 precium
1207 5230 1309 5307 idem
1336 5231 1564 5337 Reginaldns
1589 5231 1636 5308 de
1661 5231 1770 5309 dictis
1795 5232 1932 5338 porcis,
1960 5249 2136 5336 tanquam
2161 5227 2207 5303 de
2227 5225 2308 5303 suis

880 5359 1036 5465 recepit:
1059 5378 1097 5438 et
1116 5361 1219 5466 quod
1241 5361 1364 5439 dictus
1380 5362 1514 5441 Petrus
1534 5364 1582 5440 de
1598 5364 1748 5472 vogen,
1768 5363 1833 5468 qui
1855 5361 1976 5441 dictos
1995 5388 2129 5467 porcos
2144 5354 2307 5437 habebat
