5817 7292
1033 1144 1297 1251 euoutrss
1322 1162 1385 1232 cv
1411 1141 1616 1234 esoces.
1961 1157 2034 1231 tva

616 1302 785 1380 lohanna
800 1300 955 1379 omuino
971 1301 1091 1380 faeere
1106 1296 1302 1392 recusavit,
1316 1319 1360 1379 ut
1376 1300 1539 1389 dicebat,
1555 1299 1757 1405 pluresque
1771 1299 1953 1386 raciones,
1969 1300 2036 1377 de·
2074 1312 2204 1367 Possm
2217 1314 2260 1377 tv,

617 1431 805 1511 tensiones
826 1448 864 1509 et
883 1432 1172 1511 consuetudines
1189 1432 1387 1537 proposuit
1406 1433 1504 1509 dictu
1522 1428 1740 1516 Katberina,
1760 1455 1828 1533 per
1841 1456 1939 1534 ,quas
1957 1432 2036 1535 ipsa
2137 1404 2199 1447 Μ’

619 1562 767 1640 dicebat
782 1564 822 1640 se
837 1562 885 1639 ad
899 1562 1065 1667 predicta
1079 1590 1157 1641 non
1175 1562 1295 1640 teneri
1307 1594 1316 1637 t
1330 1562 1518 1652 Tandem,
1535 1562 1706 1668 inquesta
1721 1588 1834 1665 super
1846 1560 2037 1663 premissis

618 1690 727 1784 facta,
744 1693 819 1771 visa
833 1710 871 1770 et
887 1692 1087 1799 diligenter
1100 1692 1319 1784 examinata,
1332 1691 1421 1800 quia
1435 1693 1631 1771 inventum
1643 1707 1700 1768 est
1713 1688 1942 1767 sufficienter
1951 1719 2037 1794 pro·

618 1821 746 1899 batum
769 1822 907 1900 dictam
927 1823 1137 1901 lobannam
1154 1823 1393 1901 renuntiasse
1409 1822 1587 1929 predictis
1603 1817 1920 1898 convencionibus
1934 1820 2037 1924 prius

618 1951 754 2029 habitis
767 1982 853 2030 cum
864 1953 965 2030 dieto
978 1970 1083 2059 patre
1098 1957 1185 2043 suo,
1203 1982 1317 2058 super
1329 1954 1468 2058 quibus
1483 1956 1562 2060 ipsa
1576 1952 1795 2029 fundaverat
1810 1951 2037 2056 peticionem

616 2110 740 2170 suam,
757 2099 795 2158 ct
814 2083 931 2160 eciam
950 2082 996 2159 ab
1017 2084 1160 2161 eisdem
1179 2082 1337 2159 omnino
1354 2084 1567 2173 recessisse,
1588 2112 1657 2188 pes
1675 2082 1777 2159 curie
1796 2100 1922 2159 nostre
1932 2084 2037 2190 judi-

614 2210 732 2299 cium,
761 2211 857 2289 dicta
877 2190 1096 2301 Katberina,
1117 2212 1274 2289 nomine
1297 2242 1373 2319 quo
1394 2241 1522 2319 supra,
1544 2211 1591 2289 eb
1611 2212 1852 2319 impeticione
1870 2211 2036 2318 predicta

613 2340 712 2419 dicte
728 2342 900 2419 lobanne
918 2341 992 2420 luit
1008 2342 1284 2421 sentencialiter
1295 2341 1574 2434 vabsoluta3b00
1588 2360 1714 2421 tamen
1728 2342 1853 2421 eidem
1866 2344 2036 2421 iohanne

614 2500 681 2579 per
698 2472 841 2549 dictum
853 2472 1061 2581 judicium,
1080 2490 1264 2551 reservato
1279 2473 1400 2579 quod,
1422 2473 1453 2550 si
1467 2473 1547 2579 ipsa
1561 2472 1690 2550 credat
1706 2502 1746 2549 sc
1765 2473 1951 2551 actionem
1969 2478 2037 2553 ham
2135 2526 2149 2549 .

613 2602 703 2681 bere
722 2620 850 2683 contra
870 2602 1068 2687 dominum
1089 2603 1137 2680 de
1154 2602 1330 2679 biaumes
1349 2605 1386 2679 ct
1407 2602 1545 2678 dictam
1564 2603 1823 2691 Katberinam,
1844 2604 1893 2677 ad
1911 2604 2035 2711 aliqua

614 2732 773 2839 dampna
790 2751 828 2811 et
842 2734 1053 2839 deperdita,
1070 2732 1219 2809 racione
1236 2732 1422 2809 retardate
1437 2731 1641 2809 solucionis
1652 2732 1752 2809 dicte
1767 2759 1915 2809 summe
1927 2765 2036 2839 pecu·

615 2861 693 2951 nie,
724 2863 771 2940 ab
803 2890 902 2940 anno
930 2862 1084 2940 Domini
1116 2860 1321 2954 millesimo
1351 2859 1613 2940 ducentesimo
1639 2864 1883 2971 nonagesimo
1913 2884 2032 2959 sesto,

614 3020 743 3071 mense
759 2992 863 3082 maii,
882 3020 958 3101 quo
974 3019 1072 3069 anno
1087 2991 1344 3097 promiserunt
1362 2989 1520 3096 predicti
1543 2991 1723 3069 dominus
1741 2993 1789 3070 de
1808 2995 1981 3071 Biaumes
1998 3016 2035 3074 et

614 3124 816 3201 Katherina
838 3152 894 3214 se,
918 3123 970 3207 ad
981 3140 1101 3201 certos
1123 3123 1323 3211 terminos,
1348 3122 1491 3199 solvere
1517 3121 1615 3199 dicte
1636 3123 1804 3201 lobanne
1826 3126 2031 3230 predictam

612 3282 798 3331 summam
821 3253 998 3360 pecunie,
1021 3251 1196 3330 videlicet
1217 3251 1294 3329 duo
1317 3250 1437 3328 millia
1461 3269 1499 3329 et
1523 3270 1676 3331 centum
1700 3272 1737 3330 et
1760 3255 1890 3361 viginti
1918 3256 2033 3334 libras

612 3386 853 3474 parisienses,
874 3402 912 3461 et
930 3383 1048 3461 eciam
1068 3382 1193 3461 omnia
1212 3381 1373 3488 dampna
1397 3399 1435 3459 et
1454 3381 1649 3488 deperdita
1671 3411 1739 3489 pro
1760 3382 1909 3461 delectu
1931 3388 2033 3463 solu-

610 3517 728 3595 cionis
746 3514 930 3623 predicte,
950 3532 1066 3621 prout
1087 3514 1126 3591 i'n
1148 3512 1282 3591 litteris
1304 3541 1418 3619 super
1441 3512 1516 3591 hoc
1536 3512 1717 3592 conlectis
1737 3514 1888 3620 plenius
1913 3519 2031 3594 conti-

611 3666 734 3735 netur,
751 3674 865 3752 super
881 3646 952 3725 boc
972 3646 1156 3735 audietur,
1175 3662 1213 3723 et
1230 3642 1297 3723 fiet
1313 3644 1400 3733 sibi,
1416 3644 1584 3751 partibus
1598 3645 1751 3733 vocatis,
1761 3646 1911 3751 justicie
1929 3675 2031 3725 com·

611 3778 858 3881 plementum.

666 3906 765 3983 lovis
784 3922 869 4011 post
887 3894 1159 3985 Candclosam.¹

667 4035 840 4114 bocellus
858 4038 1068 4142 reportavit.

666 4300 791 4376 XXVI.
813 4298 897 4376 Lite
908 4315 1009 4377 mota
1023 4299 1120 4377 inter
1133 4300 1380 4377 Perronetum
1391 4296 1556 4379 Mal-Vin
1571 4298 1831 4388 etGirardam,
1847 4302 1930 4410 ejus
1942 4332 2033 4380 uxo·

609 4457 707 4520 rem,
726 4457 769 4507 ex
788 4446 893 4535 parte
913 4456 1003 4515 una,
1022 4444 1060 4505 et
1077 4428 1285 4506 iohannem
1305 4426 1475 4519 Castelli,
1497 4426 1650 4505 fratrem
1670 4428 1769 4507 dicte
1785 4428 1969 4520 Gerarde,
1988 4462 2031 4509 ev

611 4560 743 4649 altera,
758 4584 884 4637 coram
898 4558 1029 4667 judice
1047 4558 1244 4665 temporali
1264 4558 1366 4636 curie
1386 4558 1552 4665 episcopi
1568 4557 1843 4654 cabilonensis,
1857 4589 1970 4667 super
1985 4592 2030 4641 co

609 4689 715 4797 quod
733 4689 822 4767 dicti
842 4688 1040 4797 conjuges,
1053 4687 1202 4767 racione
1222 4687 1319 4766 dicte
1332 4687 1514 4778 Gerardc,
1529 4687 2030 4795 petebantadictolobanuc

608 4820 762 4899 terciam
782 4837 924 4929 partem
940 4819 1110 4898 omnium
1123 4818 1311 4897 bonorum
1327 4818 1529 4898 mobilium
1545 4837 1583 4896 et
1594 4819 1847 4932 immobilium
1862 4848 1938 4928 que
1950 4822 2031 4898 lue-

611 4969 699 5029 runt
708 4950 885 5049 defuncti
904 4950 1085 5029 lobannis
1108 4949 1260 5029 Castelli
1286 4966 1324 5027 et
1341 4949 1548 5043 Damione,
1570 4950 1653 5058 ejus
1671 4950 1816 5043 uxoris,
1838 4952 2029 5058 quondam

609 5098 807 5184 parentum
821 5080 1008 5159 dictorum
1020 5080 1204 5159 lobannis
1218 5096 1257 5159 et
1268 5078 1452 5169 Geralde3'
1464 5079 1567 5159 dicto
1578 5080 1748 5158 Johanne
1764 5081 1913 5160 dicente
1926 5081 2031 5189 quod

609 5209 656 5285 ad
670 5192 926 5318 ipsum,justo
946 5210 1075 5302 titulo,
1093 5210 1235 5288 scilicet
1253 5208 1504 5300 vendicionis,
1520 5208 1618 5288 dicta
1635 5211 1750 5288 tercia
1769 5240 1855 5319 pars
1865 5212 2029 5317 pertine-

610 5338 672 5416 bat
689 5370 697 5415 :
716 5340 886 5419 Tandem
898 5403 907 5434 ,
920 5340 1095 5448 pluribus
1107 5340 1321 5420 racionibus
1335 5341 1538 5449 propositis
1551 5342 1749 5448 superbiis
1763 5342 1851 5419 hinc
1871 5342 2025 5424 atinde,

612 5482 650 5542 et
668 5468 845 5573 inquisita
859 5500 973 5576 super
986 5473 1164 5579 predictis
1177 5473 1331 5551 veritate
1352 5500 1420 5579 per
1431 5470 1611 5551 ballivum
1627 5471 1717 5550 dicti
1729 5454 1909 5577 epis'copi,
1926 5470 2029 5547 idem
