5817 7292
875 1085 949 1160 508
1452 1084 1544 1159 tus
1579 1082 1719 1158 OLlM.

648 1257 778 1310 rmum
791 1251 835 1314 tv,
932 1229 992 1308 IV.
1023 1228 1122 1309 Cum
1134 1255 1203 1336 per
1217 1227 1528 1306 Bartholomeum
1544 1226 1593 1304 de
1608 1225 1753 1316 Grecis,
1767 1225 1995 1334 burgensem
2013 1227 2061 1304 de
2075 1227 2235 1335 Figiace,
2248 1257 2304 1307 se

709 1345 773 1390 ¹³¹⁰·
875 1359 1038 1441 nescallo
1051 1360 1268 1440 Caturcensi
1281 1359 1552 1439 denunciatum
1568 1357 1699 1438 fuisset
1711 1358 1817 1465 quod
1829 1356 2052 1465 Austorgius
2065 1359 2227 1452 Labroa,
2242 1359 2303 1438 ba·

869 1491 975 1597 julus
988 1491 1385 1598 abbatisFigiecensis,
1401 1520 1489 1567 cum
1499 1489 1728 1597 quibusdam
1741 1489 1820 1567 suis
1833 1489 2096 1597 complicibus,
2113 1491 2160 1567 de
2173 1509 2302 1586 nocte,

875 1623 1021 1701 dictum
1033 1623 1342 1704 Bartholomeum
1357 1622 1405 1698 de
1422 1621 1522 1698 lecto
1536 1650 1606 1699 suo
1617 1620 1807 1727 jacentem
1820 1623 1971 1700 nudum
1987 1638 2194 1700 extraxerat
2206 1640 2245 1700 et
2256 1624 2306 1702 ad

874 1772 1012 1834 terram
1038 1755 1262 1863 projecerat,
1283 1769 1321 1830 et
1337 1750 1443 1860 quod
1463 1752 1609 1829 ibidem
1630 1750 1850 1830 vnlneratus
1869 1751 2006 1844 litarat,
2027 1751 2152 1831 fractis
2170 1754 2304 1835 hostiis

875 1885 1010 1966 domus
1025 1914 1108 1976 sue,
1122 1913 1190 1993 per
1199 1883 1403 1991 predictos,
1413 1900 1454 1961 et
1468 1881 1573 1990 quod
1582 1883 1838 1990 postmodum,
1849 1885 2050 1974 trahendo,
2063 1884 2170 1963 duxit
2179 1886 2304 1992 ipsum

872 2047 991 2124 usque
1001 2018 1051 2095 ad
1061 2044 1248 2098 carcerem
1262 2016 1351 2092 dicti
1363 2015 1525 2107 abbatis,
1538 2015 1605 2092 ubi
1616 2015 1886 2094 incarceratum
1897 2016 2022 2095 tenuit
2036 2017 2202 2099 eundem
2212 2020 2303 2097 Bar-

872 2149 1109 2226 tholomeum
1120 2175 1189 2256 per
1201 2163 1317 2226 totam
1334 2163 1484 2226 noctem
1500 2162 1538 2224 et
1550 2174 1671 2252 usque
1687 2147 1734 2225 ad
1746 2147 1964 2240 meridiem,
1983 2147 2083 2225 dicto
2099 2146 2300 2254 Austorgio

873 2279 922 2356 ad
936 2279 1103 2386 predicta
1119 2277 1346 2357 denunciata
1362 2295 1492 2356 contra
1511 2277 1638 2385 ipsum
1656 2278 1909 2386 respondente
1924 2279 2030 2385 quod
2053 2279 2195 2357 dictum
2211 2281 2300 2356 Bar-

873 2410 1113 2490 tholomeum
1124 2426 1272 2516 ceperat
1283 2427 1320 2488 et
1334 2409 1373 2485 in
1391 2437 1537 2488 carcere
1552 2409 1723 2515 predicto
1736 2410 2023 2518 posueratjuste
2041 2426 2079 2487 et
2092 2409 2210 2494 licite,
2223 2427 2304 2486 tan-

874 2571 986 2646 quam
995 2540 1147 2649 bajulus
1165 2540 1254 2619 dicti
1268 2539 1429 2629 abbatis,
1447 2538 1590 2617 utendo
1604 2538 1871 2647 jurisdictione
1886 2569 1970 2628 sua,
1985 2539 2194 2617 secundum
2210 2539 2302 2617 dicti

874 2671 948 2750 loci
968 2671 1283 2750 consuetudinem
1305 2671 1493 2749 notoriam
1512 2686 1550 2748 et
1569 2670 1752 2750 hactenus
1776 2672 2026 2760 observatam,
2048 2699 2118 2776 pro
2140 2698 2185 2748 eo
2203 2670 2303 2747 vide-

872 2803 962 2880 licet
981 2802 1069 2909 quia
1085 2802 1228 2880 dictum
1243 2801 1572 2892 Bartholomeum,
1589 2803 1778 2909 jacentem
1795 2803 1835 2880 in
1851 2801 1950 2880 lecto
1964 2831 2035 2882 suo
2050 2801 2199 2879 nudum
2217 2829 2304 2880 cnm

871 2933 1039 3040 quadam
1052 2934 1212 3012 muliere
1225 2932 1415 3025 maritata,
1431 2933 1472 3009 in
1492 2933 1678 3012 adulterio
1696 2933 1907 3025 invenerat,
1928 2934 2083 3013 tandem
2103 2933 2226 3010 dictus
2245 2960 2304 3010 se-

872 3065 1074 3156 nescallus,
1090 3065 1283 3145 occasione
1299 3066 1581 3172 premissorum,
1598 3065 1929 3146 nonobstantibus
1945 3095 2057 3173 supra
2075 3092 2145 3172 per
2160 3062 2303 3142 dictum

873 3198 1116 3306 Austorgium
1131 3194 1343 3302 propositis,
1360 3195 1409 3272 ad
1422 3195 1682 3274 defensionem
1699 3197 1882 3305 ejusdem,
1900 3197 2045 3275 dictum
2059 3173 2301 3300 Austorgium
2391 3229 2395 3236 ·

873 3327 974 3406 dicto
990 3326 1257 3406 Bartholomeo
1272 3326 1312 3402 in
1327 3326 1572 3435 quadraginta
1592 3326 1700 3406 libris
1718 3328 2019 3418 Turonensibus,
2039 3353 2109 3433 pro
2128 3324 2302 3430 dampnis

876 3473 914 3534 et
923 3458 1071 3565 injuriis
1086 3456 1211 3534 eidem
1226 3455 1351 3546 illatis,
1369 3473 1406 3534 et
1420 3457 1531 3536 nobis
1545 3457 1584 3535 in
1598 3459 1786 3568 sexaginta
1798 3458 1903 3537 libris
1918 3455 2213 3547 Turonensibus,
2230 3483 2300 3561 pro

876 3589 1052 3682 emenda,
1074 3588 1352 3668 sentencialiter
1376 3589 1687 3696 condempnavit;
1712 3619 1733 3668 a
1755 3619 1828 3697 qua
1848 3588 2039 3669 sentencia
2062 3586 2196 3666 dictus
2209 3584 2303 3670 Aus-

874 3720 1032 3827 torgius,
1054 3738 1231 3828 tanquam
1247 3719 1294 3798 ab
1312 3721 1461 3828 iniqua,
1478 3722 1527 3799 ad
1540 3739 1706 3800 nostram
1728 3721 1871 3800 curiam
1882 3719 2082 3828 appellavit
2096 3751 2105 3796 ε
2119 3717 2219 3798 Visis
2233 3716 2302 3824 igi-

873 3868 935 3932 tur
953 3851 1151 3959 utriusque
1171 3879 1281 3930 cause
1300 3852 1555 3959 processibus,
1576 3854 1665 3960 quia
1683 3870 1877 3960 repertum
1902 3871 1959 3932 est
1976 3850 2082 3960 quod
2102 3849 2200 3926 dicta
2220 3877 2304 3926 mu-

873 3982 954 4074 lier,
977 4011 1064 4060 cum
1083 4011 1157 4090 qua
1177 3982 1302 4062 dictus
1322 3982 1613 4064 bartholomeus
1628 3985 1681 4062 sic
1696 3985 1871 4064 inventus
1885 3984 2024 4072 fuerat,
2042 3997 2123 4060 erat
2133 3981 2304 4059 maritata

873 4112 1060 4219 capcionis
1080 4130 1250 4222 tempore
1270 4114 1498 4222 supradicte,
1521 4132 1560 4193 et
1578 4116 1631 4193 sic
1648 4115 1770 4193 dictus
1789 4115 2012 4224 Amtorgim
2021 4113 2124 4223 juste
2143 4129 2183 4189 et
2201 4110 2301 4189 licite

875 4259 912 4320 et
926 4245 1135 4324 secundum
1155 4247 1469 4328 consuetudinem
1484 4247 1556 4327 loci
1571 4246 1732 4356 predicti
1752 4247 1955 4337 notoriam,
1977 4243 2122 4325 utendo
2131 4241 2304 4351 jurisdic-

873 4375 977 4453 tione
998 4373 1089 4454 dicti
1109 4376 1269 4470 abbatis,
1293 4395 1337 4457 ut
1360 4379 1510 4489 bajulus
1528 4379 1666 4458 lecerat
1687 4410 1761 4488 que
1781 4398 1912 4459 contra
1931 4379 2054 4485 ipsum
2078 4372 2303 4452 denunciata

874 4506 1047 4614 superius
1062 4509 1333 4616 exprimuntur,
1350 4539 1419 4617 per
1432 4529 1559 4590 nostre
1571 4512 1675 4590 curie
1683 4511 1892 4621 judicium,
1910 4509 2055 4588 dictum
2069 4505 2142 4585 fuit
2156 4505 2301 4582 dictum

874 4639 1119 4718 senescallum
1140 4642 1238 4720 male
1256 4644 1539 4750 pronunciasse,
1564 4660 1603 4722 et
1622 4645 1765 4723 dictum
1787 4642 2031 4752 Austorgium
2051 4638 2150 4717 bene
2172 4634 2301 4743 appel-

873 4770 987 4859 lasse,
1011 4790 1048 4851 et
1065 4774 1171 4880 quod
1190 4774 1289 4853 dicta
1306 4777 1494 4856 sentencia
1515 4805 1593 4856 non
1613 4777 1855 4856 mandabitur
1875 4771 2102 4854 execucioni.

928 4905 1086 4982 Veneris
1106 4923 1194 5012 post
1212 4923 1382 4986 sanctum
1396 4908 1654 4988 Vincencium.

928 5034 978 5110 M.
1001 5037 1042 5112 R.
1061 5036 1109 5112 de
1130 5037 1489 5118 Sancte-Benedicto
1508 5040 1722 5148 reportavit.

928 5299 971 5375 V.
1002 5300 1218 5407 Proposito,
1245 5320 1418 5411 exparte
1445 5306 1640 5386 senescalli
1665 5305 1888 5394 Tholosani,
1915 5320 2045 5384 contra
2069 5299 2238 5382 eonsules
2264 5315 2304 5376 et

870 5429 1151 5512 universitatem
1172 5435 1219 5513 de
1243 5433 1439 5530 Gimonte,
1462 5437 1567 5544 quod
1585 5454 1749 5546 quatuor
1768 5439 1816 5516 de
1835 5435 2055 5516 consulibus
2076 5433 2175 5512 dicte
2194 5427 2301 5519 ville,
