5817 7292
1031 1118 1299 1225 ruoutrrs
1324 1134 1387 1207 ar
1413 1116 1620 1209 rnocrs.
1967 1140 2035 1211 101

618 1297 798 1386 tanquam
812 1306 834 1353 a
848 1304 960 1383 pravo
976 1294 1014 1354 et
1023 1276 1134 1368 falso,
1150 1277 1247 1354 dicta
1261 1276 1406 1353 Perona
1421 1275 1469 1352 ad
1483 1292 1649 1352 nostram
1664 1274 1806 1353 curiam
1816 1276 2043 1383 appellaviss-
2078 1294 2209 1351 rmrm
2220 1296 2266 1361 tv,

619 1410 814 1500 Tandem,¹
830 1412 943 1515 super
956 1407 1151 1514 ‘premissis
1171 1408 1362 1514 inquesta,
1386 1406 1634 1507 demandato
1652 1406 1912 1485 'curie'-nostre
1926 1409 2046 1498 facta,·
2140 1390 2203 1445 '³⁹¹'

617 1541 694 1619 visa
706 1557 744 1619 et
754 1540 953 1648 diligenter
966 1539 1189 1630 examinata,
1203 1566 1270 1645 per
1280 1537 1382 1615 curie
1396 1554 1523 1615 nostre
1530 1536 1718 1645 judicium
1730 1597 1739 1625 ,
1752 1540 2042 1642 pronunciatum

620 1672 739 1747 extitit
757 1670 943 1775 prefatum
963 1667 1140 1747 ballivum
1162 1669 1259 1746 male
1275 1685 1312 1746 et
1329 1670 1454 1775 inepte
1469 1667 1753 1774 pronunciasse,
1775 1683 1814 1744 et
1833 1668 2041 1772 predictam
2065 1752 2072 1759 ,

618 1800 801 1883 Peronam
831 1800 930 1877 bene
956 1800 1176 1907 appellasse,
1202 1800 1301 1878 salvo
1327 1818 1454 1877 tamen
1479 1799 1648 1906 predicte
1674 1799 1845 1875 iohanne
1865 1799 1953 1906 jure
1967 1799 2040 1882 sibi

619 1946 855 2037 competente
883 1944 1010 2005 contra
1036 1929 1173 2006 dictam
1194 1930 1378 2007 Perouam
1400 1946 1437 2007 et
1458 1945 1586 2009 contra
1604 1956 1863 2036 quoscumque
1887 1928 1980 2008 alios
2000 1932 2040 2007 in

619 2060 796 2139 omnibus
807 2059 920 2137 honis
934 2089 1009 2165 que
1024 2058 1179 2137 luerunt
1193 2060 1361 2165 predicte
1381 2058 1542 2150 Alaidis,
1565 2059 1743 2139 «ieiunae
1760 2060 1889 2139 matris
1902 2088 1981 2139 sue.

672 2194 777 2268 Lune
798 2207 885 2295 post
899 2190 1065 2268 mediam
1088 2192 1437 2299 Quadragesimam.

669 2322 720 2399 Μ
740 2318 854 2399 Ailou
876 2321 1086 2427 reportavit.

670 2586 711 2663 L.
740 2586 915 2693 laqueata
936 2584 1030 2663 lacta
1057 2587 1104 2663 ad
1126 2586 1346 2663 instanciam
1363 2584 1562 2693 quuelini
1584 2585 1781 2665 Guillelmi
1807 2587 1856 2663 de
1883 2587 2035 2693 Sparta,

614 2742 728 2820 super
745 2717 1035 2825 recuperacione
1054 2716 1162 2793 castri
1180 2732 1219 2793 et
1234 2733 1333 2793 terre
1352 2715 1400 2793 de
1418 2718 1573 2821 Sparta,
1589 2716 1665 2791 visa
1682 2731 1720 2791 et
1738 2715 1940 2823 diligenter
1956 2744 2040 2793 exa·

613 2845 773 2935 minata,
792 2863 946 2951 propter
968 2846 1049 2952 ejus
1067 2845 1250 2935 defectus,
1270 2874 1338 2951 per
1354 2846 1455 2921 curie
1472 2862 1600 2922 nostre
1615 2844 1822 2951 judicium,
1840 2844 1914 2922 fuit
1928 2846 2043 2925 anui-2

614 2972 706 3063 lata,
727 2992 765 3052 et
784 2975 917 3054 iterato
939 2974 1108 3053 fruenda
1128 2991 1200 3066 est,
1225 2974 1363 3054 vocatis
1378 2993 1620 3080 procuratore
1643 2991 1830 3053 nostro-ct
1849 2964 1936 3054 aliis
1953 2995 2039 3055 ero·-

613 3104 753 3183 candis.
1503 3104 1508 3111 ¹

668 3236 777 3313 Luna
793 3252 879 3342 post
898 3235 1063 3313 medinm
1083 3234 1428 3343 Quadragesimam.
2035 3335 2039 3341 Ι

666 3368 777 3444 Facta
794 3383 851 3444 est
867 3356 1080 3445 commissio
1098 3394 1213 3472 super
1228 3366 1302 3445 hoc
1318 3366 1367 3443 ad
1383 3366 1630 3445 senescallum
1646 3367 1828 3446 Vasconie
1846 3384 1886 3444 et
1901 3367 2036 3447 Girsu·

612 3500 704 3577 dum
724 3498 897 3608 Balayne.

668 3764 726 3839 Ll.
758 3764 933 3869 inquesta
950 3759 1045 3839 saeta
1062 3778 1192 3841 contra
1212 3763 1423 3841 iohannem
1442 3761 1652 3856 Blondelli,
1671 3766 1907 3870 prepositum
1924 3765 2034 3844 Mon·

609 3891 882 3985 tis-Letherici,
901 3921 1016 3999 super
1034 3921 1079 3970 eo
1097 3894 1203 4000 quod
1221 3893 1417 3971 dicebatur
1438 3893 1566 4000 ipsum
1585 3893 1842 4001 negligentem
1860 3894 1976 3973 finisse
1993 3899 2033 3972 in

611 4021 794 4127 capiendo
817 4023 1029 4101 iohannem
1047 4023 1241 4112 Fumarii,
1260 4024 1484 4102 servientem
1508 4052 1636 4114 suum,
1656 4025 1722 4129 qui
1742 4024 1937 4101 dicebatur
1950 4026 2034 4103 vul-

611 4178 757 4229 nerasse
785 4151 1006 4258 Dyonisium
1031 4153 1067 4229 le
1086 4153 1231 4245 Goulu,
1253 4170 1452 4260 postquam
1480 4154 1560 4257 ipse
1578 4152 1790 4259 'Dyonisius
1807 4154 1930 4230 eidem
1957 4184 2034 4232 ser-

609 4280 724 4359 vienti
742 4310 781 4359 se
799 4283 1019 4361 reddiderat
1034 4302 1071 4361 et
1086 4312 1189 4361 arma
1204 4313 1287 4374 sua,
1308 4286 1384 4361 visa
1405 4302 1442 4361 et
1461 4283 1666 4390 diligenter
1682 4283 1909 4376 examinata,
1928 4284 2032 4364 idem

609 4412 843 4521 propositus,
867 4440 936 4518 per
951 4413 1055 4519 curie
1075 4432 1202 4493 nostre
1221 4414 1428 4523 judicium,
1453 4413 1751 4520 condempnatus
1766 4412 1841 4492 fuit
1860 4415 1972 4494 uobis
1992 4423 2034 4495 in

610 4543 783 4622 ducentis
800 4544 907 4623 libris
920 4544 1188 4623 Parisicnsihus
1201 4574 1270 4653 pro
1286 4545 1464 4637 emenda,
1480 4563 1519 4623 et
1540 4545 1590 4623 ad
1604 4546 1804 4625 tenendam
1822 4547 2032 4653 prisionem

506 4672 514 4679 ’
608 4674 793 4753 firmatam
808 4704 878 4783 per
892 4674 990 4754 duos
1006 4702 1172 4766 menses,
1191 4676 1372 4767 Peneius,
1396 4678 1436 4753 in
1457 4676 1660 4757 Castelleto
1682 4694 1814 4755 nostro
1829 4695 1869 4755 et
1891 4680 1941 4756 ad
1960 4680 2031 4757 sol-

582 4914 583 4919 *
607 4806 773 4885 vandum
790 4806 1007 4914 quindecim
1024 4807 1138 4885 libras
1153 4808 1379 4888 Parisicnses
1390 4837 1461 4916 pro
1479 4808 1650 4917 expensis
1666 4809 1886 4889 auditorum
1904 4826 1944 4888 et
1956 4829 2031 4890 tes-

605 4936 703 5014 tium
722 4937 895 5045 iuqueste
912 4938 1093 5043 predicte.

662 5068 771 5147 Lune
788 5068 968 5176 predicta.

663 5332 738 5410 LII.
769 5334 944 5442 inquesta
968 5334 1142 5414 inchoata
1163 5334 1265 5415 inter
1286 5334 1466 5415 comitem
1492 5333 1863 5429 Claromoutensem,
1889 5362 1934 5413 ex
1954 5362 2031 5411 una

608 5478 731 5567 parte,
755 5480 794 5542 et
814 5466 1019 5572 capitulum
1046 5466 1289 5561 Belvacense,
1319 5495 1364 5545 ex
1384 5468 1516 5559 altera,
1538 5495 1652 5576 super
1668 5468 1783 5577 garda
1805 5486 1844 5546 et
1864 5479 2029 5543 ressorto
2140 5512 2145 5521 .
