5817 7292
1028 1159 1298 1270 auouarns
1323 1181 1387 1252 ar
1412 1163 1620 1252 raucas.
1966 1185 2036 1256 irc

609 1320 768 1429 judicati
794 1319 1104 1400 emendacionem
1131 1319 1229 1399 bane
1254 1319 1368 1399 brisso
1396 1321 1570 1429 petitam,
1598 1338 1636 1398 et
1667 1337 1830 1399 erremus
1854 1321 1968 1402 finisse
1998 1325 2037 1400 in
2075 1335 2206 1390 aarum
2225 1337 2268 1400 lv.

615 1471 793 1561 compoto
811 1453 1015 1532 solucionis
1034 1451 1217 1560 predicte,
1241 1451 1457 1560 dictumque
1477 1452 1692 1530 auditorem
1712 1452 1809 1530 male
1829 1453 2035 1561 judicasse,
2139 1429 2201 1472 ”Q

615 1583 733 1690 ipsius
745 1585 958 1693 judicatum
977 1584 1192 1691 predictum
1211 1582 1460 1675 infirmando,
1483 1584 1702 1692 dictumque
1722 1583 1971 1663 Herbelinum
1990 1585 2037 1662 ad

614 1715 855 1794 reddendum
870 1716 997 1794 eidem
1010 1715 1173 1794 Johauni
1186 1715 1372 1821 predictas
1388 1715 1543 1824 triginta
1555 1715 1670 1792 libras
1688 1717 1931 1793 Turonenses
1950 1743 2040 1793 con-

615 1844 879 1953 dempnand03
899 1875 921 1923 a
939 1874 1018 1954 quo
1032 1846 1220 1954 judicato,
1241 1864 1421 1954 tanquam
1440 1873 1462 1924 a
1482 1845 1574 1924 salso
1595 1864 1632 1925 et
1654 1870 1783 1952 pravo,
1804 1845 1926 1924 dictus
1943 1847 2040 1924 Her·

613 1973 764 2054 belinus
782 1978 829 2052 ad
851 1992 1017 2054 nostram
1036 1975 1177 2053 curiam
1196 1975 1394 2084 appellavit
1413 2009 1422 2053 ε
1445 1976 1595 2054 Auditis
1614 1976 1740 2084 igitur,
1763 1977 1802 2052 in
1817 2005 1925 2054 musa
1942 1977 2040 2056 dicte

614 2105 895 2212 appellacionis,
915 2105 1085 2213 partibus
1113 2106 1329 2194 antedictis,
1363 2126 1400 2184 et
1430 2107 1518 2186 visis
1541 2107 1777 2215 processibus
1806 2126 1846 2185 et
1863 2107 2040 2216 judicatis

614 2235 807 2341 predictis,
828 2263 897 2344 per
919 2237 1023 2314 curie
1048 2254 1175 2316 nostre
1196 2236 1402 2347 judicium,
1425 2237 1568 2315 dictum
1594 2235 1666 2316 fuit
1689 2255 1727 2316 et
1745 2228 2037 2345 ¹pronunciatum

615 2367 756 2444 dictum
772 2369 1006 2475 prepositum
1025 2367 1123 2446 bene
1139 2367 1345 2476 judicasse,
1362 2368 1583 2477 dictumque
1599 2368 1845 2449 Herbelinum
1862 2370 1960 2448 male
1977 2401 2040 2478 ap-

608 2495 788 2607 pellasse,
803 2517 842 2576 et
861 2498 967 2605 quod
985 2499 1066 2604 ipse
1085 2499 1161 2576 boc
1179 2498 1399 2576 emendabit
1417 2499 1488 2602 (9).

668 2628 769 2707 Jovis
787 2628 965 2735 predicta.

668 2759 795 2836 Monci
814 2759 1028 2866 reportavit.

668 3022 748 3099 XX.
778 3023 902 3128 Super
927 3049 973 3099 eo
993 3021 1100 3130 quod
1121 3020 1323 3100 domicella
1341 3021 1423 3100 ada
1446 3021 1495 3100 de
1514 3022 1659 3130 Kaynel
1679 3003 1979 3131 conquerebatur
1997 3055 2039 3103 se

614 3151 664 3230 dc
687 3151 923 3260 possessione
948 3170 1102 3232 centum
1127 3170 1166 3230 et
1187 3172 1353 3261 quatuor
1369 3153 1579 3263 jornalium
1603 3173 1703 3236 terre
1727 3157 1964 3233 movnncium
1990 3158 2038 3237 de

613 3280 727 3360 feodo
749 3283 933 3361 lobannis
958 3283 1006 3364 de
1030 3283 1254 3371 Villaribus,
1275 3285 1462 3391 armigeri,
1485 3313 1557 3391 ,per
1580 3285 1794 3362 Jobaunem
1815 3285 1862 3362 de
1889 3286 2038 3394 Voyssi,

612 3415 794 3503 militem,
811 3413 990 3494 ballivum
1003 3415 1361 3504 viromandensem,
1379 3413 1564 3494 violenter
1580 3434 1618 3494 et
1637 3417 1774 3524 injuste
1792 3416 1967 3522 ejectam,
1983 3447 2041 3496 oc·

612 3547 760 3626 rasione
787 3547 986 3656 cujusdam
1007 3547 1166 3656 judicati
1190 3575 1305 3655 super
1329 3549 1402 3625 hoc
1426 3565 1555 3626 contm
1576 3548 1693 3656 ipsam
1713 3575 1784 3656 pro
1809 3547 1922 3626 Colaa
1945 3548 2039 3628 Ger-

613 3679 763 3754 msinne
787 3676 876 3755 facti
894 3706 963 3784 per
981 3678 1156 3758 homines
1177 3679 1280 3756 curie
1300 3677 1662 3766 Montis-Desiderii,
1692 3678 1781 3755 licet
1798 3680 1877 3786 ipsa
1891 3679 2038 3785 judicio

613 3836 748 3887 somam
770 3836 964 3917 nonquam
988 3837 1028 3886 se
1053 3810 1313 3916 supposuerit,
1342 3827 1385 3886 ut
1408 3807 1574 3902 dicebat,
1601 3810 1703 3889 dicto
1727 3808 1864 3888 ballivo
1892 3828 2040 3886 contra-

613 3939 713 4016 rium
733 3956 921 4018 asserente
936 3973 946 4018 r
963 3940 1154 4030 Tandem,
1170 3942 1346 4047 inquesta
1364 3965 1480 4046 super
1499 3941 1571 4018 hoc
1590 3939 1684 4019 tacta
1703 3969 1771 4048 per
1788 3959 1909 4019 certos
1928 3941 2038 4018 audi-

613 4087 731 4162 tores,
757 4071 898 4176 quibus
918 4072 1164 4150 commissum
1188 4071 1313 4152 suerat
1335 4089 1396 4160 ut,
1424 4071 1561 4148 vocatis
1589 4071 1804 4162 evocandis,
1829 4099 1943 4180 super
1965 4073 2037 4150 boc

613 4200 850 4306 inquirerent
863 4201 1075 4294 veritatem,
1095 4201 1172 4279 visa
1191 4220 1230 4280 et
1248 4200 1452 4308 diligenter
1471 4203 1696 4292 examinata,
1712 4203 1800 4308 quia
1818 4229 1895 4279 non
1913 4219 1970 4278 est
1979 4205 2040 4278 in-

612 4347 766 4408 ventum
784 4331 889 4436 quod
910 4331 1010 4409 dicta
1030 4331 1163 4420 Colaa,
1184 4360 1259 4440 que
1282 4361 1352 4439 pro
1374 4359 1414 4408 se
1436 4332 1581 4410 dictum
1601 4332 1785 4411 babuerat
1802 4331 2035 4440 judicatum,

613 4479 741 4540 vocata
764 4461 879 4538 luerit
908 4489 977 4569 per
1001 4461 1122 4540 dictos
1146 4462 1338 4542 auditores
1367 4463 1408 4540 in
1433 4463 1604 4570 inquesta
1631 4463 1820 4570 predicta,
1847 4493 1915 4571 per
1933 4463 2038 4570 judi-

613 4592 715 4670 cium
731 4592 851 4680 curie,
875 4591 974 4672 dicta
990 4593 1164 4701 inquesta
1177 4592 1252 4672 fuit
1269 4593 1437 4672 totaliter
1451 4592 1631 4685 anullare,
1648 4612 1687 4672 et
1702 4595 1800 4672 dicta
1817 4595 1897 4674 ada
1912 4595 2038 4702 requi-

613 4739 670 4800 rat
688 4723 794 4830 qnod
811 4723 988 4816 voluerit,
1010 4743 1049 4804 et
1062 4724 1213 4834 justicia
1232 4726 1307 4804 sibi
1325 4725 1403 4804 liet.

668 4853 767 4930 Jovis
790 4869 877 4961 post
895 4855 1256 4934 Sanctam-Luciam.

668 4983 851 5063 Gorintus
868 4986 1082 5092 reportavit.

667 5248 758 5324 xxl.
789 5248 889 5327 Cum
909 5279 930 5325 a
949 5249 1114 5358 quodam
1136 5250 1306 5360 judicato
1330 5279 1399 5358 per
1417 5252 1648 5360 prepositum
1672 5251 1919 5332 Purisiensem
1940 5253 2034 5329 sacto

611 5404 679 5482 pro
706 5377 874 5459 Garnoto
899 5381 948 5458 de
972 5381 1176 5491 Lugduno‚
1203 5384 1278 5460 cive
1303 5383 1520 5472 Parisiensi,
1549 5401 1677 5463 contra
1697 5385 1919 5464 Nicbolaum
1945 5385 2033 5460 Les·

610 5504 768 5598 ebacier,
783 5511 1077 5614 carpentarium,
1098 5537 1213 5619 super
1231 5538 1380 5610 summa
1400 5513 1647 5596 ducentarum
1665 5531 1704 5591 et
1722 5514 1967 5621 quadraginta
1987 5510 2030 5584 li-
