5817 7292
904 1077 976 1150 472
1249 1111 1252 1115 ·
1482 1071 1573 1144 Lus
1604 1069 1743 1144 omn.

677 1240 804 1292 enum
818 1235 861 1298 tv,
900 1247 970 1298 nec
991 1245 1158 1326 unquam
1177 1216 1325 1303 luisset,
1347 1232 1391 1293 ut
1410 1211 1575 1302 dicebat,
1598 1210 1768 1290 officialis
1787 1225 1925 1297 noster,
1948 1227 1987 1287 et
1999 1209 2091 1316 quia
2110 1185 2232 1288 coram
2255 1214 2331 1294 dic.

737 1329 798 1375 Μ’
898 1354 946 1430 tis
965 1347 1253 1458 inquisitoribus
1268 1374 1381 1453 super
1395 1345 1469 1424 hoc
1481 1343 1710 1451 respondere
1725 1339 1861 1428 noluit,
1877 1341 1948 1447 ipsi
1965 1369 2054 1418 eum
2070 1341 2109 1418 in
2125 1342 2330 1448 prisionem

900 1483 986 1563 duci
1007 1481 1201 1569 feceruut;
1226 1475 1344 1566 unde,
1361 1477 1391 1554 si
1412 1476 1540 1584 alique·
1555 1475 1604 1553 de
1625 1473 1803 1581 predictis
1823 1472 2015 1580 promisit,
2037 1501 2105 1550 seu
2125 1475 2330 1552 concorda-

902 1617 951 1691 vit
971 1643 1059 1694 cum
1080 1611 1189 1690 dictis
1209 1607 1432 1696 heredibus,
1454 1607 1528 1690 hoc
1547 1606 1621 1684 fuit
1638 1605 1796 1712 pervim
1818 1622 1857 1683 et
1875 1603 2178 1712 compulsionem
2199 1623 2237 1682 et
2257 1636 2331 1684 me·

900 1765 981 1823 tum
1008 1742 1163 1821 carceris
1188 1741 1227 1817 in
1247 1769 1322 1847 qua
1347 1737 1605 1826 detinebatur;
1630 1765 1746 1843 quare
1774 1735 1928 1843 petebat
1957 1736 2079 1814 dictus
2104 1736 2329 1844 Reginaldus

900 1874 1020 1984 quod,
1040 1876 1070 1952 si
1084 1873 1209 1979 aliqua
1230 1871 1277 1949 de
1293 1868 1472 1978 predictis
1491 1868 1681 1976 promisit,
1698 1895 1766 1974 per
1783 1868 1927 1948 curiam
1942 1885 2110 1946 nostram
2125 1868 2330 1946 anullaren·

899 2025 987 2085 tur:
1007 2006 1092 2084 Visa
1114 2005 1228 2112 igitur
1247 2003 1418 2109 inquesta
1438 2028 1553 2106 super
1575 1998 1656 2086 hiis,
1673 1997 1788 2092 lacta,
1809 1999 1900 2107 quia
1924 1999 2120 2078 inventum
2144 2018 2201 2078 est
2226 2001 2330 2079 sulli-

901 2139 1042 2215 cienter
1054 2136 1255 2243 probatum
1273 2135 1417 2212 dictum
1433 2130 1682 2240 Reginaldum
1701 2159 1771 2236 per
1789 2131 1862 2209 vim
1883 2149 1922 2208 et
1940 2131 2240 2238 compulsionem
2256 2163 2329 2210 car-

902 2270 996 2346 ceris
1019 2266 1227 2375 predictam
1247 2263 1543 2344 convencionem
1569 2261 1716 2353 fecisse,
1738 2289 1809 2342 nec
1833 2280 1890 2339 est
1912 2263 2105 2340 inventum
2124 2262 2230 2368 quod
2247 2263 2327 2368 ipse

902 2428 1070 2507 unquam
1096 2397 1211 2476 fuerit
1239 2394 1407 2474 officialis
1433 2410 1574 2482 noster,
1599 2423 1668 2500 per
1694 2394 1798 2472 curie
1820 2411 1949 2472 nostre
1966 2391 2156 2502 judicium
2185 2394 2329 2475 dictum

900 2529 972 2608 luit
991 2530 1114 2636 ipsum
1132 2527 1180 2604 ad
1195 2523 1470 2604 observandum
1490 2523 1698 2630 predictam
1714 2523 2009 2641 consensionem
2025 2522 2257 2612 nordebere
2276 2542 2331 2602 te-

901 2661 999 2748 neri,
1021 2659 1119 2736 salvo
1139 2677 1266 2734 tamen
1292 2656 1401 2734 dictis
1418 2655 1640 2744 heredibus,
1663 2657 1702 2732 in
1722 2655 1900 2762 predictis
1912 2672 2010 2733 terra
2025 2674 2064 2733 et
2079 2656 2327 2766 hereditagio,

894 2792 981 2898 jure
1000 2817 1069 2870 suo
1090 2790 1129 2870 in
1149 2786 1341 2876 omnibus,
1368 2787 1398 2864 si
1422 2815 1465 2864 ea
1485 2785 1662 2892 prosequi
1681 2785 1871 2869 voluerint
1890 2815 2013 2868 coram
2028 2785 2161 2895 judice
2180 2817 2332 2897 compe-
2374 2830 2377 2834 ,

898 2921 1006 2998 tenti.

955 3053 1112 3130 Veneris
1131 3069 1216 3130 ante
1235 3055 1373 3132 Remos
1396 3051 1622 3128 Palmarum.

959 3183 1161 3290 [Decanus]
1184 3181 1425 3260 Cassellensis
1444 3183 1658 3290 reportarit.

959 3447 1114 3524 LXXIX.
1144 3445 1245 3524 Cum
1271 3445 1540 3530 denunciatum
1560 3445 1693 3526 luisset
1716 3467 1842 3526 contra
1865 3447 2124 3556 Raymondum
2146 3448 2326 3536 Barberii,

903 3576 949 3655 de
963 3577 1105 3669 Vauro,
1119 3577 1242 3684 quod,
1263 3605 1349 3653 cum
1366 3576 1589 3657 castellanus
1602 3596 1730 3657 noster
1740 3579 1884 3668 Buseti,
1899 3579 1987 3687 quia
2002 3576 2206 3656 senescallo
2221 3579 2329 3656 Tho-

902 3707 1031 3786 losano
1052 3708 1268 3785 mandatum
1296 3708 1495 3798 habuerat,
1517 3728 1562 3788 ut
1580 3710 1790 3798 dicebatur,
1820 3711 1867 3788 de
1887 3709 2258 3816 capiendossrunum
2281 3710 2330 3788 de

901 3837 1092 3929 Messello,
1123 3839 1170 3917 de
1194 3841 1337 3928 Vuuro,
1359 3841 1423 3948 qui
1445 3843 1595 3922 Brunus
1614 3841 1811 3921 dicebatur
1830 3841 2041 3932 Calvetum,
2064 3839 2217 3918 fratrem
2236 3843 2332 3945 {lay-

900 3969 1031 4048 mondi
1051 3970 1208 4058 Calveti,
1235 3970 1282 4050 de
1301 3974 1444 4065 Vauro,
1465 3973 1660 4066 occidisse,
1686 3975 1850 4052 eundern
1869 3977 2041 4053 Brunum
2059 3973 2260 4080 reperisset
2279 3972 2333 4048 in-

899 4099 1046 4178 clusum
1073 4103 1112 4182 in
1136 4103 1221 4180 aula
1247 4105 1383 4210 prioris
1411 4105 1460 4184 de
1484 4106 1626 4196 Vauro,
1653 4124 1831 4213 tanquam
1861 4108 1901 4182 in
1926 4107 2025 4197 loco,
2056 4123 2100 4182 ut
2124 4105 2328 4192 dicebatur,

901 4230 1072 4338 profano,
1096 4233 1296 4342 ipsumque
1320 4265 1453 4342 capere
1474 4235 1600 4328 vellet,
1626 4254 1670 4313 ut
1689 4237 1939 4326 homicidam,
1962 4236 2065 4314 idem
2088 4229 2332 4343 Raymundus

899 4361 1084 4454 Barberii,
1109 4380 1198 4440 tunc
1217 4366 1346 4446 consul
1374 4365 1421 4444 de
1441 4367 1587 4459 Vauro,
1607 4367 1701 4445 dixit
1721 4367 1822 4444 dicto
1842 4366 2041 4446 castellano
2063 4366 2170 4473 quod
2190 4364 2330 4443 dictum

899 4493 1068 4574 Brunum
1089 4523 1165 4574 uon
1189 4513 1354 4601 caperet,
1382 4525 1448 4588 ne,
1469 4498 1510 4574 in
1530 4496 1612 4604 ejus
1637 4498 1834 4605 capcione,
1865 4498 1913 4575 ab
1933 4497 2062 4576 amicis
2092 4496 2182 4574 dicti
2204 4496 2328 4584 occisi,

900 4625 965 4729 qui
981 4623 1126 4702 ibidem
1141 4625 1266 4731 plures
1279 4645 1474 4733 presentes
1486 4646 1606 4721 erant,
1623 4627 1726 4706 idem
1742 4630 1891 4707 Brunus
1909 4629 2156 4722 occideretur,
2173 4626 2331 4734 promit·

900 4755 1016 4832 tendo
1037 4756 1162 4833 eidem
1184 4757 1383 4836 castellano
1399 4759 1504 4866 quod
1520 4760 1686 4838 eundem
1701 4760 1875 4838 Brunum
1888 4761 1960 4866 ipsi
1976 4758 2176 4838 castellano
2196 4755 2333 4834 redde·

899 4903 957 4962 ret
972 4885 1090 4986 liberp
1101 4887 1179 4994 juri
1194 4906 1322 4966 nostro
1340 4891 1570 4997 pariturum,
1585 4921 1662 4999 quo
1679 4891 1898 4978 castellano,
1915 4879 1987 4969 sub
2002 4889 2235 4970 confidencia
2250 4905 2332 4964 ver'-

897 5013 1034 5092 borum
1064 5017 1224 5122 predicti
1252 5021 1480 5128 haymondi,
1510 5022 1737 5129 prohibente
1763 5051 1811 5101 ne
1832 5022 1949 5130 aliqui
1975 5021 2140 5100 eundem
2163 5021 2334 5096 Brunum

898 5164 1115 5255 tangerent,
1133 5148 1234 5225 idem
1250 5152 1416 5241 Brunus,
1431 5154 1504 5231 sub
1520 5156 1720 5234 securitate
1737 5154 1826 5232 dicti
1842 5154 2076 5262 Raymundi,
2099 5154 2241 5230 intrans
2260 5150 2334 5224 im·

900 5278 1122 5357 munitatem
1145 5279 1317 5370 ecclesie,
1335 5284 1383 5362 ab
1403 5312 1445 5360 ee
1460 5285 1623 5393 aufugit,
1647 5285 1791 5394 prelato
1812 5285 2052 5393 haymondo,
2073 5284 2122 5361 ad
2135 5280 2332 5360 liberacio-

899 5437 985 5490 nem
1006 5409 1094 5488 dicti
1116 5413 1249 5502 Bruni,
1268 5415 1458 5496 maliciose
1480 5435 1519 5494 et
1541 5417 1692 5509 dolose,
1715 5436 1758 5496 ut
1777 5416 1983 5505 dicebatur,
2003 5432 2229 5522 procurante
2244 5439 2336 5518 pre·
