5817 7292
918 1056 991 1131 646
1496 1049 1588 1123 LES
1617 1046 1756 1121 OLIM.

692 1212 822 1265 earnm
836 1206 880 1270 lv,
918 1224 986 1305 per
1004 1196 1108 1275 curie
1125 1211 1251 1273 nostre
1264 1190 1474 1300 judicium,
1492 1188 1646 1267 fuerunt
1663 1185 1826 1295 absoluti
1843 1184 1890 1263 ab
1910 1184 2089 1267 omnibus
2105 1188 2340 1295 supradictis,

753 1301 816 1343 ¹³¹¹·
974 1326 1102 1407 uma
1117 1324 1295 1432 predica.

973 1461 1024 1537 M.
1045 1456 1269 1567 Pasquerius
1284 1455 1496 1562 reportavit.

839 1728 845 1741 '
970 1724 1063 1799 XIV.
1084 1721 1183 1799 Cum
1191 1717 1467 1797 PetrusNatalis
1479 1716 1527 1795 de
1540 1717 1709 1825 Biterris,
1724 1745 1810 1794 cum
1821 1716 1957 1795 litteris
1969 1717 2115 1795 domini
2125 1720 2256 1828 Regis,
2269 1750 2336 1825 pro

916 1852 1141 1960 quibusdam
1160 1850 1277 1957 ipsius
1299 1848 1465 1957 negociis
1488 1876 1612 1963 nuper
1632 1848 1680 1923 ad
1701 1864 1829 1953 „partes
1847 1845 2021 1957 Agenesii
2041 1850 2270 1937 destinatus,
2297 1851 2335 1926 in
2406 1912 2409 1918 .

916 1984 1017 2061 curia
1031 1997 1157 2059 nostra
1174 1996 1417 2087 proponeret,
1436 1995 1564 2056 contra
1578 1977 1811 2054 Bernardum
1831 1977 1878 2054 de
1893 1978 2066 2065 Devezia,
2083 1979 2202 2055 civem
2216 1978 2334 2087 Agen-

915 2140 1086 2200 nenscm,
1111 2111 1216 2217 quod
1248 2108 1370 2187 dictus
1396 2108 1609 2185 Bernardus
1636 2105 1860 2186 inobediens
1887 2122 1924 2183 et
1953 2106 2108 2185 rebellis
2138 2109 2176 2184 in
2203 2109 2332 2186 multis

916 2242 1038 2321 fuerat
1061 2240 1245 2322 mandatis
1269 2239 1373 2317 factis
1400 2238 1545 2326 eidem,
1575 2265 1619 2315 er
1648 2254 1752 2343 parte
1772 2230 1916 2315 domini
1934 2238 2059 2344 Regis,
2071 2267 2147 2343 per
2164 2240 2329 2317 eundem

916 2374 1085 2461 Petrum,
1109 2390 1146 2450 et
1162 2370 1290 2477 plures
1307 2368 1585 2447 inobediencias
1615 2385 1653 2444 et
1676 2395 1861 2445 rescussm
1884 2367 2021 2445 fecerat
2041 2385 2165 2447 contra
2188 2370 2328 2475 ipsum,

914 2532 1032 2611 quare
1051 2502 1200 2610 petebat
1220 2500 1383 2579 eundem
1398 2499 1646 2587 Bemardum,
1661 2526 1730 2604 per
1748 2498 1963 2604 capcionem
1981 2499 2148 2605 corporis
2167 2500 2330 2581 ethono-

915 2662 1020 2722 rum,
1038 2632 1216 2741 compelli
1231 2632 1279 2708 ad
1293 2631 1574 2709 emendandum
1591 2629 1747 2708 domino
1757 2629 1849 2736 Regi
1864 2646 1903 2706 et
1916 2628 1988 2707 sibi
2002 2630 2277 2711 inobediencias
2295 2652 2333 2711 et

915 2791 1098 2841 rescussas
1113 2762 1314 2870 predictas,
1335 2762 1458 2840 dictus
1474 2789 1562 2839 vero
1578 2759 1807 2848 Bernartius,
1824 2788 1911 2837 suas
1926 2757 2167 2841 defensiones
2186 2778 2335 2869 preten—
2381 2828 2385 2833 .

916 2894 1010 2971 dens
1024 2910 1153 2973 contra
1170 2892 1357 3001 predictas
1377 2889 1658 2971 inobediencias
1673 2906 1712 2967 et
1734 2916 1939 2980 rescussas,
1964 2907 2094 2970 contra
2110 2891 2252 2971 dictum
2267 2893 2335 2969 Pe-

914 3042 1017 3103 trum
1041 3024 1238 3133 proposuit
1260 3023 1363 3129 quod
1391 3023 1493 3101 idem
1512 3024 1661 3110 Petrus,
1688 3021 1769 3098 sine
1796 3049 1906 3101 causa
1923 3021 2162 3113 racionabili,
2190 3038 2336 3130 etpost

915 3154 1208 3262 appellacionem
1223 3154 1270 3232 ad
1281 3155 1481 3234 dominum
1491 3156 1631 3262 Regem
1643 3152 1689 3228 ab
1701 3151 1782 3259 ipso
1792 3152 2049 3259 interpositam
2059 3212 2068 3243 ,
2080 3152 2197 3231 multa
2208 3182 2335 3261 grava·

915 3285 1018 3363 mina
1035 3285 1159 3363 eidem
1181 3266 1310 3362 intulit
1332 3301 1371 3361 et
1390 3282 1568 3377 debonis
1587 3283 1665 3361 suis
1682 3281 1821 3389 injuste
1841 3283 1957 3390 cepit,
1974 3300 2011 3363 et
2026 3310 2155 3361 secum
2175 3284 2336 3389 portarit

917 3415 1048 3493 decem
1069 3432 1107 3491 et
1129 3430 1272 3521 septem
1292 3413 1414 3519 pecias
1433 3413 1633 3521 cyihorum
1652 3430 1690 3491 et
1713 3412 1937 3492 scutelarum
1962 3412 2122 3520 argenti,
2145 3412 2185 3488 in
2205 3414 2332 3496 valore

915 3543 1100 3654 sexaginta
1112 3542 1584 3655 librarumTurononsium
1595 3542 2039 3650 etultra.1tem,quinque
2049 3543 2173 3648 pecias
2186 3572 2332 3649 panno·

914 3702 1000 3751 rum
1021 3674 1069 3752 de
1088 3672 1279 3761 Flandria,
1301 3671 1483 3750 invalere
1502 3672 1753 3751 ducentarum
1773 3673 1955 3753 librarum
1971 3675 2270 3763 Turonensium‚
2292 3692 2334 3752 et

859 3890 862 3895 ,
914 3820 1077 3911 quatuor
1098 3804 1213 3881 libras
1230 3820 1383 3881 monete
1403 3804 1726 3905 Ernaudinorum‚
1748 3804 1788 3882 in
1807 3804 1932 3884 valore
1958 3805 2144 3912 sexaginta
2169 3818 2334 3911 quatuor

915 3933 1127 4013 solidorum
1135 3932 1431 4022 Turonensium‚
1445 3949 1484 4012 et
1497 3932 1606 4039 plura
1618 3934 1688 4011 alia
1701 3934 1863 4041 dampna
1875 3934 2004 4015 intulit
2014 3934 2157 4023 eidem,
2170 3953 2213 4011 ut
2228 3935 2328 4023 dicit,

914 4091 982 4171 per
1001 4064 1214 4170 potenciam
1229 4062 1504 4173 commissionis
1519 4090 1607 4152 sue,
1629 4092 1704 4169 que
1723 4055 1802 4171 ipse
1824 4066 1971 4143 estimat
1988 4060 2134 4165 adduo
2154 4065 2272 4146 millia
2287 4065 2334 4142 li-

912 4194 1066 4271 brarum
1087 4192 1384 4284 Turonensium‚
1408 4208 1446 4269 et
1463 4192 1569 4298 quod
1588 4192 1691 4269 idem
1713 4195 1843 4271 Petrus
1866 4195 1914 4273 ab
1934 4194 2097 4277 inimicis
2117 4194 2333 4302 capitalibus

914 4320 1004 4399 dicti
1020 4323 1201 4401 Bemardi
1222 4321 1363 4428 recepit
1378 4338 1416 4399 et
1436 4320 1571 4398 habuit
1587 4321 1766 4401 ducentas
1783 4322 1897 4404 libras
1914 4326 2156 4405 Turonenses
2178 4342 2221 4403 ut
2242 4354 2335 4405 eun-

915 4451 1002 4528 dem
1023 4452 1256 4539 Bemardum
1276 4451 1328 4529 sie
1345 4450 1442 4529 male
1464 4467 1654 4542 tractaret,
1676 4454 1871 4560 requirens
1897 4453 2000 4532 idem
2021 4456 2233 4534 Bemardus
2257 4456 2332 4535 dic·

913 4598 995 4659 tum
1008 4582 1160 4661 Petrum
1177 4580 1351 4686 compelli
1366 4581 1415 4658 ad
1427 4581 1670 4660 reddendum
1682 4582 1754 4659 sibi
1770 4583 1956 4691 predictas
1970 4614 2032 4663 res
2047 4586 2188 4668 ablatas
2206 4588 2263 4663 vel
2277 4616 2331 4665 ea·

913 4739 999 4789 rum
1018 4712 1184 4791 valorem
1211 4727 1248 4788 et
1271 4712 1319 4789 ad
1343 4712 1624 4814 resarciendum
1648 4712 1720 4798 sibi
1739 4713 1900 4821 dampna
1920 4716 2108 4821 predicta,
2131 4734 2170 4795 et
2190 4718 2327 4824 ipsum,

913 4868 981 4949 pro
1011 4842 1122 4921 tantis
1150 4841 1359 4935 excessibus
1388 4859 1647 4949 competenter
1674 4844 1822 4950 puniri,
1849 4844 1950 4923 dicto
1978 4847 2090 4925 Petro
2118 4848 2241 4954 plures
2269 4876 2330 4925 ra-

914 4972 1040 5051 ciones
1059 4972 1097 5048 in
1119 4972 1348 5054 contrarium
1372 4991 1625 5079 proponente,
1648 4990 1687 5051 et
1706 4972 1854 5053 dicente
1880 4973 1985 5081 quod
2004 4973 2069 5063 iila
2088 5004 2164 5083 que
2183 4977 2261 5083 ipse
2281 4979 2332 5057 de

913 5102 1025 5180 bonis
1044 5096 1135 5181 dicti
1154 5103 1334 5181 Bemardi
1353 5102 1554 5192 habuerat,
1576 5102 1640 5180 issa
1658 5121 1807 5211 ceperat
1822 5133 1891 5214 pro
1911 5104 1990 5184 suis
2009 5108 2181 5213 expensis
2196 5105 2334 5187 facien-

914 5230 992 5311 dis:
1009 5232 1195 5345 Tandem,
1213 5232 1351 5309 auditis
1376 5233 1465 5310 hinc
1484 5233 1573 5309 inde
1590 5234 1806 5341 propositis,
1826 5252 1864 5312 ot
1880 5235 1969 5313 visis
1984 5233 2120 5317 litteris
2137 5255 2174 5321 et
2193 5237 2334 5319 instru-

913 5363 1050 5443 mentis
1067 5362 1240 5447 exhibitis
1259 5362 1348 5447 hinc
1365 5378 1403 5439 et
1422 5362 1529 5452 inde,
1552 5380 1590 5439 et
1609 5364 1735 5447 audita
1755 5364 1846 5453 dicti
1862 5366 1961 5452 Petri
1980 5364 2235 5459 confessione,
2255 5396 2334 5474 que
