5817 7292
876 1117 921 1186 72
1060 1084 1064 1092 ’
1451 1115 1543 1188 ers
1572 1114 1709 1188 orm.

645 1263 833 1328 retrorsit,
927 1257 977 1335 M.
1000 1258 1038 1333 P.
1061 1255 1229 1335 Toffardi
1248 1257 1460 1363 reportavit.

708 1355 769 1398 1³⁰1.
915 1422 918 1428 Ι
1023 1393 1027 1400 .

927 1519 1003 1596 XII.
1035 1520 1145 1605 Item,
1176 1546 1262 1594 cum
1289 1519 1387 1594 inter
1409 1517 1589 1595 ballivum
1612 1519 1899 1596 Bitturicensem
1927 1547 1995 1625 pro
2019 1521 2130 1598 nobis
2149 1539 2188 1598 ct
2206 1523 2293 1600 reli-

869 1650 1014 1757 giosum
1042 1649 1164 1724 virum
1184 1648 1349 1753 priorem
1366 1648 1686 1754 Sancti-Stephani
1701 1649 1952 1736 Nivemensis,
1972 1652 2187 1728 monasterii
2204 1652 2292 1730 Clu-

869 1781 1068 1867 niacensis,
1091 1807 1135 1855 ex
1155 1805 1230 1854 una
1251 1795 1372 1884 parte,
1397 1797 1435 1857 et
1457 1781 1685 1864 Robertum,
1707 1779 1906 1857 dominum
1929 1779 1978 1858 de
1999 1782 2205 1872 Bethunia,
2230 1813 2292 1861 co-

867 1913 998 1988 mitem
1023 1928 1114 1986 tunc
1137 1907 1421 2002 Nivemensem,
1443 1909 1599 1987 nomine
1618 1937 1688 1986 suo
1713 1928 1751 1987 et
1770 1908 1977 1988 liberorum
1998 1911 2190 2017 ejusdem,
2219 1931 2287 1991 etc.

867 2043 963 2119 sicut
976 2069 1086 2147 supra
1103 2067 1170 2147 per
1185 2040 1312 2116 omnia
1326 2057 1470 2118 mutato
1487 2042 1640 2119 nomine
1653 2041 1859 2147 prioratus,
1876 2059 1914 2117 ct
1927 2041 1998 2120 sub
2014 2043 2146 2120 eadem
2161 2045 2257 2122 data.

923 2174 1049 2264 Idem,
1072 2175 1111 2250 P.
1132 2173 1342 2279 reportavit.

921 2305 969 2380 Et
988 2320 1075 2381 sunt
1096 2304 1134 2384 in
1155 2303 1290 2381 eodem
1312 2331 1428 2381 sacco.

921 2573 1014 2648 XIII.
1046 2571 1300 2650 Commissum
1322 2586 1377 2646 est
1395 2567 1531 2646 ballivo
1552 2568 1816 2646 silvanectensi
1836 2571 1941 2675 quod
1960 2571 2092 2648 iterato
2112 2570 2287 2676 sollemp

807 2701 810 2722 '
864 2703 950 2780 nius
969 2701 1078 2778 saciat
1098 2701 1307 2807 inquestam
1329 2728 1441 2805 super
1460 2699 1609 2807 injuriis
1628 2699 1741 2776 illatis
1759 2701 1875 2805 priori
1896 2701 1944 2778 de
1965 2701 2124 2779 Mcrlou.

912 2965 1013 3044 XIV
1045 2965 1142 3044 Cum
1171 2965 1270 3042 inter
1298 2962 1473 3041 homines
1501 2961 1587 3038 ville
1619 2964 1665 3041 de
1694 2962 1892 3049 Givisiaco,
1919 2989 1963 3038 ex
1992 2991 2069 3038 una
2097 2980 2220 3068 parte,
2251 2979 2289 3038 et

863 3094 1074 3172 Iohannem
1090 3095 1137 3172 de
1155 3095 1374 3201 Campania,
1397 3123 1441 3170 ex
1459 3092 1591 3179 altera,
1611 3111 1709 3170 esset
1724 3091 1910 3169 discordia
1924 3120 2037 3198 super
2053 3121 2229 3169 mensura
2242 3093 2289 3170 ad

864 3252 976 3328 quam
1006 3226 1097 3302 dicti
1118 3225 1292 3301 homines
1320 3223 1462 3300 solvere
1491 3222 1633 3298 dehent
1652 3224 1777 3300 eidem
1797 3223 1981 3314 Iohanni,
2008 3254 2050 3300 ex
2070 3224 2174 3300 dono
2191 3224 2290 3332 regis

862 3354 1035 3444 Francie,
1055 3371 1216 3458 quatuor
1230 3352 1381 3429 modios
1397 3378 1511 3427 avene
1527 3380 1614 3426 cum
1629 3351 1789 3428 dimidio
1805 3353 2020 3444 annuatim,
2036 3369 2074 3428 et
2087 3380 2203 3458 super
2216 3354 2288 3430 hoc

861 3482 989 3589 plures
1015 3483 1134 3560 habiti
1161 3483 1321 3561 fuissent
1338 3484 1437 3559 inter
1462 3482 1579 3560 dictas
1601 3500 1726 3588 partes
1744 3512 1957 3591 processus,
1979 3500 2056 3565 tam
2075 3511 2202 3560 eoram
2220 3485 2287 3558 Pa-

862 3614 1009 3690 risiensi
1021 3615 1211 3722 preposito
1221 3643 1336 3723 quam
1353 3615 1392 3690 in
1404 3613 1638 3718 parlamento
1650 3633 1795 3703 nostro,
1813 3617 1988 3721 perviam
2000 3613 2284 3720 appellacionis:

862 3744 1053 3836 Tandem,
1077 3746 1224 3854 rejectis
1246 3745 1412 3824 totaliter
1433 3745 1543 3821 dictis
1566 3747 1817 3851 processibus,
1846 3746 1985 3850 placuit
2010 3744 2154 3822 eisdem
2173 3746 2288 3851 parti-

862 3874 934 3954 bus
956 3878 1082 3984 quod,
1109 3905 1222 3983 super
1244 3875 1466 3983 hujusmodi
1487 3902 1665 3951 mensura
1684 3906 1704 3953 a
1724 3875 1833 3952 dictis
1848 3873 2016 3979 partibus
2036 3873 2283 3962 observanda,

862 4009 964 4084 curia
984 4026 1110 4086 nostra
1126 4008 1336 4114 preciperet
1349 4007 1457 4113 quod
1476 4006 1620 4082 videret
1640 4004 1915 4082 racionabiliter
1929 4003 2160 4082 laciendum.
2175 4005 2287 4083 Ordi-

862 4141 962 4216 navit
982 4139 1097 4247 igitur
1124 4139 1226 4216 curia
1249 4155 1376 4216 nostra
1399 4137 1505 4244 quod
1527 4136 1619 4213 dicti
1634 4136 1810 4213 homines
1827 4163 1982 4212 avenam
2005 4136 2212 4242 predictam
2236 4138 2286 4213 ei·

863 4269 951 4346 dem
966 4270 1129 4348 Iohanni
1143 4269 1288 4348 solvant
1301 4270 1347 4346 de
1362 4287 1487 4346 cetero
1500 4268 1549 4345 ad
1564 4267 1668 4346 illam
1684 4293 1898 4344 mensuram
1912 4267 2088 4372 adquam
2103 4295 2185 4344 cam
2199 4295 2286 4351 con-

862 4417 1067 4477 sueverunt
1081 4400 1224 4478 solvere
1242 4429 1285 4478 ex
1300 4401 1476 4506 antiquo,
1493 4399 1541 4476 de
1556 4397 1664 4505 cujus
1678 4426 1855 4476 mensure
1869 4397 2076 4504 quantitate
2091 4397 2171 4506 ipsa
2184 4399 2285 4477 cruia

860 4546 988 4606 nostra
1002 4559 1040 4607 se
1059 4529 1207 4636 plenius
1220 4531 1458 4610 informaret:
1474 4531 1583 4608 Facta
1597 4529 1787 4636 siquidem
1799 4529 2070 4608 informacione
2085 4527 2283 4606 sufficienti

860 4688 975 4766 super
1000 4662 1075 4738 hoc
1100 4677 1138 4737 et
1164 4677 1291 4738 nostre
1319 4661 1421 4738 curie
1448 4677 1652 4766 reportata,
1679 4660 1768 4767 quia
1790 4689 1858 4766 per
1883 4688 1968 4736 eam
1990 4659 2183 4736 inventum
2212 4656 2284 4732 fuit

860 4792 966 4896 quod
992 4789 1151 4897 predicti
1178 4791 1352 4868 homines
1371 4789 1418 4868 ab
1438 4791 1593 4897 antiquo
1614 4791 1758 4870 solvere
1778 4808 1816 4867 et
1840 4790 1961 4866 dictus
1980 4789 2169 4865 Iohannes
2188 4785 2283 4861 reci·

861 4948 950 5026 pere
965 4919 1105 4997 dictam
1117 4948 1271 4999 avenam
1287 4938 1565 5000 consueverunt
1579 4921 1628 4996 ad
1640 4948 1856 4998 mensuram
1868 4918 2003 5024 prioris
2014 4917 2068 4994 de
2079 4915 2281 5006 Girisiaco,

861 5051 918 5128 vel
938 5052 1063 5130 eidem
1083 5051 1246 5130 similem
1273 5053 1313 5128 in
1341 5052 1548 5159 quantitate
1577 5079 1812 5139 mensuram,
1835 5050 1882 5126 ad
1907 5045 2212 5126 illamvidelicct
2236 5046 2283 5122 ad

863 5211 975 5289 quam
997 5184 1076 5290 ipse
1094 5183 1198 5290 prior
1212 5183 1378 5262 similem
1396 5211 1511 5260 avene
1529 5183 1798 5290 quantitatem,
1816 5208 1861 5256 er
1876 5178 2092 5286 donorcgis
2107 5176 2280 5263 Francie,

861 5315 1019 5423 percipit
1048 5314 1241 5392 annuatim
1270 5314 1317 5393 ab
1349 5313 1568 5395 hominibus
1595 5311 1813 5398 antedictis,
1844 5338 1912 5416 per
1934 5308 2123 5416 judicium
2154 5325 2280 5385 nostre

862 5448 979 5541 curie,
1001 5446 1141 5526 dictum
1160 5420 1234 5528 fuit
1252 5445 1355 5554 quod
1377 5447 1551 5529 homines
1572 5442 1729 5551 predicti
1748 5440 1890 5529 solvere
1908 5457 1946 5516 et
1959 5439 2081 5516 dictus
2093 5438 2282 5518 Iohannes
