5817 7292
1004 1008 1270 1117 nnounrns
1296 1026 1360 1099 nr
1387 1006 1592 1101 eronus.
1935 1034 2010 1107 ose

648 1169 738 1247 VIII.
769 1167 852 1247 Lite
871 1183 990 1257 mota,
1011 1193 1136 1245 coram
1155 1165 1346 1275 preposito
1366 1165 1582 1257 Parisiensi,
1608 1167 1709 1245 inter
1729 1168 1918 1277 hogerum
1942 1174 2012 1253 Ca·
2049 1180 2239 1245 rnrumrv,

590 1300 762 1409 vaingne,
784 1316 967 1388 actorem,
990 1326 1033 1375 ex
1051 1326 1127 1376 una
1140 1316 1263 1404 parte,
1284 1314 1322 1377 et
1335 1298 1547 1377 Iohannem
1567 1297 1795 1383 Scutellarii,
1812 1301 2008 1407 juvenem,
2109 1272 2173 1315 Μ’

592 1432 847 1521 defensorem,
860 1458 904 1509 er
921 1430 1052 1519 altera,
1073 1457 1188 1537 super
1206 1428 1371 1537 eoquod
1392 1428 1496 1507 idem
1511 1432 1679 1538 hogerus
1694 1431 1883 1509 asserebat
1893 1463 1952 1526 se,
1968 1464 2012 1515 ex

591 1591 700 1641 causa
725 1562 865 1649 mutui,
891 1588 1108 1639 numerasse
1132 1560 1303 1639 Iohanne
1329 1560 1546 1639 Scutellarie
1570 1560 1767 1655 defuncte,
1793 1563 1902 1640 metri
1925 1564 2013 1644 dicti

591 1692 770 1771 Iohannis
785 1694 996 1801 quondam,
1015 1692 1122 1799 cujus
1138 1692 1241 1769 idem
1259 1691 1449 1770 Iohannes
1466 1689 1657 1770 confossus
1670 1691 1743 1770 luit
1757 1693 1796 1769 in
1811 1692 1957 1802 judicio
1974 1727 2015 1776 se

592 1824 712 1903 lilium
734 1843 773 1905 et
790 1824 971 1903 heredem
992 1822 1214 1914 insolidum,
1233 1839 1347 1927 prout
1371 1822 1475 1899 idem
1492 1824 1663 1929 hogerus
1681 1821 1904 1914 affirmabat,
1924 1856 2016 1934 qua-

592 1956 805 2065 dringentas
830 1956 1100 2065 quinquaginta
1126 1954 1240 2031 libras
1267 1952 1455 2031 honorum
1477 1953 1742 2031 Parisiencium
1772 1972 1811 2032 et
1834 1956 2011 2051 sonnium,

589 2086 765 2163 videlicet
783 2085 964 2163 ducentas
982 2084 1095 2161 libras
1113 2083 1248 2190 primo,
1265 2082 1346 2160 sine
1366 2081 1518 2173 litteris,
1539 2082 1612 2161 suh
1631 2083 1800 2191 pignoris
1819 2088 2012 2179 caucione;

591 2216 697 2304 item,
716 2216 896 2295 ducentes
912 2216 1184 2323 quinquaginta
1200 2213 1314 2293 libras
1329 2215 1513 2303 secundo,
1532 2215 1580 2292 de
1595 2216 1736 2322 quihus
1751 2217 1832 2325 ipse
1851 2218 2014 2299 habehat

589 2348 728 2425 litteras
742 2346 950 2438 Castelleti,
974 2365 1013 2426 et
1029 2346 1187 2425 domum
1207 2374 1320 2453 quam
1339 2344 1572 2424 inhabitabat
1591 2345 1690 2425 dicta
1708 2348 1894 2441 Iohanne,
1914 2368 2013 2429 tem-

589 2506 680 2583 pore
704 2479 829 2556 mutui
859 2478 930 2555 sihi
957 2477 1059 2566 lacti,
1089 2476 1373 2584 ypotheoatam;
1397 2505 1513 2583 quare
1539 2477 1690 2582 petebat
1717 2478 1819 2555 idem
1845 2482 2013 2588 Rogerus
2065 2540 2071 2551 .

591 2608 732 2685 dictum
753 2609 982 2695 Iohannem,
1005 2626 1047 2684 ut
1068 2606 1190 2684 filium
1210 2625 1248 2685 et
1270 2606 1452 2683 heredem
1473 2606 1680 2685 insolidum
1698 2608 1797 2686 dicte
1819 2612 2009 2706 Iohanne,

590 2739 859 2845 condempnari
884 2739 931 2816 ad
956 2736 1194 2817 reddendum
1220 2736 1291 2818 sihi
1312 2754 1497 2815 trecentas
1515 2737 1761 2847 quadraginta
1779 2739 1893 2818 libras
1910 2744 2013 2819 Pari·

591 2869 771 2946 siencium
790 2869 998 2957 bonorum,
1016 2866 1184 2945 residuas
1204 2867 1252 2945 de
1272 2867 1439 2974 predicta
1457 2868 1816 2975 qrradringentarum
1831 2872 2014 2979 quinqua·

589 3002 692 3107 ginta
710 2998 890 3077 librarum
911 3026 1074 3087 summa,
1092 2996 1265 3075 deductis
1280 3026 1323 3075 ex
1341 2998 1472 3075 eadem
1489 3026 1636 3075 summa
1655 3016 1808 3075 centum
1826 3018 1865 3079 et
1878 3001 2009 3082 decem

589 3131 712 3219 lihris,
733 3158 826 3237 quas
847 3128 1125 3217 tanmmmodo,
1150 3156 1194 3204 ex
1212 3127 1434 3204 vendicione
1453 3127 1569 3232 partis
1590 3129 1777 3205 dictorum
1794 3131 2009 3239 pignorum,

588 3262 681 3339 lacta
700 3288 769 3368 per
792 3276 1009 3337 executores
1034 3258 1133 3335 dicte
1154 3257 1342 3344 Iohanne,
1365 3257 1413 3335 de
1439 3284 1626 3335 consensu
1645 3258 1736 3335 dicti
1755 3260 1952 3352 Iohannis,
1971 3292 2012 3341 se

588 3392 762 3473 hahuisse
782 3389 1043 3476 confitebatur,
1061 3404 1099 3465 et
1111 3386 1318 3494 predictam
1339 3385 1498 3463 domum
1512 3386 1582 3462 sibi
1603 3404 1795 3493 tamqnam
1810 3392 2012 3497 ypotheca-

588 3542 661 3602 tam
688 3521 910 3631 adjudicari,
932 3518 1134 3597 tenendam
1161 3534 1199 3594 et
1221 3516 1504 3623 explectandam
1524 3544 1595 3623 pro
1619 3517 1720 3596 dicto
1743 3519 1888 3612 debito,
1905 3524 2012 3630 juxta

479 3654 483 3663 ’
589 3652 902 3733 consuetudinem
924 3649 1027 3726 curie
1045 3646 1257 3735 Castelleti;
1281 3646 1381 3723 dicto
1400 3646 1573 3722 Iohanne
1592 3673 1636 3721 er
1654 3648 1810 3725 adverso
1834 3670 2009 3757 negante,

591 3787 706 3861 dictas
722 3781 859 3887 primas
872 3780 1053 3854 ducentas
1066 3775 1180 3853 libres
1193 3775 1291 3851 dicte
1301 3774 1489 3863 Iohanne,
1505 3776 1616 3851 matri
1631 3801 1715 3865 sue,
1729 3777 1778 3853 ah
1793 3777 1928 3857 eodem
1940 3784 2012 3861 Ro-

589 3940 692 4023 gero,
706 3911 764 3988 vel
780 3910 852 3987 alio
872 3908 955 4016 ejus
969 3906 1139 3993 nomine,
1157 3920 1341 3981 mutuatas
1356 3904 1490 3992 fuisse,
1509 3921 1548 3981 et
1562 3920 1722 4012 negante
1738 3907 1856 3985 eciam
1869 3937 1909 3987 se
1924 3939 2012 3989 con·

589 4043 726 4120 fessum
746 4039 860 4119 luisse
878 4066 918 4117 se
934 4036 1113 4115 heredem
1130 4032 1334 4113 insolidum
1349 4035 1479 4111 matris
1496 4064 1578 4122 sue,
1596 4035 1662 4112 sed
1675 4064 1745 4141 pro
1762 4056 1893 4145 quarta
1906 4060 2011 4147 parte

592 4175 783 4260 duntaxat,
816 4198 902 4249 cum
929 4169 1004 4247 sint
1028 4182 1192 4275 quatuor
1216 4164 1325 4245 liberi
1350 4164 1569 4272 superstites
1597 4194 1642 4243 ex
1669 4168 1802 4246 eadem
1824 4172 2009 4262 Iohanne,

590 4320 806 4396 matresua,
821 4330 891 4407 pro
902 4300 992 4377 ratis
1005 4298 1100 4386 suis,
1115 4295 1358 4375 succedentes
1372 4294 1516 4388 eidem,
1530 4296 1780 4377 confitebatur
1791 4317 1918 4379 tamen
1933 4330 2013 4379 me-

590 4452 756 4513 moratus
779 4434 969 4512 Iohannes
990 4446 1166 4509 mutuum
1185 4428 1233 4507 de
1259 4427 1433 4506 ducentis
1456 4428 1727 4537 quinquaginta
1748 4429 1855 4507 libris
1873 4432 2010 4511 lactum

590 4565 703 4644 fuisse
719 4565 842 4643 eidem
856 4564 1045 4652 Iohanne,
1064 4560 1171 4639 matri
1187 4588 1272 4649 sue,
1291 4576 1328 4637 et
1348 4559 1492 4637 dietum
1511 4562 1699 4668 Rogemm
1721 4561 1769 4638 de
1784 4562 1927 4639 eisdem
1947 4564 2013 4640 he-

588 4698 679 4777 bere
699 4697 841 4775 litteras
860 4694 1065 4781 Castelleti,
1087 4720 1254 4771 asserens
1276 4690 1504 4769 satisfactum
1522 4690 1637 4769 luisse
1658 4690 1781 4769 eidem
1804 4694 1951 4802 Rogero
1971 4696 2011 4771 in

589 4846 743 4909 centum
757 4845 796 4906 et
808 4826 960 4935 triginta
972 4825 1141 4934 quinque
1156 4823 1265 4902 libris
1278 4840 1316 4900 et
1328 4822 1533 4900 duodecim
1549 4822 1726 4912 denariis,
1743 4842 1821 4901 tam
1836 4853 1905 4931 per
1919 4824 2012 4901 lina·

589 4960 665 5039 lem
692 4977 912 5067 compotum
936 4986 1049 5065 qnam
1076 4984 1121 5033 ex
1146 4954 1274 5062 precio
1298 4954 1412 5061 partis
1439 4953 1625 5032 dictorum
1651 4955 1871 5061 pignorum,
1895 4984 2011 5063 quere

590 5090 740 5195 petebat
758 5091 861 5168 idem
879 5090 1069 5169 Iohannes
1089 5115 1129 5165 se
1148 5085 1287 5165 absolvi
1303 5114 1324 5163 a
1341 5084 1529 5194 peticione
1546 5084 1635 5162 dicti
1658 5085 1811 5197 hogeri,
1826 5084 2011 5163 satisfacto

591 5220 713 5299 eidem
730 5222 778 5300 de
793 5222 977 5329 sexaginta
987 5218 1191 5298 tresdecim
1205 5216 1312 5297 libris
1330 5218 1462 5297 decem
1477 5232 1515 5293 et
1528 5242 1664 5295 novem
1679 5216 1812 5295 solidis
1828 5234 1867 5293 et
1881 5215 2010 5293 decem

592 5348 769 5440 denariis,
783 5353 945 5430 residuis
961 5351 1009 5430 de
1023 5377 1171 5429 summa
1185 5348 1433 5427 ducentarum
1448 5348 1719 5455 quinquaginta
1731 5346 1913 5425 librarum
1927 5370 2012 5448 pre·
