5817 7292
864 1115 912 1186 30
1444 1123 1533 1196 LES
1568 1123 1709 1197 OLIM.

637 1266 767 1399 Pffltjjjt
781 1263 823 1326 W·
862 1285 938 1364 qua
965 1257 1195 1338 declaratum
1215 1257 1487 1371 fuitmojorem
1514 1283 1551 1343 et
1578 1265 1726 1371 juratos
1745 1263 1934 1371 predictos
1960 1291 2038 1344 non
2058 1266 2199 1345 babere
2219 1270 2283 1377 jus

756 1387 760 1398 '
862 1388 1092 1497 impediendi
1108 1391 1228 1470 dictos
1240 1392 1450 1503 religiosos,
1467 1397 1649 1503 capiendo
1666 1396 1792 1473 hostia
1805 1395 2033 1475 etlenestras
2047 1394 2088 1471 in
2100 1396 2282 1478 trefnndo

863 1521 1050 1599 dictorum
1066 1521 1349 1631 religiosorum,
1368 1554 1437 1631 pro
1449 1526 1566 1603 taillia
1580 1524 1686 1618 ville,
1703 1527 1834 1604 addito
1847 1526 1887 1602 in
1907 1527 2010 1604 dicta·
2024 1526 2282 1606 declaraoione

861 1650 965 1758 quod
992 1654 1093 1730 curia
1122 1682 1198 1731 non
1226 1654 1447 1732 intendebat
1471 1656 1619 1761 aliquid
1637 1655 1829 1731 declarare
1858 1657 1965 1762 quod
1991 1657 2082 1734 dieti
2102 1659 2225 1764 major
2247 1677 2284 1736 et

856 1782 976 1888 jurati·
989 1799 1146 1888 possent.
1158 1781 1218 1858 vel
1238 1811 1315 1860 non
1334 1803 1491 1889 possent
1510 1800 1645 1890 capere
1664 1784 1705 1861 in
1720 1784 1901 1862 trefundo
1917 1784 2108 1862 dictorum
2125 1787 2281 1895 religio-

861 1939 1022 2000 sorum,¹
1036 1940 1105 2018 pro
1124 1911 1227 1988 tallia
1252 1909 1473 2004 dinteville,
1495 1913 1653 1991 mobilia
1674 1931 1712 1990 et
1729 1914 1878 2003 catallar
1906 1931 2062 2021 propter
2078 1916 2204 2024 quod,·
2225 1919 2283 1994 di·

863 2043 996 2120 cebant
1025 2042 1115 2120 dicti
1143 2043 1265 2149 major
1288 2057 1327 2117 et
1346 2043 1463 2149 jurati
1487 2044 1730 2148 pronunciari
1761 2044 1917 2134 debere,
1947 2045 2084 2122 virtute
2107 2047 2281 2152 inqueste

860 2174 1047 2281 predicte,
1073 2173 1174 2279 ipsos
1192 2171 1332 2249 babere
1355 2171 1421 2279 jus
1448 2175 1619 2280 capiendi
1647 2174 1804 2253 mobilia
1829 2193 1868 2252 et
1886 2174 2017 2253 catalla
2042 2175 2082 2251 in
2100 2176 2280 2254 trefundo

862 2305 1050 2384 dictorum
1065 2305 1331 2414 religiosorum
1351 2331 1420 2412 pro
1439 2304 1543 2382 tallia
1562 2306 1670 2396 ville,
1695 2306 1959 2384 dictisabbate
1978 2323 2016 2383 et
2035 2324 2220 2384 conventu
2240 2309 2280 2383 in

862 2438 1090 2514 contrarium
1116 2435 1365 2514 asserentibus
1390 2437 1631 2542 pronunciari
1654 2436 1794 2515 debere
1820 2437 1923 2543 ipsos
1950 2435 2133 2542 majorem
2157 2453 2196 2513 et
2216 2437 2282 2543 ju-

861 2585 960 2646 ratos
978 2595 1056 2645 non
1075 2568 1214 2644 habere
1227 2565 1291 2673 jus
1309 2566 1482 2674 capiendi
1500 2567 1540 2644 in
1559 2567 1738 2645 trefundo
1757 2567 1948 2674 predicto,
1969 2592 2039 2672 pro
2055 2565 2161 2643 tallia
2181 2566 2279 2644 dicte

860 2696 963 2788 ville,
981 2697 1138 2775 mobilia
1154 2715 1191 2775 et
1206 2698 1348 2776 catalla:
1365 2699 1557 2791 Promea,
1574 2727 1679 2787 cum,
1698 2715 1859 2805 exparte
1875 2697 2065 2774 dictorum
2079 2695 2225 2774 abbatis
2243 2714 2282 2772 et

860 2846 1085 2920 conventus„
1106 2827 1239 2906 luisset
1266 2829 1504 2935 propositum
1528 2830 1634 2934 quod
1653 2828 1843 2934 imprimo
1867 2825 2045 2932 judicato·
2062 2823 2181 2901 niobil
2203 2841 2282 2900 erat

858 2959 1152 3065 pronunciatum
1187 2961 1234 3036 de
1270 2959 1453 3040 divisione
1487 2959 1812 3066 preposituramm
1844 2975 1915 3032 nec
1948 2955 1997 3031 de
2016 2953 2139 3045 belis,
2169 2979 2282 3059 super

860 3089 999 3196 quibus
1014 3091 1084 3196 ipsi
1101 3091 1341 3196 pronunciari
1357 3090 1554 3195 petebant,
1571 3107 1724 3195 propter
1740 3086 1864 3196 quod,
1878 3087 1918 3162 in
1934 3082 2185 3162 declaratione
2200 3113 2284 3190 pre·

861 3222 980 3312 diota,
1003 3220 1104 3297 curia
1125 3237 1270 3308 nostra,
1293 3245 1409 3326 super
1426 3220 1745 3326 pronrtnciacione
1761 3218 2038 3324 predictorum,
2059 3232 2152 3292 tuno
2165 3243 2284 3294 reser-

860 3350 1052 3426 vacionem
1072 3348 1210 3425 fecerat
1230 3347 1396 3426 adaliud
1414 3348 1720 3455 parlamentum:
1740 3348 1930 3439 Tandem,
1947 3348 2023 3426 visa
2037 3346 2174 3422 iterum
2195 3345 2282 3422 dili·

860 3497 992 3590 genter
1007 3479 1180 3587 inquesta
1192 3480 1376 3587 predicta,
1392 3480 1484 3589 quia
1499 3479 1672 3560 nonfuit
1684 3479 1879 3558 inventum
1895 3479 2086 3586 predictos
2099 3475 2279 3583 majorem

861 3628 899 3688 et
912 3611 1058 3718 juratos
1071 3611 1298 3718 peticionem
1317 3639 1385 3689 seu
1405 3612 1582 3689 articulos
1596 3611 1727 3690 secisse
1747 3639 1862 3719 super
1879 3611 2055 3718 capcione
2078 3605 2279 3684 mobilium

861 3759 898 3818 et
919 3741 1153 3831 catellorum,
1175 3771 1243 3849 pro
1272 3741 1375 3820 tallia
1400 3743 1500 3820 dicte
1528 3742 1636 3832 ville,
1657 3743 1948 3848 pronunciatum
1972 3739 2059 3827 suit,
2080 3765 2150 3843 per
2175 3735 2281 3812 curie

861 3888 987 3950 nostre
1009 3872 1215 3980 judicium,
1245 3899 1314 3949 nos
1339 3901 1407 3980 per
1438 3873 1577 3949 dictam
1596 3873 1817 3978 inquestam
1848 3869 2014 3947 differira
2042 3895 2121 3944 non
2142 3864 2281 3944 debere

862 4000 982 4081 dictos
1008 4002 1188 4110 majorem
1210 4021 1249 4080 et
1262 4003 1408 4111 juratos
1432 4002 1573 4079 habere
1594 4001 1653 4080 vel
1673 4029 1751 4079 non
1771 4001 1912 4077 habere
1928 4001 1992 4108 jus
2012 3995 2183 4104 capiendi
2203 4026 2283 4074 mo·

859 4131 950 4210 bilia
975 4150 1013 4210 et
1041 4133 1186 4226 catalla,
1211 4161 1280 4240 pro
1305 4132 1409 4210 tallia
1429 4132 1659 4239 supradicta,
1685 4149 1743 4209 set
1766 4130 1876 4208 faciet
1903 4130 2005 4207 curia
2030 4146 2158 4206 nostra
2184 4127 2283 4205 inter

860 4281 983 4376 partes
998 4263 1148 4370 justicie
1168 4262 1509 4369 complementum,
1532 4291 1620 4339 cum
1638 4261 1754 4339 fuerit
1767 4261 1958 4369 requisita.
1980 4261 2102 4368 Super
2123 4256 2280 4336 articulo

860 4422 947 4470 vero
968 4395 1307 4500 preposituramm,
1328 4393 1619 4498 pronunciatum
1646 4391 1719 4469 fuit
1743 4393 1847 4501 quod
1874 4393 1990 4471 abbas
2010 4409 2048 4468 et
2077 4406 2280 4470 conventus

861 4524 1180 4628 Compendienses
1200 4550 1269 4628 per
1289 4523 1526 4628 prepositum
1541 4551 1653 4598 suum
1665 4521 1857 4630 justiciore
1872 4536 2056 4628 poterunt
2076 4521 2116 4596 in
2134 4518 2278 4594 casibus

855 4652 1005 4761 justicie
1019 4652 1061 4728 in
1079 4652 1179 4729 dioto
1196 4653 1322 4759 primo
1336 4651 1507 4761 judicato
1521 4651 1746 4759 adjudicatis
1766 4653 1909 4730 eisdem
1924 4668 1962 4727 et
1976 4649 2070 4728 locis
2084 4646 2124 4721 in
2142 4645 2278 4722 eodem

860 4782 1062 4875 contentis,
1085 4811 1155 4860 nec
1176 4782 1263 4859 dicti
1283 4784 1404 4892 major
1424 4799 1463 4860 et
1483 4783 1599 4891 jurati
1620 4791 1799 4890 poterunt
1825 4809 1864 4858 se
1883 4775 2135 4855 intromittere
2154 4773 2194 4850 in
2219 4801 2279 4850 ca·

860 4915 964 4994 sibus
975 4914 1127 5022 justicie
1146 4912 1367 5022 adjudicatis
1384 4914 1494 4993 dictis
1509 4914 1709 5024 religiosis,
1724 4939 1794 4991 neo
1811 4911 1911 5017 ipsos
1926 4906 2121 5016 religiosos
2136 4903 2279 5010 aliqua-

858 5061 970 5122 tenus
991 5045 1187 5153 impedire.
1204 5047 1326 5154 Major
1340 5072 1446 5137 vero,
1461 5063 1643 5154 tanquam
1657 5042 1869 5153 prepositus
1883 5039 1983 5118 dicte
1998 5036 2103 5127 ville,
2121 5033 2278 5115 nomine

859 5201 944 5265 suo,
962 5175 1174 5282 juratorum
1199 5194 1237 5256 et
1256 5178 1472 5254 communie
1491 5174 1785 5284 predictevilla,
1806 5173 1847 5250 in
1864 5169 2074 5249 oasibuact
2094 5165 2187 5244 locis
2204 5163 2278 5240 sibi

859 5303 1080 5412 adjudicatis
1096 5306 1388 5416 parjudicatum
1402 5308 1635 5414 predictum,
1652 5303 1842 5414 justiciore
1857 5317 2054 5410 poteruntr
2075 5327 2146 5376 neo
2165 5293 2280 5372 abbas

859 5452 898 5513 et
917 5439 1120 5516 conventus
1138 5454 1320 5544 poterunt
1339 5465 1383 5515 se
1397 5438 1648 5518 intromittere
1667 5437 1707 5512 in
1727 5433 1872 5513 casibus
1885 5431 2036 5540 justicie
2056 5425 2280 5537 adjudicatis
