5817 7292
850 1129 919 1203 182
1427 1127 1519 1198 Lus
1548 1125 1687 1200 OLIM.

621 1279 753 1334 Parnm
765 1277 809 1339 tv,
902 1268 1079 1349 Mercurii
1098 1285 1184 1374 post
1203 1268 1435 1375 quindenam
1454 1267 1733 1346 Penthecostes.

683 1371 746 1413 lm
903 1403 1006 1508 Boya
1025 1399 1239 1506 reportavit.

902 1663 1009 1740 XLV.
1040 1663 1217 1767 Inquesta
1234 1688 1302 1765 per
1318 1658 1500 1736 ballivum
1520 1659 1793 1736 Bituricensem
1815 1686 1882 1736 seu
1899 1659 1981 1766 ejus
2000 1664 2272 1744 commissarios

845 1792 956 1882 sacta,
980 1819 1093 1896 super
1120 1817 1167 1867 eo
1189 1789 1295 1895 quod
1315 1790 1500 1866 abbatissa
1522 1805 1560 1865 et
1579 1804 1786 1866 conventus
1809 1789 1857 1867 de
1880 1791 2109 1871 Karantonio
2137 1794 2271 1874 advoa-

846 1940 975 2000 verant
998 1950 1038 1999 se
1061 1949 1141 1998 esse
1163 1920 1204 1997 in
1224 1920 1359 1998 saisina
1379 1920 1485 2028 quod
1508 1918 1725 2027 gardientnr
1743 1947 1812 2025 per
1832 1920 2029 1998 dominum
2050 1921 2208 2033 Regem,
2235 1943 2273 2002 et

849 2053 1049 2130 dominum
1072 2056 1212 2160 Regem
1233 2079 1313 2128 esse
1335 2033 1375 2126 in
1394 2049 1529 2128 saisina
1548 2048 1742 2156 gardiandi
1764 2050 1929 2143 easdem3
1952 2053 2089 2130 comite
2112 2054 2160 2131 de
2179 2057 2272 2134 San-

847 2212 935 2261 cero
947 2213 967 2260 e
979 2181 1167 2261 contrario
1181 2199 1368 2258 asserente
1382 2181 1481 2258 dicte
1494 2181 1608 2290 garde
1621 2181 1795 2260 saisinam
1808 2183 1855 2258 ad
1868 2211 1957 2260 eum
1966 2184 2154 2290 pertinere
2164 2217 2172 2262 τ
2184 2186 2271 2264 Visa

849 2314 896 2391 ad
923 2314 1033 2390 illum
1058 2313 1175 2390 finem
1201 2313 1468 2390 tantummodo
1494 2329 1622 2388 utrum
1652 2312 1749 2389 dicta
1772 2312 1946 2392 advoacio
1972 2332 2068 2392 esset
2093 2342 2187 2393 nova
2210 2316 2269 2392 vel

850 2445 1018 2551 antiqua,
1036 2444 1229 2520 inventum
1246 2457 1304 2519 est
1314 2440 1543 2519 sufficienter
1557 2471 1635 2519 esse
1650 2443 1850 2548 probatum
1865 2445 1970 2549 quod
1983 2442 2270 2524 dictradvoacio

849 2603 943 2654 nova
965 2591 1037 2661 est,
1058 2602 1128 2650 nec
1146 2573 1334 2650 invenitur
1350 2571 1455 2679 quod
1476 2573 1575 2651 dicte
1596 2573 1770 2682 religiose
1791 2573 1917 2681 aliqua
1936 2574 2128 2682 privilegia
2146 2593 2271 2654 osten-

850 2705 975 2783 derint
991 2732 1145 2808 perque
1162 2719 1354 2808 appareret
1370 2731 1430 2780 eas
1447 2731 1526 2781 esse
1550 2703 1598 2780 de
1618 2704 1731 2810 garda
1752 2703 1896 2782 domini
1916 2705 2043 2813 Regis,
2057 2722 2094 2782 et
2113 2705 2270 2794 ideirco,

848 2864 917 2941 per
936 2850 1120 2912 arrestum
1143 2849 1271 2910 nostre
1291 2833 1414 2921 curie,
1434 2832 1578 2910 dictum
1603 2834 1677 2914 fuit
1696 2835 1801 2941 quod
1821 2863 1955 2914 manus
1975 2835 2119 2914 domini
2142 2837 2270 2944 Regis,

849 2967 997 3044 racione
1015 2964 1114 3041 dicte
1127 2963 1365 3042 advoacionis
1381 2993 1495 3069 super
1508 2966 1583 3042 hoc
1597 2966 1786 3072 apposita,
1804 2966 1894 3045 inde
1910 2967 2153 3058 amovebitur,
2171 2967 2272 3047 salvo

846 3098 931 3205 jure
953 3095 1097 3174 domini
1118 3096 1229 3202 Regis
1248 3111 1287 3172 et
1305 3095 1491 3174 dictarum
1510 3096 1771 3205 religiosarum
1792 3127 1906 3204 super
1920 3099 2013 3187 boc,
2035 3115 2112 3176 tam
2132 3100 2169 3176 in
2188 3127 2275 3205 pos·

849 3229 1014 3304 sessione
1034 3255 1149 3332 quam
1169 3226 1209 3302 in
1229 3225 1466 3332 proprietate.

906 3361 1017 3436 Lune
1036 3374 1121 3463 post
1141 3357 1374 3465 quindenam
1390 3358 1667 3436 Pentbecostes.
1700 3425 1703 3432 .

907 3487 1139 3566 Meullentus
1156 3488 1367 3597 reportavit.

908 3752 1032 3830 XLVI.
1063 3751 1159 3830 Cum
1188 3781 1232 3829 ex
1255 3767 1361 3858 parte
1384 3752 1522 3858 prioris
1540 3751 1726 3858 prioratus
1749 3751 2114 3830 Molendini-Pissini
2135 3753 2272 3831 ballivo

852 3899 982 3960 nostro
1002 3879 1179 3960 Arvernis
1200 3881 1314 3960 suerit
1327 3882 1485 3991 graviter
1499 3881 1766 3988 conquerendo
1781 3899 2030 3960 monstratum
2046 3883 2166 3989 quod,
2187 3882 2275 3961 licet

854 4012 977 4090 dictus
994 4013 1109 4120 prior,
1133 4014 1213 4121 ejus
1232 4014 1419 4120 prioratus
1439 4029 1477 4091 et
1491 4013 1592 4091 bona
1611 4013 1687 4090 sint
1706 4013 1746 4089 in
1765 4029 1892 4091 nostra
1912 4011 2040 4121 gardia
2056 4010 2222 4118 speciali,
2238 4030 2276 4092 et

853 4143 973 4220 dictus
985 4144 1173 4250 prioratus
1183 4161 1280 4222 esset
1289 4145 1516 4251 palhonatus
1529 4158 1566 4220 et
1577 4142 1835 4221 brandonatus
1849 4159 2010 4250 exparte
2023 4161 2165 4233 nostra,
2177 4161 2276 4221 certa

853 4276 900 4351 de
921 4305 1047 4369 cansa,
1063 4277 1104 4353 in
1122 4276 1315 4383 presencia
1331 4261 1529 4355 Bertrandi
1543 4276 1590 4353 de
1610 4276 1883 4382 Ruppe-Forti,
1902 4275 2048 4364 militis,
2071 4275 2215 4354 domini
2228 4276 2274 4352 de

851 4404 1013 4493 Aurora,
1035 4423 1073 4482 et
1089 4407 1170 4511 ipso
1191 4410 1349 4496 sciente,
1371 4409 1474 4486 idem
1493 4407 1741 4495 Bertrandus,
1766 4404 1968 4486 familiares
1983 4435 2048 4485 seu
2071 4409 2274 4486 servientes

851 4536 925 4622 sui,
942 4563 1028 4612 cum
1043 4537 1171 4630 armis,
1189 4538 1334 4616 dictum
1348 4539 1555 4644 prioratum
1570 4539 1756 4618 violenter
1770 4539 2002 4618 intraverunt
2015 4556 2053 4616 et
2068 4538 2195 4644 plures
2215 4567 2276 4617 ex-

852 4693 976 4742 cessus
1001 4667 1274 4745 commiserunt
1291 4668 1454 4756 ibidem,
1482 4670 1583 4746 acin
1605 4670 1765 4748 crastino
1787 4671 2008 4758 redeuntes,
2033 4669 2162 4746 mmati
2186 4696 2273 4743 cum

853 4794 999 4873 malleis
1014 4794 1146 4875 ferreis
1160 4815 1198 4876 ct
1209 4797 1423 4890 securibus,
1442 4827 1625 4876 cameram
1642 4799 1731 4878 dicti
1748 4799 1885 4906 prioris
1899 4798 2109 4905 fregerunt,
2128 4814 2165 4874 et
2182 4796 2275 4874 cele·

853 4925 992 5003 rarium
1010 4926 1100 5003 dicti
1114 4929 1269 5034 prioris,
1282 4929 1471 5036 jacentem
1487 4927 1681 5008 infirmum
1697 4932 1736 5008 in
1752 4958 1821 5008 suo
1838 4929 1954 5018 lecto,
1970 4925 2152 5010 violenter
2166 4953 2274 5030 cepe·

854 5070 959 5144 runt,
977 5072 1015 5132 et
1027 5073 1177 5161 captum
1196 5060 1386 5136 duxerunt
1401 5059 1504 5165 apud
1519 5055 1680 5139 castrum
1697 5061 1746 5138 de
1760 5060 1920 5144 Aurora,
1937 5086 1979 5134 ac
1993 5055 2116 5163 ipsum
2131 5054 2273 5148 ibidem

854 5189 894 5263 in
911 5213 1057 5264 carcere
1072 5187 1163 5266 dicti
1181 5188 1313 5266 militis
1328 5189 1368 5265 in
1382 5191 1629 5297 compedibus
1644 5204 1869 5298 posuerunt,
1888 5203 1925 5264 et
1937 5215 2004 5292 per
2021 5202 2106 5266 octo
2123 5186 2204 5265 dies
2219 5204 2275 5264 te-

853 5335 1035 5409 nuerunt,
1052 5319 1275 5408 monachos,
1291 5318 1492 5400 familiares
1512 5340 1550 5399 et
1566 5321 1739 5418 homines
1756 5317 1844 5396 dicti
1860 5317 2045 5424 prioratus
2060 5317 2276 5396 vulnerave-

854 5467 960 5542 runt,
983 5448 1186 5554 quemdam
1208 5479 1252 5528 ex
1271 5450 1325 5528 eis
1343 5452 1656 5560 precipitaverunt
1676 5468 1714 5528 et
1733 5448 1975 5556 quamplures
1997 5477 2041 5526 ex
2062 5449 2152 5557 ipsis
2168 5450 2276 5528 lami·
