5817 7292
1028 1084 1296 1193 snoonrns
1322 1101 1386 1175 nr
1413 1082 1622 1177 rnocts.
1962 1090 2035 1171 atr

613 1244 685 1321 rite
700 1273 743 1323 ec
757 1270 835 1321 non
849 1241 1029 1351 injuriose
1044 1244 1228 1336 fecerant,
1244 1245 1364 1324 immo
1374 1242 1616 1354 justiciando,
1631 1241 1710 1321 suis
1724 1238 1961 1348 exigentibus
1974 1241 2040 1317 de-
2076 1249 2208 1304 retum
2220 1248 2264 1311 tv,

615 1375 775 1465 meritis,
788 1392 827 1453 et
838 1403 951 1482 super
965 1377 1039 1455 boc
1049 1406 1174 1457 coram
1186 1375 1323 1456 ballivo
1337 1377 1525 1484 predicto,
1539 1375 1589 1453 ad
1601 1374 1660 1453 sui
1671 1372 1947 1467 defensionem,
1959 1373 2041 1480 plu·
2139 1342 2205 1386 Μ’

613 1534 673 1585 res
693 1506 880 1597 raciones,
894 1524 971 1585 tam
986 1509 1034 1587 de
1047 1508 1133 1617 jure
1148 1538 1263 1617 quam
1283 1508 1331 1587 de
1347 1509 1463 1601 facto,
1479 1506 1759 1616 proponebant,
1775 1532 1889 1611 super
1902 1504 2043 1611 quibus
2115 1488 2125 1507 ⁰

470 1706 476 1728 ,
614 1636 704 1716 binc
719 1654 757 1715 et
771 1638 860 1749 inde
871 1640 1087 1747 propositis,
1103 1639 1152 1717 de
1163 1639 1340 1717 mandato
1351 1639 1476 1717 ballivi
1487 1637 1663 1745 predicti,
1680 1635 1774 1714 lacta
1787 1634 1860 1713 suit
1870 1634 2044 1759 inquestp

616 1786 653 1847 et
668 1768 715 1847 ad
734 1770 875 1847 curiam
896 1789 1062 1850 nostram
1077 1788 1266 1879 reportata
1280 1771 1453 1849 :Auditis
1468 1771 1583 1879 igitur
1598 1769 1709 1847 dictis
1727 1768 1899 1876 partibus
1919 1785 1957 1846 et
1970 1769 2045 1847 visa

617 1894 819 2009 diligenter
834 1901 1005 2010 inquesta
1020 1903 1204 2009 predicta,
1221 1902 1311 2010 quia
1326 1919 1471 1981 constat
1490 1930 1558 2009 per
1577 1894 1717 1979 dictam
1737 1897 1950 2006 inquestam
1967 1899 2045 1979 dic-

616 2048 698 2109 tum
719 2031 947 2123 lobannem,
964 2034 1188 2111 servientem
1206 2052 1379 2111 nostrum
1397 2034 1437 2109 in
1458 2033 1695 2140 prepositura
1712 2030 1959 2135 Compendii,
1977 2060 2047 2138 per

615 2160 794 2239 ballivum
811 2163 1040 2269 predictum,
1061 2164 1282 2243 litteratorie
1303 2164 1535 2254 institutum,
1553 2164 1696 2270 absque
1716 2190 1762 2241 eo
1777 2163 1882 2268 quod
1902 2163 2046 2246 dictum

616 2292 783 2371 officium
804 2294 874 2373 sibi
895 2294 1027 2374 suisset
1045 2296 1304 2403 interdictum,
1326 2296 1443 2373 immo
1467 2294 1589 2403 quod,
1612 2297 1660 2373 de
1682 2295 1744 2372 die
1763 2296 1803 2372 in
1823 2294 1943 2385 diem,
1965 2295 2047 2373 offi-

615 2427 715 2503 cium
742 2454 854 2504 suum
880 2427 1073 2505 exercebat
1097 2456 1183 2506 cnm
1205 2456 1311 2507 casus
1336 2428 1475 2506 adhoc
1501 2456 1542 2505 se
1561 2426 1787 2518 offerebant,
1811 2427 1952 2535 virgam
1981 2429 2048 2506 de-

616 2556 754 2663 pictam
774 2556 823 2633 ad
841 2558 953 2637 flores
974 2558 1063 2648 lilii,
1085 2560 1124 2635 in
1145 2560 1295 2667 signum
1312 2560 1509 2637 servientis
1528 2559 1665 2649 nostri,
1683 2559 1722 2634 in
1739 2587 1855 2635 manu
1875 2589 1942 2637 sua
1961 2588 2049 2668 por-

617 2704 716 2779 tans,
732 2688 885 2794 publice
901 2706 939 2765 et
952 2718 1021 2795 pro
1036 2690 1221 2768 serviente
1237 2705 1367 2768 nostro
1381 2718 1421 2769 se
1441 2718 1593 2797 gerens,
1609 2690 1810 2796 ipsumque
1826 2690 1880 2767 sic
1898 2692 2047 2769 notorie
2127 2764 2133 2775 .

618 2844 658 2895 se
678 2835 889 2927 gerentem,
906 2846 975 2926 per
993 2819 1115 2897 dictos
1132 2820 1313 2927 majorem
1335 2838 1373 2897 et
1382 2820 1546 2927 jmatos,
1563 2836 1713 2926 captum
1731 2818 1846 2897 fuisse
1867 2835 1906 2897 et
1919 2822 1959 2895 in
1973 2822 2050 2927 pri·

619 2950 725 3029 sione
749 2947 896 3027 firmata
924 2950 1009 3031 ville
1036 2950 1262 3056 Compendii
1287 2980 1356 3059 per
1384 2978 1449 3029 eos
1471 2950 1638 3057 positum
1663 2950 1845 3040 extitisse,
1876 2968 1916 3029 et
1942 2955 2050 3059 quod

620 3098 749 3189 postea
764 3081 925 3189 predicti
938 3082 1058 3191 major
1072 3098 1111 3162 et
1117 3083 1233 3190 jurati
1246 3085 1439 3191 preposito
1453 3081 1890 3190 nostroCompendiiqui
1906 3082 2050 3162 dictum

620 3213 850 3306 lobannem,
867 3231 1046 3321 tanquam
1064 3213 1288 3293 servientem
1308 3230 1501 3305 nostrum,
1519 3212 1566 3291 ab
1586 3213 1641 3291 eis
1659 3214 1812 3321 petebat
1830 3214 1902 3292 sibi
1921 3214 2048 3308 reddi,
2081 3251 2085 3259 ·

620 3344 780 3423 reddere
796 3363 1034 3435 recusarunt,
1049 3373 1120 3425 nec
1133 3344 1259 3453 ipsum
1269 3362 1398 3453 postea
1413 3374 1433 3421 a
1452 3344 1619 3450 prisione
1637 3345 1807 3452 pred-icta
1825 3346 2051 3424 dimiserunt

622 3473 738 3565 abire,
751 3505 951 3585 quousque
967 3476 1112 3557 eisdem
1132 3476 1307 3584 promisit
1327 3478 1432 3585 quod
1447 3476 1496 3555 de
1516 3476 1683 3584 quodam
1699 3474 1837 3555 delicto
1857 3476 1962 3583 quod
1977 3475 2050 3553 sibi

623 3608 870 3713 imponebant
885 3610 1084 3688 emendam
1099 3626 1283 3717 prestaret
1301 3638 1369 3688 seu
1387 3608 1526 3687 laceret
1541 3608 1589 3687 ad
1606 3607 1889 3686 ordinacionem
1905 3635 2052 3686 corum·

624 3737 729 3829 dem,
746 3740 812 3846 qui
833 3739 953 3846 major
968 3756 1006 3817 ct
1019 3740 1155 3845 jurati,
1175 3740 1302 3817 habita
1323 3738 1603 3817 deliberacione
1620 3767 1735 3843 super
1749 3738 1838 3825 hoc,
1857 3737 2054 3816 ordinave-

624 3883 712 3943 runt
731 3868 771 3943 in
791 3868 904 3945 talem
925 3869 1085 3947 modum
1105 3870 1210 3976 quod
1231 3870 1376 3947 dictum
1396 3870 1625 3959 lobannem,
1647 3895 1764 3974 prope
1790 3867 1958 3945 hostium
1976 3870 2053 3973 pri·

625 3996 757 4088 sionis,
780 3978 876 4077 intra
894 4017 1069 4079 temones
1089 4000 1287 4109 cujusdam
1307 4001 1490 4110 quadrige
1508 4028 1577 4079 seu
1594 3997 1811 4078 tumberelli
1832 3998 1881 4077 ad
1899 3996 2050 4093 limum,

626 4129 666 4206 in
686 4158 760 4236 qua
786 4130 905 4236 posita
931 4148 1010 4209 erat
1028 4130 1192 4240 quedam
1219 4129 1340 4240 figura
1364 4131 1554 4221 mulieris,
1578 4130 1748 4209 lecerunt
1765 4130 1993 4223 subintrare,
2016 4148 2055 4211 et

627 4262 829 4367 porteriam
852 4261 1041 4341 dictorum
1061 4280 1261 4342 temonum
1282 4292 1396 4369 super
1415 4263 1598 4341 humeros
1624 4262 1796 4372 ejusdem
1819 4260 2054 4343 reclamantis

627 4408 717 4467 tunc
735 4420 774 4469 se
800 4420 880 4471 esse
905 4394 1132 4475 servientem
1160 4410 1349 4485 nostrum,
1371 4409 1600 4501 posuerunt,
1623 4410 1661 4471 et
1678 4391 1817 4471 abhinc
1835 4392 1959 4500 ipsum
1978 4412 2054 4471 tra·

628 4520 774 4611 hendo,
794 4521 1019 4602 admodum
1038 4526 1142 4633 equi,
1161 4527 1299 4603 ducere
1318 4524 1455 4605 dictam
1474 4523 1695 4634 quadrigam
1709 4542 1915 4633 coegerunt
1931 4554 2054 4633 usquc

627 4651 676 4729 ad
695 4652 900 4759 quemdam
920 4655 1047 4733 locum
1069 4657 1109 4733 in
1124 4685 1203 4763 quo
1219 4652 1396 4735 dicebant
1409 4655 1614 4763 quamdam
1628 4654 1833 4735 mulierem
1844 4683 1979 4733 manus
1993 4685 2056 4735 eo-

629 4783 827 4875 rumdem,
844 4813 913 4891 per
927 4786 1077 4893 culpam
1095 4816 1162 4865 seu
1175 4787 1309 4868 dolum
1327 4788 1417 4867 dieti
1433 4788 1632 4880 lobannis,
1651 4788 1822 4881 evasisse,
1834 4806 1873 4866 et
1886 4786 2057 4866 lecerunt

628 4914 733 5023 quod
754 4915 877 4995 dictus
892 4916 1081 4996 lebannes
1099 4917 1228 5013 locum
1246 4920 1460 5027 predictum
1480 4920 1529 4997 de
1549 4919 1648 4997 dicta
1663 4919 1783 5026 figura
1797 4918 1997 5009 resaisivit,
2018 4936 2057 4997 et

630 5044 784 5125 demum
807 5046 964 5157 figuram
986 5050 1025 5127 in
1045 5050 1212 5158 quodam
1228 5052 1322 5131 vado
1342 5050 1448 5160 quod
1469 5068 1526 5129 est
1545 5068 1646 5129 extra
1668 5050 1797 5130 villam
1814 5050 2054 5158 Compendii,

630 5177 678 5256 ad
691 5198 911 5289 preceptum
926 5185 1163 5275 eorumdem,
1181 5183 1350 5293 projecit,
1368 5184 1407 5261 in
1423 5212 1500 5291 quo
1510 5184 1606 5263 vado
1621 5182 1822 5261 mulierem
1838 5212 1913 5291 que
1926 5184 2054 5272 evasit,

630 5310 851 5418 priusquam
873 5316 1064 5407 evaderet,
1086 5316 1271 5425 projicere
1291 5314 1557 5406 intendebant,
1579 5334 1734 5425 propter
1753 5344 1848 5423 que,
1867 5342 1938 5422 per
1956 5314 2057 5391 curie

628 5457 758 5551 postte
778 5442 985 5548 judicium,
1013 5448 1281 5560 condempnati
1306 5446 1462 5527 suerum
1487 5447 1647 5553 predicti
1671 5446 1791 5554 major
1819 5462 1857 5523 et
1880 5442 1994 5551 jurati
2022 5462 2059 5521 et
