5817 7292
1052 1127 1318 1238 snoutvns
1343 1146 1409 1219 nr
1436 1130 1646 1222 raocts.
2017 1115 2099 1226 as'

639 1289 706 1379 vit,
729 1317 798 1396 pro
825 1313 871 1368 eo
891 1289 1134 1368 solummodo
1159 1291 1248 1398 quia
1267 1289 1496 1368 senescallus
1517 1291 1822 1370 carcassonensis
1848 1293 2067 1373 recordatus
2104 1303 2291 1370 rmnmvv,

639 1419 710 1498 suit
725 1419 881 1498 incuria
896 1421 1001 1528 quod
1018 1421 1108 1500 dicti
1123 1421 1316 1500 auditores
1336 1421 1501 1500 fecerant
1512 1422 1637 1501 dictos
1654 1449 1850 1529 processm
1865 1443 2065 1532 postquam
2165 1397 2228 1441 ’Μ’

639 1552 719 1657 ipse
744 1552 928 1631 revocavit
946 1553 1166 1632 mandatum
1191 1583 1324 1644 suum,
1353 1571 1393 1632 et
1411 1553 1582 1631 inhibuit
1605 1583 1655 1631 ne
1682 1555 1932 1661 procederent
1955 1585 2067 1663 super

639 1683 729 1772 hoc;
750 1700 788 1760 et
812 1684 1001 1762 commisit
1025 1686 1127 1762 curia
1152 1686 1353 1794 negocium
1371 1685 1485 1763 istius
1499 1713 1610 1763 cansa
1630 1687 1680 1763 M.
1702 1688 1746 1763 R.
1768 1685 1981 1775 Rosselleti,
2002 1689 2067 1764 ad·

633 1812 765 1918 juncto
793 1841 921 1890 secum
949 1814 1022 1892 alio
1051 1813 1172 1920 probo
1201 1816 1298 1910 viro,
1327 1833 1365 1893 et
1393 1815 1550 1922 probata
1577 1815 1650 1894 tuit
1673 1816 1775 1894 curia
1806 1833 1846 1894 et
1870 1821 2067 1895 reservavit

638 1943 794 2021 domino
821 1944 912 2049 Regi
937 1945 1042 2050 quod
1068 1973 1308 2053 quecumque
1335 1947 1520 2024 dictarum
1539 1947 1709 2052 parcium
1731 1947 1969 2034 succumbat,
1991 1977 2068 2024 non

637 2073 888 2181 prejudicabit
907 2075 1062 2152 domino
1082 2076 1173 2183 Regi
1193 2077 1285 2183 quin
1304 2076 1366 2154 isti
1385 2077 1552 2171 nobiles,
1575 2078 1672 2155 sicut
1688 2077 1830 2156 debent
1843 2079 1883 2154 in
1902 2079 2009 2185 equis
2029 2096 2067 2156 et

638 2205 766 2291 armis,
787 2221 986 2282 teneantur
1003 2205 1140 2282 servire
1162 2206 1316 2285 domino
1334 2208 1437 2315 Regi.
1455 2207 1592 2286 Actum
1603 2208 1701 2316 jovis
1715 2209 1754 2285 in
1772 2209 1914 2287 octabis
1935 2210 2067 2287 natisi-

636 2335 721 2412 tatis
741 2335 847 2411 beate
868 2333 1045 2443 Virginis,
1067 2363 1164 2413 anno
1184 2335 1337 2415 Domini
1357 2337 1563 2417 millesimo
1581 2339 1860 2416 trecentesimo.

694 2597 927 2699 (ludicatum
948 2597 1051 2675 istud
1069 2598 1174 2705 quod
1192 2600 1375 2706 sequitur,
1397 2601 1445 2679 de
1460 2603 1501 2678 Ρ.
1519 2601 1566 2678 de
1581 2602 1781 2695 Bouchon,
1801 2600 1914 2680 scribi
1932 2600 2064 2678 debuit

638 2728 677 2802 in
696 2727 830 2834 pagina
848 2728 1094 2835 subsequenti
1114 2729 1222 2808 istius
1241 2729 1339 2819 lolii,
1361 2731 1409 2807 ad
1428 2731 1530 2810 istud
1549 2732 1754 2839 signum¹.)

695 2990 769 3064 LV.
801 2989 899 3066 Cum
926 2988 1059 3066 Petrus
1087 2989 1135 3066 de
1168 2988 1371 3080 Bouchon,
1404 2988 1612 3095 presbyter,
1648 3017 1669 3064 a
1702 2987 1866 3094 quodam
1894 2987 2064 3095 judicato

639 3136 766 3196 contra
785 3146 824 3194 se
844 3116 941 3195 sacto
956 3147 1026 3224 pro
1039 3119 1207 3196 Johanne
1223 3117 1271 3194 de
1292 3117 1604 3207 Sancto-Albino,
1624 3117 1779 3195 domino
1796 3117 1844 3196 de
1861 3117 2062 3205 Bouchon,

637 3273 705 3355 per
723 3249 898 3327 homines
917 3250 1029 3326 curie·
1040 3267 1166 3328 nostre
1185 3248 1463 3337 Ambianensis,
1480 3273 1549 3353 per
1567 3247 1673 3353 quod
1685 3247 1756 3352 ipsi
1769 3248 1944 3324 homines
1959 3247 2066 3354 judi-

637 3397 760 3457 catum
789 3379 982 3486 quoddam
1011 3379 1151 3456 factum
1178 3379 1276 3456 inter
1294 3377 1410 3456 dictas
1435 3394 1560 3485 partes
1580 3405 1650 3483 per
1665 3377 1899 3483 prepositum
1921 3378 2065 3454 Sancti·

637 3509 818 3601 Ricbarii,
844 3510 911 3617 qui
929 3510 1161 3619 judicaverat
1180 3509 1345 3618 legatum
1370 3509 1475 3617 quod
1494 3509 1617 3586 dictus
1635 3507 1831 3615 presbyter
1854 3506 1990 3584 fecerat
2017 3507 2064 3584 de

637 3641 865 3747 quibusdam
893 3641 1009 3719 rebus
1037 3640 1320 3733 immobilibus,
1348 3640 1434 3717 sitis
1464 3638 1536 3718 sub
1567 3640 1669 3717 dicto
1699 3638 1873 3725 domino,
1902 3637 2063 3715 Johanni

637 3771 794 3848 Aoustin
812 3789 851 3848 et
863 3774 1003 3878 Burge,
1021 3772 1102 3879 ejus
1117 3771 1241 3862 uxori,
1258 3799 1299 3847 ac
1316 3768 1467 3848 filiabus
1482 3798 1634 3858 eorum,
1653 3797 1732 3848 esse
1747 3784 1980 3847 contractum
1996 3769 2066 3845 do·

637 3901 803 3978 nacionis
823 3920 860 3978 et
878 3930 955 3980 non
972 3902 1220 3994 vendicionis,
1242 3903 1282 3978 in
1301 3929 1411 3981 causa
1429 3899 1695 4008 appellacionis
1708 3929 1823 4007 super
1838 3900 1911 3977 hoc
1923 3899 1971 3975 ad
1984 3897 2069 3975 bat«

638 4028 755 4107 livum
774 4029 1063 4110 Ambianensem
1083 4034 1225 4110 edicto
1247 4032 1403 4110 domino
1424 4030 1643 4138 interposite
1671 4030 1966 4119 infirmaverunt,
1985 4047 2066 4104 tan-

639 4187 750 4267 quam
778 4189 799 4236 a
825 4160 916 4240 falso
944 4180 982 4241 et
1000 4191 1112 4269 pravo
1132 4164 1181 4240 ad
1202 4190 1271 4241 nos
1300 4161 1541 4270 appellasset3
1566 4174 1809 4267 peteretque,
1838 4176 1915 4234 tam
1938 4175 2064 4234 contra

639 4291 781 4369 dictum
801 4293 1000 4370 dominum
1015 4323 1128 4400 quam
1144 4312 1272 4372 contra
1287 4294 1407 4370 dictos
1424 4291 1616 4382 homines,
1632 4318 1700 4396 per
1713 4306 1879 4367 nostram
1893 4315 2064 4394 pronun·

638 4424 727 4500 ‘ciari
747 4423 889 4500 curiam
910 4423 1006 4500 male
1022 4425 1234 4533 judicatum
1255 4440 1383 4502 contra
1402 4449 1442 4500 se
1462 4449 1532 4528 per
1546 4421 1665 4498 dictos
1683 4421 1857 4499 homines
1872 4418 2006 4510 fuisse,
2026 4434 2066 4496 et

638 4583 676 4630 se
703 4553 800 4630 bene
827 4553 1048 4673 appetissem
1077 4571 1116 4632 et
1141 4583 1162 4630 e
1189 4571 1316 4632 contra
1342 4553 1465 4632 dictus
1491 4553 1668 4632 dominus
1686 4581 1756 4659 pro
1776 4581 1815 4628 se
1835 4567 2065 4658 proponeret

640 4685 784 4762 dictum
797 4695 799 4702 ’
802 4685 1014 4792 judicatum
1031 4713 1103 4791 pro
1128 4713 1167 4762 se
1188 4685 1326 4763 lactum
1347 4713 1427 4764 esse
1452 4684 1664 4792 legitimum
1689 4699 1728 4760 et
1750 4684 1917 4770 bonum,
1938 4681 2066 4788 requi-

638 4838 725 4892 rens
753 4815 857 4922 quod
884 4843 1080 4920 processus
1103 4813 1286 4923 sigillatus
1305 4844 1420 4923 quern
1439 4814 1603 4892 habebat
1622 4813 1744 4891 dictus
1767 4811 1926 4890 ballivus
1951 4837 2065 4916 super

640 4945 711 5022 boc
726 4946 931 5037 videretur3
952 4947 1117 5054 dictique
1141 4948 1333 5035 homines,
1353 4975 1420 5054 pro
1436 4961 1541 5053 parte
1557 4973 1640 5032 sua,
1658 4943 1833 5051 pluribus
1850 4939 2064 5018 racionibus

638 5094 893 5181 proponerent
912 5077 1055 5154 dictum
1070 5077 1285 5186 judicatum
1306 5105 1418 5155 suum
1439 5103 1520 5154 esse
1537 5074 1750 5184 legitimum
1770 5088 1880 5178 atque
1899 5071 2061 5158 bonum,

638 5221 676 5282 et
693 5206 905 5312 predictum
926 5208 1178 5313 presbiterum
1198 5207 1296 5286 male
1316 5235 1430 5315 super
1449 5206 1524 5284 hoc
1541 5203 1773 5312 appellasse:
1794 5202 1986 5286 Tandem,
2003 5228 2066 5276 au·
2159 5257 2162 5260 -

639 5335 727 5413 ditis
745 5335 916 5442 portibus
935 5337 1023 5415 hinc
1043 5355 1080 5416 et
1100 5339 1208 5430 inde,
1229 5338 1391 5444 visisque
1405 5362 1583 5442 processu
1596 5321 1767 5441 predicto
1784 5350 1822 5410 et
1835 5327 2063 5439 quibusdam

685 5505 691 5536 ¹
717 5508 809 5593 Voyer
820 5532 848 5592 p.
863 5513 913 5577 ds.
