5817 7292
1016 1046 1286 1155 snoutrns
1313 1066 1377 1137 ar
1404 1044 1612 1139 proces.
1950 1066 2023 1138 017

603 1206 777 1294 nacione,
801 1220 980 1312 tanquam
1001 1204 1146 1313 iniqua,
1172 1204 1241 1311 ipsi
1262 1205 1395 1283 iterato
1414 1204 1462 1282 ad
1479 1205 1681 1281 dominum
1700 1204 1840 1308 Regem
1864 1204 2028 1312 appella·
2065 1213 2196 1275 mmm
2208 1215 2252 1278 lv.

602 1354 712 1413 runtz
727 1335 877 1414 Auditis
892 1334 1005 1443 igitur
1016 1336 1055 1413 in
1069 1364 1179 1414 causa
1194 1336 1360 1443 predicte
1376 1334 1642 1443 appellacionis
1655 1333 1755 1411 dicto
1774 1352 2025 1451 procuratore,
2127 1306 2191 1350 ml

604 1495 648 1543 ex
661 1496 736 1544 nna
752 1484 875 1573 parte,
897 1484 934 1543 et
944 1484 1048 1573 parte
1064 1467 1251 1545 dictorum
1270 1468 1563 1574 appellancium,
1584 1494 1628 1543 ex
1643 1463 1775 1554 altera,
1792 1463 1954 1571 visisque
1973 1463 2031 1541 lit·

602 1597 693 1676 teris
708 1614 746 1677 et
756 1624 934 1706 processu
944 1599 1125 1706 predicto,
1138 1598 1228 1675 dicti
1241 1597 1469 1705 appellantes
1483 1597 1692 1675 acaucione
1705 1597 1873 1703 predicta
1883 1612 1922 1673 et
1932 1624 2029 1702 pene

602 1728 771 1838 predicte
788 1730 992 1837 peticione,
1006 1759 1075 1838 per
1090 1728 1192 1809 curie
1212 1746 1338 1807 nostre
1350 1728 1557 1837 judicium,
1579 1726 1741 1807 absoluti
1761 1726 1925 1805 luerunt.

660 1859 858 1940 Dominica
877 1877 963 1939 ante
981 1860 1251 1939 Asceucionem
1270 1860 1438 1938 Domini.

662 2123 736 2202 CX.
767 2126 870 2201 Mota
884 2124 1133 2202 contencione
1153 2150 1267 2229 super
1288 2121 1461 2227 pluribus
1480 2120 1645 2198 articulis
1665 2121 1762 2197 inter
1780 2120 2031 2201 Guillelmum

606 2252 653 2329 de
673 2252 983 2358 Dompna-Petra,
1006 2252 1205 2329 dominum
1228 2252 1275 2328 de
1301 2250 1673 2340 Sancto-Desiderio,
1698 2280 1741 2328 ex
1758 2279 1833 2329 una
1851 2270 1972 2359 parte,
1995 2270 2034 2331 et
2070 2234 2074 2247 ¹

605 2380 834 2462 Galcherum
858 2382 905 2459 de
927 2382 1170 2471 Castellione,
1190 2382 1403 2488 juniorem,
1425 2381 1626 2459 dominum
1647 2383 1695 2459 de
1715 2381 2029 2489 Bompae-Petra,

606 2514 761 2603 milites,
784 2540 828 2589 ex
847 2512 978 2605 altera,
1000 2540 1164 2619 quorum
1181 2512 1392 2603 occasione,
1415 2511 1515 2588 dicte
1529 2528 1669 2617 partes,
1691 2512 1851 2590 invicem
1873 2515 1970 2593 iuter
1993 2544 2032 2594 se

606 2642 735 2749 plures
756 2644 965 2721 invasiones
986 2660 1024 2721 et
1045 2670 1236 2720 armorum
1256 2642 1493 2747 portaciones
1507 2671 1550 2718 ac
1570 2641 1822 2749 dampnorum
1843 2641 2034 2723 illaciones

606 2771 795 2863 lecemnt,
812 2774 930 2851 eciam
946 2790 1074 2851 contra
1097 2771 1399 2879 prohibicionem
1420 2772 1596 2879 gencium
1619 2772 1764 2851 domini
1779 2774 1912 2883 Regis,
1929 2775 2035 2851 audi-

608 2904 656 2984 tis
671 2905 718 2981 ad
731 2904 889 3013 plenum
903 2904 1011 2982 dictis
1024 2902 1194 3011 partibus
1209 2930 1323 3008 super
1335 2902 1604 3010 principalibus
1616 2905 1879 3011 questionibus
1891 2933 2036 2985 eorum·

608 3033 716 3125 dem,
733 3061 802 3141 per
817 3034 1017 3111 dominum
1039 3037 1198 3141 Regem,
1221 3031 1262 3109 in
1281 3032 1442 3109 modum
1462 3034 1529 3139 qui
1549 3034 1731 3141 sequitur,
1753 3036 1872 3112 extitit
1886 3037 2036 3115 ordina·

607 3183 701 3253 tum,
719 3165 895 3242 videlicet
911 3163 1016 3271 quod
1029 3164 1204 3241 homines
1219 3162 1399 3241 abonnati
1412 3164 1459 3241 de
1473 3164 1823 3244 Sancto-Desiderio
1836 3186 1874 3245 et
1889 3167 1937 3245 de
1953 3168 2034 3246 aliis

608 3295 701 3374 locis
724 3294 1003 3403 pertinentibus
1022 3295 1070 3372 ad
1090 3295 1234 3371 dictum
1256 3293 1454 3371 dominum
1480 3294 1529 3371 de
1548 3296 1911 3388 SanctoDesiderio,
1934 3327 2035 3377 com-

608 3442 798 3506 morantes
817 3424 919 3532 apud
943 3423 1211 3514 Cathalanum,
1245 3424 1310 3530 qui
1336 3450 1412 3505 non
1433 3442 1523 3502 sunt
1542 3424 1589 3501 de
1609 3424 1711 3501 tallia
1737 3453 1808 3503 nec
1834 3428 1880 3504 de
1903 3456 2049 3530 manu·⁴

608 3576 776 3648 mortua,
800 3576 838 3637 et
860 3586 956 3664 quos
974 3558 1151 3636 homines
1174 3556 1297 3633 dictus
1315 3554 1525 3634 Galcherus
1543 3557 1591 3635 ad
1609 3586 1648 3635 se
1672 3556 1820 3635 dicebat
1831 3561 2031 3665 pertinere,

608 3688 759 3765 racione
769 3686 1033 3794 assignacionis
1049 3686 1122 3763 sibi
1139 3684 1233 3762 lacte
1250 3683 1296 3760 de
1308 3683 1527 3773 Cathalano,
1545 3714 1614 3791 pro
1627 3687 1753 3791 precio
1764 3685 1907 3762 ibidem
1922 3716 2035 3794 appo-

609 3816 683 3893 sito
696 3843 764 3922 per
780 3816 1054 3922 appreciatores
1067 3815 1116 3891 ad
1131 3815 1204 3892 hoc
1219 3814 1433 3921 deputatos,
1447 3815 1617 3921 predicto
1636 3814 1793 3891 domino
1813 3814 1861 3891 de
1882 3816 2037 3896 Sancto·

611 3945 808 4025 Desiderio
834 3944 994 4023 omnino
1021 3961 1059 4023 et
1082 3945 1203 4053 quitte
1230 3944 1496 4032 remanebunt,
1521 3960 1559 4021 et
1584 3944 1690 4052 quod
1721 3944 1835 4021 ceteri
1862 3946 2035 4027 homines

611 4075 825 4155 tailliabiles
845 4076 893 4153 de
916 4092 1181 4153 manumortua
1202 4090 1240 4152 et
1264 4074 1584 4180 loris-maritagio,
1606 4103 1675 4181 pro
1694 4074 1820 4182 precio
1840 4075 1879 4151 iu
1899 4078 1954 4155 eis
1973 4108 2037 4187 po

612 4206 705 4297 sito,
736 4206 987 4284 remanebunt
1011 4192 1197 4285 Galchero
1221 4205 1407 4312 predicto,
1437 4223 1475 4283 et
1499 4204 1604 4313 quod
1632 4206 1754 4283 dictus
1783 4206 1961 4286 dominns
1987 4210 2034 4288 de

612 4336 965 4415 Sancto-Desiderio
985 4337 1082 4415 nihil
1101 4354 1229 4445 petere
1249 4338 1389 4439 poterit
1412 4365 1434 4414 a
1453 4337 1555 4414 dicto
1574 4316 1777 4429 Galchero,
1795 4338 1945 4417 racione
1964 4338 2036 4419 bo·

612 4493 771 4557 norum,
789 4485 961 4575 tempore
975 4468 1172 4576 preterito,
1193 4468 1400 4546 levatorum
1416 4469 1618 4575 peripsum
1642 4498 1662 4545 a
1685 4469 1795 4547 dictis
1815 4471 2035 4553 bominibus

611 4598 824 4692 abonnatis,
847 4598 943 4676 salva
965 4598 1056 4706 ipsis
1075 4598 1296 4677 hominibus
1318 4628 1430 4705 super
1451 4599 1523 4676 boc
1549 4626 1682 4676 eorum
1700 4596 1887 4705 peticione
1906 4622 2035 4682 contra

613 4728 757 4807 dictum
777 4728 1023 4820 Galchernm,
1049 4757 1146 4837 quos
1172 4730 1346 4808 homines
1373 4730 1496 4809 dictus
1516 4730 1696 4808 dominus
1713 4730 1761 4807 de
1780 4732 2035 4811 SanctoDesi·

613 4859 734 4951 derio,
752 4861 1038 4939 contradictum
1054 4859 1336 4940 Galcherumin
1350 4860 1569 4969 hujusmodi
1580 4860 1711 4968 juvare
1724 4888 1801 4938 non
1812 4863 1952 4967 poterit
1965 4892 2035 4942 nec

611 4988 747 5069 lovere.
767 4994 861 5069 ltem
876 4991 994 5098 quod,
1014 5008 1114 5069 terra
1131 4990 1181 5069 de
1194 4993 1415 5101 Vantyaves,
1432 5020 1548 5099 quam
1561 4991 1708 5070 dicebat
1721 4990 1845 5069 dictus
1857 4995 2035 5073 dominus

613 5117 660 5196 de
676 5122 1031 5201 Sancto-Desiderio
1045 5150 1124 5201 nou
1138 5120 1252 5201 luisse
1266 5122 1516 5229 appreciatam
1532 5138 1570 5199 et
1583 5122 1786 5229 appreciari
1798 5124 2032 5232 requirebat,

615 5246 716 5328 dicto
740 5250 926 5332 Galchero
955 5254 1183 5343 remanebit,
1208 5282 1278 5360 pro
1304 5254 1431 5361 precio
1457 5270 1611 5331 centum
1639 5254 1827 5363 sexaginta
1851 5271 1890 5331 ct
1912 5254 2034 5331 unde·

616 5376 690 5454 cim
705 5378 925 5461 libratarum
943 5402 1055 5465 terre.
1074 5385 1184 5474 ltem,
1199 5384 1304 5491 quod
1319 5384 1538 5495 homagium
1555 5385 1747 5463 demenso
1760 5383 1911 5462 Alemm
1929 5383 2034 5490 quod

704 5550 758 5593 nes
778 5552 860 5596 onir.
883 5558 928 5599 nr.
1868 5536 1909 5619 78
