5817 7292
1038 1100 1307 1213 nvootrns
1332 1118 1396 1192 nr
1423 1101 1630 1193 esoces.
1969 1116 2044 1191 sss

625 1298 851 1360 ramentum.
871 1282 983 1371 bem,
1003 1281 1138 1359 eodem
1155 1280 1271 1359 modo
1288 1280 1336 1357 de
1355 1306 1445 1385 pace
1460 1277 1627 1386 generali
1644 1275 1789 1354 ibidem
1802 1276 2047 1381 pronunciata
2084 1266 2214 1402 Ἢῑ
2225 1270 2268 1332 W·

625 1413 725 1491 inter
737 1438 870 1489 omnes
885 1412 933 1489 de
949 1410 1013 1497 illa
1026 1406 1144 1518 patria
1156 1407 1459 1489 senescalliarum
1473 1406 1707 1493 Tbolosane,
1723 1405 2045 1495 carcassonensis,
2202 1390 2207 1399 ¹

625 1540 937 1651 Petragoricensis
951 1558 990 1619 et
1000 1540 1253 1630 Caturcensis,
1269 1556 1307 1617 et
1317 1539 1440 1617 tocius
1456 1539 1614 1616 ducatus
1627 1534 1844 1642 Aquitania,
1861 1561 1976 1641 quam
1989 1562 2048 1639 pa·

627 1700 707 1748 ccm
725 1700 809 1762 nos,
829 1698 874 1749 ex
892 1688 991 1749 certa
1010 1671 1168 1749 sciencia
1186 1688 1284 1748 etex
1303 1698 1430 1758 causa,
1447 1669 1721 1754 renovavimus,
1742 1682 1782 1743 et
1798 1664 1936 1743 servari
1950 1664 2049 1742 inter

626 1802 814 1907 predictos
825 1802 981 1879 comites
996 1818 1034 1879 et
1047 1828 1181 1879 omnes
1194 1801 1286 1879 alios
1299 1798 1577 1889 inviolabiliter,
1593 1797 1695 1904 regia
1707 1796 1945 1882 auctoritate,
1964 1821 2050 1901 qua·

626 1959 790 2039 cumque
802 1932 1075 2011 consuetudine
1086 1932 1269 2009 contraria
1282 1928 1544 2021 nonobstante,
1556 1928 1755 2006 statuimus
1768 1942 1806 2003 et
1816 1924 2049 2015 decrevimus

626 2061 697 2139 sub
718 2088 812 2167 pena
832 2061 1019 2167 predicta,
1034 2078 1074 2139 et
1090 2061 1328 2169 precepimus
1344 2058 1547 2138 senescallo
1560 2058 1794 2147 Tholosauo,
1811 2056 1955 2134 ibidem
1970 2082 2050 2161 pre·

626 2192 740 2281 senti,
751 2208 797 2269 -et
812 2192 948 2270 eodem
962 2192 1078 2269 modo
1096 2190 1266 2267 mandari
1282 2191 1524 2297 precepimus
1533 2189 1633 2277 aliis,
1651 2216 1721 2295 per
1733 2186 1874 2265 litteras
1885 2204 2044 2277 nostras,

625 2338 670 2399 ut
683 2321 890 2427 predictam
907 2351 1035 2428 pacem
1051 2322 1234 2430 publicari
1252 2340 1290 2403 et
1302 2323 1436 2402 servari
1449 2322 1488 2397 in
1499 2318 1846 2398 dictisseuescalliis
1858 2335 1898 2395 et
1910 2319 2048 2396 ducatu

626 2450 780 2542 faciant,
803 2470 840 2530 et
857 2451 1056 2533 violatores
1076 2470 1114 2531 et
1137 2452 1301 2531 rebelles
1325 2452 1505 2531 remediis
1525 2452 1724 2558 oportunis
1743 2447 1989 2555 compellant;
2011 2464 2050 2525 et

626 2582 699 2661 boc
713 2583 817 2659 idem
832 2584 1003 2661 mandari
1017 2586 1274 2691 precepimus,
1296 2612 1363 2690 per
1382 2583 1525 2661 litteras
1544 2599 1705 2674 nostras,
1726 2578 1955 2667 senescallis,
1978 2580 2050 2657 mi·

627 2712 754 2789 nistris
778 2729 816 2789 et
838 2714 1018 2821 gentibus
1041 2714 1180 2821 egregii
1206 2714 1400 2819 principis,
1426 2713 1608 2790 karissimi
1628 2710 1698 2787 lilii
1724 2711 1832 2787 ducis
1850 2708 2049 2815 Aquitania

626 2838 752 2919 fidelis
774 2843 902 2961 nostri,
926 2843 1034 2935 ltem,
1054 2844 1206 2953 gagium
1225 2842 1342 2921 duelli
1364 2844 1469 2949 quod
1489 2842 1613 2920 dictus
1631 2839 1876 2948 Raymundus
1894 2839 1943 2916 de
1963 2838 2052 2917 Car-

628 2971 744 3065 dona,
767 2972 1010 3061 domicellus,
1031 2974 1249 3051 reddiderat
1273 3002 1400 3051 coram
1423 2972 1535 3051 nobis
1558 2988 1688 3051 contra
1708 2971 1853 3048 dictum
1873 2970 2050 3047 comitem

627 3102 854 3191 Armeniaci,
872 3104 983 3181 certis
996 3102 1210 3182 nacionibus
1224 3104 1438 3183 anullamus
1451 3105 1629 3191 omnium
1648 3120 1701 3192 et,
1718 3102 1807 3209 quia
1823 3101 1945 3180 dictm
1960 3102 2052 3209 Ray-

627 3232 796 3309 mundus
815 3232 1024 3339 improvide
1044 3251 1082 3311 et
1102 3234 1331 3324 inconsulte,
1354 3252 1392 3312 et
1411 3252 1539 3313 contra
1564 3234 1846 3311 ordinacionem
1866 3248 2049 3321 nostram,

626 3362 794 3441 reddidit
812 3363 958 3441 dimum
979 3364 1146 3473 gagium,
1169 3366 1243 3443 boc
1258 3365 1368 3443 nobis
1386 3365 1624 3454 emendabit3
1648 3380 1687 3441 et
1705 3389 1792 3454 nos,
1814 3378 1928 3469 prout
1942 3362 2053 3440 nobis

626 3494 824 3599 placuerit,
842 3495 1062 3602 hujusmodi
1078 3496 1287 3574 taxabimus
1307 3495 1528 3584 emendam3
1546 3494 1670 3573 dictus
1686 3522 1775 3571 vero
1791 3492 2051 3601 Raymundus,

627 3624 753 3701 statim
766 3626 814 3705 ad
828 3625 1045 3703 mandatum
1060 3626 1165 3703 curie
1177 3644 1319 3715 nostre,
1336 3654 1449 3733 super
1461 3627 1536 3705 hoc
1546 3624 1657 3702 nobis
1669 3624 1826 3733 gagiavit
1840 3622 2051 3701 emendam.

628 3756 738 3844 ltem,
757 3755 906 3864 gagium
925 3754 1045 3834 duelli
1065 3784 1134 3861 per
1152 3756 1295 3833 dictum
1311 3756 1490 3834 comitem
1509 3753 1737 3842 Armeniaci,
1756 3770 1912 3860 propter
1927 3754 2054 3831 omnia

629 3880 723 3960 lacta
745 3884 911 3989 predicta
939 3912 1007 3990 per
1030 3912 1118 3963 eum
1144 3886 1335 3991 proposita
1359 3901 1489 3962 contra
1511 3883 1725 3989 predictum
1745 3882 1924 3960 comitem
1943 3884 2051 3974 Furi,

630 4012 823 4091 redditum
835 4030 913 4091 tam
923 4042 1049 4092 coram
1063 4014 1266 4093 senescallo
1281 4014 1500 4093 ‘l'holosano
1513 4042 1628 4122 quam
1641 4031 1787 4121 postea,
1803 4012 1981 4100 Parisios,
1997 4040 2056 4091 co

630 4170 709 4219 ram
728 4142 855 4233 nobis,
875 4170 944 4221 nos
962 4144 1171 4221 amovimus
1188 4172 1232 4221 cx
1249 4172 1359 4221 causa
1374 4160 1413 4221 et
1429 4142 1478 4222 ad
1492 4144 1676 4222 nichilum
1695 4144 1908 4251 posuimus,
1922 4160 1960 4219 et
1973 4170 2057 4250 spe·

631 4268 774 4349 cialiter
790 4272 878 4379 quia
898 4299 966 4380 por
982 4273 1188 4380 inquestas,
1209 4272 1321 4351 lactas
1337 4275 1385 4351 de
1402 4274 1579 4354 mandato
1595 4291 1726 4352 nostro
1740 4299 1855 4380 super
1867 4272 2055 4378 aliquibus

632 4428 674 4479 ex
692 4401 802 4479 dictis
821 4400 945 4491 factis,
958 4403 1092 4481 veritas
1111 4420 1168 4482 cst
1186 4420 1334 4510 reperta
1353 4404 1538 4483 adfinem
1557 4403 1719 4512 faciendi
1733 4403 1924 4511 justiciam
1943 4430 2057 4510 super

632 4532 706 4609 biis
726 4560 794 4639 per
808 4531 996 4641 judicium
1016 4533 1074 4610 via
1087 4532 1200 4641 juris,
1222 4551 1260 4612 et
1278 4534 1347 4628 sic,
1370 4535 1580 4613 secundum
1598 4534 1880 4614 ordinacionem
1899 4560 1969 4641 per
1986 4562 2057 4611 nos

631 4662 764 4741 factam
778 4689 893 4769 super
906 4660 1061 4755 duellis,
1074 4690 1151 4741 non
1163 4663 1280 4742 debet
1293 4664 1466 4743 duellum
1478 4666 1595 4774 recipi
1608 4694 1676 4773 pro
1688 4665 1835 4743 casibus
1847 4666 1960 4770 plene
1973 4692 2057 4773 pro

631 4791 746 4881 batis,
765 4808 804 4869 et
817 4790 905 4870 ideo
917 4820 988 4899 per
1001 4792 1112 4871 aliam
1127 4794 1223 4871 narn
1240 4824 1353 4903 quarn
1373 4796 1470 4905 gagii
1486 4826 1602 4904 super
1615 4797 1685 4887 eis,
1703 4812 1748 4875 ut
1761 4794 1921 4875 inferius
1935 4797 2059 4904 sequi·

631 4938 706 5014 tur,
728 4923 906 5003 duximus
925 4924 1212 5031 providendum.
1236 4929 1347 5021 ltem,
1368 4928 1517 5037 gagium
1538 4926 1657 5006 duelli
1677 4927 1871 5006 redditum
1890 4956 1959 5035 per
1978 4928 2058 5007 dio-

632 5070 716 5131 tum
731 5053 965 5133 Bernardum
983 5054 1030 5135 de
1043 5057 1246 5149 Conversis,
1261 5058 1519 5137 vicecomitem
1532 5061 1729 5152 Turenne',
1742 5076 1870 5137 contra
1883 5060 2058 5138 comitem

633 5184 661 5259 F
663 5185 725 5261 uxi
748 5186 980 5292 predictum,
1009 5188 1122 5267 certis
1145 5179 1199 5265 ex'
1212 5190 1347 5281 musis,
1373 5191 1541 5269 totaliter
1562 5192 1611 5269 ad
1636 5190 1822 5269 nichilum
1847 5192 2056 5297 posuimus.

597 5344 600 5351 ·
634 5313 746 5405 ltem,
767 5317 979 5421 predictum
1000 5320 1178 5399 comitem
1195 5320 1285 5399 Furi
1302 5322 1406 5398 curia
1424 5338 1552 5401 nostra
1571 5322 1861 5430 condempnavit
1879 5323 1920 5398 in
1939 5321 2058 5398 millia

637 5460 674 5520 et
693 5444 866 5526 ducentis
883 5448 990 5528 libris
1010 5450 1311 5543 Turonensibus,
1328 5480 1397 5559 pro
1413 5453 1586 5559 dampnis
1600 5453 1698 5531 datis
1715 5481 1784 5558 per
1797 5469 1929 5559 gentes
1942 5452 2059 5558 ipsius

742 5629 794 5673 sss
814 5630 898 5675 osta.
921 5634 968 5676 ru.
1226 5603 1233 5621 '
1890 5624 1931 5699 49
