5817 7292
1044 1110 1312 1219 exoneras
1338 1117 1402 1204 rr
1422 1111 1632 1202 moces.
1999 1132 2048 1204 sa

680 1269 772 1347 XIX.
804 1269 899 1348 Cum
915 1271 1014 1349 inter
1027 1272 1185 1350 dilectos
1201 1287 1351 1351 nostros
1366 1271 1584 1378 episcopum
1595 1329 1606 1357 ‚
1617 1269 2048 1380 decanum„eapitulum
2078 1283 2210 1340 enm
2227 1286 2272 1348 1v,

625 1418 663 1478 et
681 1400 861 1480 ballivum
881 1421 1053 1480 nostrum
1074 1402 1386 1491 Matisconenses,
1408 1431 1451 1490 ox
1469 1431 1548 1483 una
1565 1417 1686 1506 porte,
1710 1401 2048 1490 etebbatemssln·
2148 1380 2210 1422 im

625 1532 857 1622 niacensem,
878 1559 922 1612 ex
939 1534 1074 1624 altera,
1097 1535 1348 1614 controversia
1367 1551 1470 1615 mota
1490 1550 1609 1620 esset,
1629 1531 1782 1620 racione
1798 1533 1913 1642 garde
1934 1553 1972 1613 et
1985 1538 2049 1642 ju·

624 1663 852 1740 risdictionis
881 1681 1027 1758 nostre,
1054 1666 1247 1760 occasione
1274 1665 1475 1772 gerbarum
1505 1683 1543 1746 et
1570 1664 1763 1744 bonorum
1794 1666 2049 1770 quorumdam

612 1787 836 1874 'diacorum
856 1813 1073 1903 pergentes
1091 1795 1183 1874 dicti
1200 1795 1362 1886 abbatis,
1380 1815 1423 1874 ut
1439 1797 1589 1887 dicitur,
1609 1813 1695 1901 post
1714 1812 1899 1874 arrestum
1915 1813 1955 1872 et
1972 1826 2049 1874 ma·

626 1949 717 2000 num
738 1941 906 2004 nostram
926 1927 1134 2032 appositam
1156 1927 1195 2002 in
1216 1927 1378 2017 eisdem,
1401 1928 1440 2004 in
1469 1927 1610 2034 quibus
1637 1926 1727 2005 dicti
1745 1926 1961 2032 episcopus,
1984 1927 2051 2004 de·

626 2081 741 2133 canus
761 2072 802 2142 et
818 2056 1023 2162 capitulum
1045 2087 1084 2134 se
1105 2057 1245 2136 debere
1263 2059 1459 2163 percipere
1475 2058 1715 2136 decimamet
1728 2085 1768 2134 se
1786 2085 1866 2135 esse
1882 2074 1921 2132 et
1936 2057 2050 2136 luisse

624 2185 671 2262 ab
691 2186 846 2291 antiquo
866 2187 906 2266 iu
931 2189 1169 2303 possessione
1193 2187 1346 2294 pacifica
1366 2188 1601 2294 percipiendi
1621 2189 1798 2280 eandem,
1821 2189 1972 2274 racione
1991 2219 2051 2266 ec-

624 2315 736 2394 clesie
748 2317 1046 2406 Matisconeusis,
1060 2319 1252 2406 dicebant,
1269 2317 1570 2424 supplicantibus
1581 2319 1694 2396 nobis
1704 2319 1809 2426 quod
1822 2319 1903 2400 loca
1915 2319 2054 2404 lacere-

624 2475 710 2526 mus
728 2447 890 2526 resaisiri
911 2449 959 2528 de
980 2448 1089 2528 dictis
1113 2449 1239 2558 gerbis
1259 2468 1297 2526 et
1315 2449 1427 2526 bonis
1448 2467 1488 2528 et
1506 2478 1571 2527 eos
1588 2450 1629 2526 in
1650 2450 1749 2528 dicta
1767 2449 1901 2528 saisina
1921 2479 2053 2528 manu-

623 2580 744 2658 teneri
766 2595 804 2658 et
824 2580 995 2676 delendi,
1017 2599 1238 2689 peteretque
1266 2582 1389 2660 dictus
1416 2581 1577 2660 ballivus
1602 2582 1744 2660 dictum
1769 2581 1960 2672 abbatem,
1982 2613 2051 2689 pro

625 2707 801 2814 pluribus
820 2710 1096 2790 inobedienciis
1120 2730 1158 2790 et
1182 2713 1394 2790 excessibus
1420 2710 1526 2789 factis
1550 2739 1619 2817 per
1646 2741 1732 2789 suas
1755 2729 1903 2820 gentes,
1925 2741 2052 2817 aspor-

625 2839 745 2916 tando
773 2841 958 2920 violenter
986 2860 1136 2922 etcum
1162 2841 1410 2920 multitudine
1440 2858 1691 2928 armatorum,
1716 2841 1991 2920 monachorum
2016 2861 2053 2918 et

627 2970 788 3050 aliorum
818 2973 990 3081 equitum
1011 2990 1050 3052 et
1066 2973 1239 3080 peditum
1266 2973 1400 3080 gerbas
1420 2989 1459 3050 et
1476 2972 1577 3049 bona
1593 2971 1715 3077 posita
1734 2972 1774 3048 in
1794 2999 1908 3048 manu
1927 2990 2052 3050 nostra

628 3120 666 3180 et
685 3120 842 3196 arresto,
859 3122 903 3182 ut
921 3105 1134 3211 predictum
1154 3122 1227 3194 est,
1245 3102 1518 3210 condempnari
1538 3103 1651 3180 nobis
1669 3103 1709 3180 in
1730 3102 1861 3182 decem
1882 3102 2052 3182 millibus

628 3234 864 3312 marcharum
885 3236 1046 3344 argenti3
1069 3253 1122 3324 et,
1144 3263 1213 3342 pro
1241 3234 1392 3341 injuriis
1418 3233 1519 3311 dicto
1548 3233 1686 3311 ballivo
1704 3233 1811 3312 sactis
1836 3261 1905 3340 per
1922 3252 2052 3341 gentes

627 3363 715 3442 dicti
737 3365 898 3456 abbatis,
920 3365 991 3444 sibi
1013 3365 1266 3450 condamnari,
1281 3366 1426 3444 dictum
1448 3365 1622 3446 abbatem
1648 3365 1688 3440 in
1707 3364 1861 3444 duobus
1880 3364 2052 3442 millibus

628 3499 866 3578 marcharum
880 3500 1042 3608 argenti,
1060 3499 1160 3578 dicto
1176 3499 1310 3588 abbate
1329 3514 1458 3580 contra
1474 3497 1622 3578 dicente
1636 3516 1675 3576 et
1689 3515 1840 3604 petente
1855 3525 1896 3576 se
1910 3496 2051 3584 absolvi

625 3657 645 3706 a
675 3630 872 3736 predictis,
894 3656 1042 3710 necnon
1065 3648 1218 3739 petente
1238 3631 1383 3710 dictum
1407 3630 1606 3720 ballivum,
1635 3658 1704 3738 pro
1732 3628 1906 3737 pluribus
1927 3657 2052 3735 grava-

627 3761 811 3852 minibus,
836 3764 1026 3870 dampnis,
1048 3763 1196 3871 injuriis
1216 3779 1254 3841 et
1275 3762 1463 3868 expensis,
1484 3761 1555 3839 sibi
1576 3791 1618 3839 ac
1637 3760 1866 3839 monasterio
1883 3788 1952 3837 suo
1972 3759 2053 3835 illa-

626 3889 689 3978 tis,
709 3909 752 3968 ut
770 3892 935 3984 dicebat,
951 3923 1020 4001 per
1033 3893 1213 3982 eundem,
1233 3891 1503 4000 condempnari
1517 3891 1590 3970 sibi
1607 3892 1648 3969 in
1663 3892 1864 3969 tresdecim
1881 3889 2052 3980 millibus

627 4019 810 4100 librarum
830 4025 1113 4106 Turonensium
1133 4051 1351 4131 parvorum,
1372 4022 1511 4100 ballivo
1530 4039 1659 4100 nostro
1680 4021 1943 4099 Matisconensi
1964 4049 2053 4098 con-

626 4153 784 4230 trarium
810 4173 1014 4245 asserente,
1044 4184 1189 4262 nosque
1219 4183 1333 4261 super
1357 4153 1538 4260 predictis
1564 4152 1758 4242 omnibus,
1790 4167 1975 4254 quantum
2005 4151 2053 4226 ad

627 4309 698 4361 nos
717 4283 896 4398 pertinet,
916 4285 1067 4363 racione
1083 4286 1198 4392 garde
1227 4302 1265 4362 et
1285 4282 1562 4390 jurisdictionis
1585 4297 1731 4370 nostre,
1753 4279 2053 4358 mandaverimus

627 4413 787 4519 inquiri:
808 4413 894 4495 Visa
913 4414 1086 4519 inqueste
1101 4443 1215 4519 super
1229 4413 1410 4519 predictis
1428 4411 1539 4500 lacta,
1555 4410 1756 4518 diligenter
1773 4408 1996 4498 examinata,
2016 4428 2054 4488 et

629 4543 807 4624 omnibus
820 4543 891 4623 rite
908 4562 947 4622 et
960 4543 1218 4650 solempniter,
1234 4561 1350 4651 prout
1363 4543 1509 4630 decuit,
1527 4543 1637 4632 actis,
1654 4542 1847 4620 inventum
1859 4558 1916 4620 est
1929 4541 2051 4649 quod,

628 4673 675 4752 ad
696 4692 909 4782 requestam
934 4676 1123 4757 dictorum
1142 4677 1328 4784 episcopi,
1351 4674 1498 4762 decani,
1518 4690 1557 4750 et
1575 4673 1746 4779 capituli,
1767 4688 1921 4778 propter
1941 4673 2055 4750 deba-

628 4822 710 4884 tum
723 4835 790 4886 seu
804 4809 1094 4888 contencionem
1107 4837 1221 4916 quam
1234 4808 1306 4886 sibi
1321 4806 1506 4889 faciebant
1514 4822 1645 4912 gentes
1658 4803 1749 4880 dicti
1763 4802 1908 4882 abbatis
1919 4802 1959 4878 in
1971 4831 2054 4908 per-

630 4939 805 5043 cepcioue
821 4940 1073 5046 quarumdam
1087 4939 1288 5050 gerbarum
1307 4955 1345 5016 et
1362 4938 1575 5026 bonorum,
1595 4934 1746 5014 racione
1763 4934 2052 5038 decime,quam

629 5097 667 5148 se
683 5071 828 5150 ¹habere
846 5071 1021 5150 dicebant
1040 5071 1079 5148 in
1099 5071 1330 5179 quibusdam
1343 5069 1453 5148 terris
1468 5065 1747 5176 pertinentibus
1765 5067 1815 5144 ad
1832 5064 1969 5147 domos
1986 5093 2054 5144 seu

629 5200 799 5310 grangias
813 5201 861 5280 de
877 5203 996 5296 Sarci,
1012 5203 1268 5312 Chevingnes,
1284 5203 1472 5309 Besornay
1489 5215 1528 5278 et
1544 5197 1773 5307 quibusdam
1788 5195 1870 5274 aliis
1882 5196 1949 5303 qui
1966 5211 2054 5272 sunt

630 5333 844 5412 monasterii
865 5334 1123 5414 Cluniacensis
1141 5351 1178 5414 et
1193 5335 1241 5412 de
1256 5333 1397 5441 quibus
1415 5331 1511 5410 lacta
1527 5349 1584 5409 est
1602 5327 1787 5418 ostensio,
1800 5355 1957 5404 manum
1974 5352 2055 5400 nos·

630 5475 725 5538 tram
752 5467 961 5571 appositam
981 5467 1022 5544 in
1041 5466 1269 5574 quibusdam
1294 5465 1419 5574 gerbis
1441 5482 1484 5544 et
1505 5463 1621 5544 bonis
1641 5458 1886 5540 existentibus
1910 5452 2063 5532 ibidem.
2195 5455 2207 5464 '
