5817 7292
1019 1114 1287 1221 anntrns
1313 1133 1376 1205 nr
1404 1116 1609 1207 enocts.
1953 1137 2025 1210 mr

606 1270 704 1348 dinis
719 1270 908 1349 dictorum
923 1272 1110 1351 Gnidonis
1126 1292 1163 1350 et
1179 1274 1380 1381 Aymerici,
1401 1292 1438 1352 et
1457 1276 1538 1352 aliis
1558 1276 1635 1353 suis
1654 1275 1781 1364 bonis,
1804 1280 2028 1383 pennoncel·
2066 1286 2251 1352 Peruenit,

605 1400 662 1479 los
687 1401 734 1478 de
755 1382 866 1479 armis
886 1404 1020 1481 nostris
1044 1422 1243 1511 ponerent,
1271 1406 1466 1512 dictosque
1489 1404 1705 1484 Guidonem
1732 1422 1769 1482 et
1790 1406 2027 1515 Aymericum
2128 1381 2190 1423 ’Μ’

605 1550 794 1612 eteorum
815 1536 916 1614 bona
936 1536 1184 1615 defenderent
1204 1538 1250 1614 ab
1271 1538 1419 1647 injuriis
1438 1554 1477 1615 et
1495 1537 1687 1615 violenciis
1705 1536 2025 1646 quibuscumque3

606 1682 642 1741 ct
656 1665 760 1773 quod
775 1685 859 1773 post
876 1668 945 1745 hec
966 1667 1094 1746 omnia
1109 1668 1198 1745 dicti
1217 1666 1362 1761 iratres,
1380 1669 1613 1777 congregatis
1631 1696 1760 1746 secum
1780 1670 1926 1745 circiter
1940 1698 2028 1747 cen·

604 1814 687 1873 tum
708 1796 928 1875 bominibus
946 1800 984 1874 in
1003 1816 1133 1905 aperto
1153 1800 1302 1879 annatis
1320 1802 1359 1877 in
1375 1802 1497 1908 equis,
1515 1818 1555 1877 et
1567 1800 1716 1877 circiter
1729 1798 1944 1908 quingentis
1961 1830 2030 1907 pe-

605 1928 746 2006 ditibus
770 1930 913 2007 diversa
940 1954 1132 2008 armorum
1158 1958 1295 2040 genera
1320 1932 1572 2038 portantibus,
1601 1947 1734 2009 euntes
1758 1932 1806 2009 ad
1828 1948 2028 2042 stangnum

605 2061 692 2137 dicti
710 2060 898 2139 Gnidonis
908 2060 1095 2150 Oudardi,
1114 2061 1355 2139 obviaverunt
1368 2062 1477 2139 dictis
1491 2064 1629 2139 nostris
1642 2061 1906 2156 servientibus,
1921 2064 2030 2171 signi-

604 2190 817 2280 ficantibus,
841 2192 1104 2271 inhibentibus
1122 2210 1159 2269 et
1178 2193 1474 2301 precipientibus
1493 2194 1604 2271 dictis
1622 2193 1801 2272 frutribus
1821 2212 1858 2271 et
1877 2223 2031 2303 genera·

603 2323 689 2400 liter
704 2325 882 2401 omnibus
899 2324 980 2402 aliis
999 2352 1046 2401 ne
1060 2324 1185 2431 aliqua
1199 2326 1409 2433 gravamina
1424 2325 1483 2403 vel
1498 2324 1700 2404 violencias
1715 2325 1897 2403 inferrent
1912 2328 1950 2402 in
1965 2327 2030 2405 be

602 2456 660 2531 nis
687 2455 874 2533 dictorum
898 2455 1088 2535 Guidonis
1116 2474 1155 2533 et
1177 2454 1380 2564 Aymerici,
1401 2475 1516 2562 prout
1540 2457 1594 2534 eis
1618 2485 1639 2532 a
1665 2458 1766 2535 dicto
1790 2458 1928 2536 ballivo
1951 2475 2030 2535 erat

603 2587 731 2663 datum
753 2586 791 2662 in
819 2586 1002 2663 mundatis
1022 2615 1091 2694 per
1115 2586 1257 2665 litteras
1278 2616 1372 2694 quas
1392 2587 1502 2664 dictis
1521 2587 1697 2665 iratribus
1716 2605 1754 2664 et
1773 2587 1856 2664 aliis
1876 2590 2029 2693 publice

603 2716 869 2804 ostendebant3
892 2744 1055 2822 cumque
1075 2716 1313 2821 peciissenta
1337 2716 1444 2793 dictis
1465 2716 1712 2795 servientibus
1730 2718 1836 2824 quod
1855 2744 2029 2823 pennon-

603 2846 741 2925 cellum
764 2864 935 2923 nostrum
957 2846 1117 2922 indicto
1143 2864 1302 2951 stangno
1322 2847 1489 2951 positum
1510 2843 1740 2935 amoverent,
1763 2848 1930 2955 dictique
1949 2877 2028 2926 ser-

602 2979 743 3055 vientes
757 2978 830 3054 hoc
845 2976 966 3053 fucere
982 2975 1204 3068 noluerunt,
1221 2994 1258 3052 et
1272 2992 1365 3052 tunc
1382 2976 1472 3053 dicti
1492 2975 1640 3068 iratres,
1656 2976 1816 3055 ulterius
1829 2993 2029 3082 transeun-

600 3126 656 3187 tes
676 3138 761 3187 cum
783 3107 864 3185 aliis
884 3090 1012 3185 secum
1033 3107 1269 3196 coadunatis,
1292 3106 1382 3184 dicti
1403 3107 1551 3215 stangni
1575 3106 1800 3217 chauceyam
1818 3128 2028 3216 ruppcrunt

601 3257 639 3316 et
657 3238 825 3317 bondam
844 3238 1060 3315 levaverunt
1080 3254 1117 3313 et
1136 3237 1374 3327 scinderunt,
1393 3255 1431 3313 et
1446 3237 1590 3315 dictum
1608 3257 1782 3317 nostrum
1798 3241 2029 3345 pennoncel·

601 3369 682 3447 lum
702 3370 751 3447 ad
773 3386 912 3447 terrem
936 3369 1192 3476 projecerunt,
1214 3395 1290 3445 non
1316 3367 1489 3445 obstante.
1512 3370 1705 3475 presencia
1730 3370 1919 3448 dictorum
1941 3396 2029 3449 nos·

599 3514 745 3580 trorum
765 3500 992 3579 servientum
1014 3518 1052 3577 et
1072 3526 1204 3577 eorum
1224 3498 1568 3606 prohibicionibus3
1592 3517 1630 3577 et
1647 3500 1753 3607 quod
1774 3502 1842 3607 ipsi
1864 3502 2028 3579 servien-

599 3650 655 3711 tes
679 3632 799 3710 dietos
822 3631 954 3710 [ratres
973 3660 1039 3710 ore
1059 3649 1098 3708 et
1116 3659 1230 3709 manu
1252 3648 1434 3736 ceperunt
1454 3648 1492 3709 et
1510 3649 1804 3721 arrestaverunt,
1827 3650 1864 3709 et
1884 3634 2028 3711 dictum

603 3764 803 3871 Hugonem
825 3762 1001 3868 Philippo
1017 3762 1065 3838 de
1084 3763 1240 3851 Verere,
1258 3761 1387 3853 militi,
1406 3778 1444 3837 et
1457 3760 1652 3840 Guilelmo
1672 3762 1748 3839 dou
1770 3762 1890 3849 binni,
1909 3762 2029 3839 domi·

602 3891 977 3984 cello,‚tradiderunt
997 3907 1247 3980 arrestatum,
1262 3892 1310 3969 ed
1330 3891 1623 3969 custodiendum
1647 3920 1697 3967 ne
1717 3892 1756 3968 in
1779 3890 1907 3997 aliquo
1931 3892 2030 3969 loro-

580 4022 755 4111 jsaceret,
778 4041 816 4100 et
838 4023 944 4131 quod
973 4022 1196 4129 generaliter
1215 4020 1395 4101 omnibus
1419 4022 1501 4101 aliis
1519 4040 1785 4131 preceperunt,
1804 4039 1849 4099 ut
1872 4023 1912 4098 in
1930 4042 2028 4103 statu

603 4157 641 4232 in
660 4176 738 4262 quo
758 4171 864 4232 erant
882 4172 973 4231 tunc
997 4155 1095 4232 irent
1114 4154 1217 4262 apud
1230 4155 1436 4233 Lodunum
1456 4155 1570 4263 capti,
1595 4172 1633 4233 et
1650 4184 1720 4263 pro
1736 4156 1946 4234 excessibus
1960 4186 2029 4263 per

603 4315 668 4364 eos
688 4286 896 4365 commissis
916 4314 955 4365 se
976 4287 1181 4365 redderent
1204 4284 1257 4365 ibi
1282 4304 1425 4394 captos,
1456 4305 1494 4364 et
1519 4286 1623 4393 quod
1647 4288 1789 4378 statim,
1819 4287 1892 4365 hoc
1912 4286 2025 4377 facto,

602 4418 671 4527 ipsi
694 4416 914 4526 injuriantes
932 4418 1080 4496 iverunt
1103 4420 1151 4495 ad
1178 4417 1280 4495 aliud
1299 4436 1500 4527 stangnum
1521 4420 1611 4496 dicti
1631 4420 1819 4499 Guidonis
1838 4420 2026 4510 Oudardi,

604 4566 640 4628 et
656 4550 702 4626 ad
716 4548 909 4657 quoddam
924 4550 1187 4628 molendinum
1203 4549 1304 4629 dicto
1322 4566 1480 4658 stangno
1494 4552 1702 4657 pertinens,
1719 4568 1757 4629 et
1772 4552 1821 4639 ad
1834 4552 2028 4659 quoddam

602 4681 705 4761 aliud
732 4680 1000 4760 molendinum
1024 4681 1073 4759 ad
1093 4699 1248 4760 ventum
1274 4682 1364 4760 dicti
1385 4682 1588 4785 Gnidonis,
1616 4684 1725 4790 cujus
1749 4684 1893 4791 stangni
1915 4684 2030 4762 chau-

601 4843 729 4923 ceyam
752 4832 790 4891 et
806 4813 905 4893 dicta
928 4811 1006 4893 duo
1028 4812 1246 4891 molendina
1267 4814 1336 4921 ipsi
1359 4813 1641 4903 destruxerunt,
1661 4813 1900 4923 presentibus
1919 4815 2029 4893 dictis

603 4946 739 5025 nostris
766 4946 1092 5035 servientibus-et
1121 4944 1391 5052 pennoncellos
1421 4962 1569 5023 nostros
1599 4945 1639 5021 in
1662 4944 1773 5023 dictis
1798 4946 1963 5054 stangnis
1991 4963 2030 5025 et

603 5076 830 5157 molendinis
853 5078 996 5185 positos
1025 5078 1167 5155 eisdem
1189 5076 1481 5155 ostendentibus
1507 5094 1545 5153 et
1568 5076 1860 5184 prohibentibus
1883 5093 1923 5153 et
1945 5102 2029 5182 pre-

604 5210 829 5317 cipientibus
848 5211 918 5299 eis,
938 5226 981 5287 ut
996 5237 1105 5315 supra
1123 5208 1306 5301 fecerent,
1328 5224 1413 5316 post
1432 5210 1504 5287 hec
1523 5209 1772 5287 incontinenti
1794 5208 1881 5285 dicti
1897 5207 2029 5285 fratres

604 5357 799 5421 eteorum
828 5341 1029 5449 complices
1054 5339 1202 5419 iverunt
1226 5339 1275 5418 ad
1298 5341 1489 5449 grangiam
1517 5340 1605 5417 dicti
1630 5338 1819 5419 Guidonis
1838 5338 2025 5424 Oudardi,

605 5470 780 5579 dicteque
808 5474 960 5582 grangie
984 5490 1127 5579 portem
1154 5458 1478 5579 discooperierunt
1503 5489 1541 5548 et
1566 5474 1648 5580 ejus
1667 5490 1810 5577 partem
1835 5471 2028 5547 destruxe-

1874 5620 1921 5687 st.
