5817 7292
865 1105 936 1176 516
1347 1115 1349 1174 ζ
1443 1098 1533 1171 tus
1563 1095 1704 1170 0LlM.

629 1257 759 1314 rernm
778 1251 823 1312 tv,
854 1245 965 1322 eurio
981 1260 1122 1332 nostre,
1140 1240 1250 1327 laeta,
1269 1240 1343 1320 visa
1364 1257 1402 1318 at
1417 1239 1619 1346 diligenter
1637 1237 1858 1326 examinata,
1877 1265 1945 1345 per
1962 1237 2066 1314 curie
2083 1255 2207 1318 nostre
2222 1242 2287 1349 ju-

644 1349 648 1356 '
700 1346 763 1391 1³10.

751 5011 753 5016 ,
861 4911 967 4994 sacta.

863 1375 1005 1454 dicium
1021 1375 1162 1451 dictum
1181 1371 1252 1449 luit
1271 1372 1378 1478 quod
1388 1371 1485 1466 dicta
1498 1371 1669 1448 lobanna
1679 1366 1900 1475 aequittabit
1908 1384 1946 1445 et
1955 1369 2198 1474 garantirabit
2208 1401 2287 1478 pre·
2423 1458 2430 1464 ,

862 1508 1012 1596 dictam,
1025 1507 1269 1613 Margaretam
1283 1505 1329 1580 de
1343 1503 1610 1610 Pinquigniaco
1624 1530 1709 1609 erga
1726 1502 1864 1580 dietam
1878 1500 2121 1582 domicellam
2130 1505 2288 1583 Mariam

861 1640 907 1716 de
930 1637 1082 1721 duobus
1104 1634 1272 1712 millibus
1290 1651 1329 1710 et
1348 1632 1562 1740 octingintis
1581 1631 1689 1708 libris
1704 1631 1977 1711 Parisiensibus
1994 1633 2229 1739 supradietis.

914 1769 1110 1848 Dominioa
1135 1783 1220 1873 post
1239 1765 1388 1844 octabas
1408 1765 1627 1844 Caudelose.

917 1901 1023 1980 Croci
1043 1897 1263 2005 reportavit..
1373 1936 1386 1947 2·
1426 1975 1429 1996 .

916 2167 1008 2245 XIV.
1039 2165 1137 2243 Cum
1157 2181 1286 2274 gentes
1307 2165 1454 2240 comitis
1474 2162 1811 2278 Claromontensis,
1829 2162 2080 2270 justiclando,
2100 2163 2284 2269 cepissent

863 2297 1067 2407 quemdam
1087 2297 1282 2373 hominem
1306 2295 1346 2371 in
1367 2293 1531 2401 quodam
1557 2293 1642 2371 loco
1667 2292 1805 2399 inquo
1826 2293 2039 2399 Stephanus
2062 2292 2110 2368 de
2130 2292 2284 2370 Sancto-

862 2432 986 2537 Lup0,
1003 2427 1128 2519 miles,
1146 2425 1237 2503 dicit
1252 2453 1291 2502 se
1305 2424 1569 2502 omnimodam
1583 2423 1697 2500 altam
1713 2441 1752 2500 et
1765 2423 2110 2530 bassam-justiciam
2124 2423 2282 2510 babere,

861 2561 983 2666 priore
1005 2575 1042 2635 et
1061 2573 1245 2634 conventu
1259 2554 1495 2660 Sancti—Lupi
1512 2554 1735 2632 deSereuto
1750 2583 1792 2631 se
1807 2553 1845 2631 in
1858 2553 2079 2661 hujusmodi
2091 2581 2284 2660 opponen-

860 2690 972 2778 tibus,
987 2705 1025 2765 et
1040 2687 1140 2764 dicto
1156 2687 1240 2764 loco
1260 2685 1429 2764 resaisito
1450 2702 1488 2762 et
1506 2684 1726 2792 hujusmodi
1745 2686 1857 2790 prisia
1875 2685 1925 2762 ad
1944 2714 2099 2762 manum
2119 2701 2284 2762 nostram

860 2837 1035 2926 tanquam
1062 2816 1265 2924 superioris
1282 2817 1418 2922 posita,
1442 2832 1599 2922 propter
1616 2816 1794 2892 debatum
1814 2834 1851 2894 et
1868 2817 2152 2923 opposicionem
2172 2815 2286 2892 dicto

861 2979 944 3028 rum
957 2949 1119 3040 comitis,
1133 2949 1262 3026 militis
1273 2965 1311 3024 et
1324 2947 1590 3056 religiosorum
1600 2975 1643 3024 ac
1653 2946 1851 3026 Guillelmi
1862 2948 2043 3038 Tiboudi,
2055 2965 2148 3026 tunc
2158 2945 2282 3026 ballivi

862 3078 1146 3160 silvanectensis
1173 3109 1241 3185 pro
1264 3078 1392 3166 nobis,
1421 3077 1594 3167 tandem,
1614 3078 1827 3185 inquestam
1848 3081 2052 3186 quamdam
2072 3107 2186 3186 super
2211 3079 2284 3154 hoc

861 3211 1012 3301 lacum,
1034 3228 1217 3318 quantum
1233 3210 1282 3287 ad
1296 3210 1494 3316 religiosos
1509 3228 1547 3287 et
1561 3209 1721 3288 militem
1738 3211 1944 3316 predictos,
1961 3211 2065 3287 idem
2080 3209 2191 3288 miles
2207 3207 2285 3284 ins·

861 3361 983 3422 tenter
996 3342 1112 3418 videri
1125 3357 1271 3446 peteret
1282 3359 1319 3419 et
1329 3341 1509 3449 judicari,
1525 3341 1692 3448 dictique
1703 3343 1849 3420 comitis
1860 3341 2085 3450 gentibusse
2100 3370 2140 3416 rn
2153 3337 2285 3445 hujus-

861 3473 966 3550 modi
992 3471 1289 3580 0pp0nentibus,
1312 3471 1434 3550 dictus
1454 3472 1565 3549 miles
1580 3473 1835 3579 proposuisset
1853 3471 1957 3578 quod
1982 3471 2105 3548 dictus
2126 3469 2282 3550 Guillel-

863 3633 960 3693 mus,
982 3621 1073 3682 tune
1086 3601 1244 3680 ballivus
1261 3601 1563 3692 silvanectensis,
1579 3633 1650 3712 pro
1667 3604 1792 3693 nobis,
1808 3621 1846 3681 et
1860 3622 1989 3710 gentes
2004 3603 2096 3681 dieti
2116 3601 2281 3690 comitis,

862 3765 932 3842 pro
963 3736 1066 3842 ipso,
1081 3789 1084 3797 .
1098 3733 1410 3814 eoncordaverant
1438 3736 1544 3843 quod
1567 3738 1640 3842 ipsi
1671 3736 1962 3843 supersederent
1985 3764 2100 3842 super
2129 3735 2217 3823 boc,
2245 3750 2285 3811 et

810 3857 814 3865 ’
863 3862 1125 3974 permitterent
1143 3865 1287 3948 dictum
1303 3866 1466 3947 militem
1483 3884 1610 3947 contra
1626 3868 1746 3946 diotos
1758 3867 1954 3974 religiosos
1966 3865 2067 3944 solos
2084 3893 2198 3972 super
2214 3866 2287 3942 boc

861 3998 1026 4106 litigare,
1041 3997 1184 4105 quibus
1196 3997 1354 4085 auditis,
1371 4027 1485 4104 super
1502 3999 1722 4106 hujusmodi
1739 3998 1957 4090 eoncordia,
1975 3997 2166 4074 mandavit
2185 3997 2286 4074 curia

863 4146 1004 4215 nostra,
1028 4129 1196 4234 partibus
1214 4127 1367 4219 voeatis,
1388 4131 1583 4208 veritatem
1611 4131 1774 4238 inquiri:
1798 4130 1884 4209 Visa
1903 4130 2018 4238 igitur
2035 4131 2207 4234 inquesta
2225 4155 2286 4205 su-

862 4287 929 4366 per
961 4259 1057 4337 dicta
1085 4260 1284 4338 concordia
1315 4288 1382 4366 per
1415 4261 1560 4349 dictum
1591 4261 1752 4341 militem
1783 4260 1991 4367 proposita,
2028 4259 2286 4338 demandato

863 4407 993 4468 nostro
1022 4389 1133 4481 laeta,
1161 4418 1229 4497 per
1257 4395 1358 4468 curie
1389 4408 1514 4470 nostre
1537 4391 1743 4500 judicium,
1768 4392 1913 4470 dictum
1936 4390 2007 4468 fuit
2034 4391 2140 4499 quod
2164 4391 2286 4470 dictus

847 4549 994 4616 ¹comes
1004 4520 1341 4615 Claromontensis,
1358 4551 1427 4630 pro
1445 4552 1503 4612 se,
1522 4551 1563 4600 ac
1577 4523 1737 4604 ballivus
1752 4522 2056 4611 silvanectensis,
2073 4551 2142 4629 pro
2158 4522 2283 4608 nobis,

852 4661 976 4758 'super
991 4652 1065 4731 hoc
1081 4650 1283 4732 audientur
1300 4652 1340 4732 in
1360 4653 1592 4760 parlamento
1605 4654 1786 4760 presenti,
1801 4653 1833 4732 si
1847 4654 2031 4761 perierint
2045 4653 2167 4732 audiri
2182 4669 2284 4729 ante—

863 4801 976 4890 quam·
996 4783 1188 4891 judicetur
1209 4783 1380 4892 inquesta
1400 4786 1566 4893 predicta
1590 4785 1690 4866 inter
1704 4786 1831 4864 dictos
1849 4785 2009 4862 militem
2030 4803 2067 4863 et
2091 4783 2284 4892 religiosos

917 5047 960 5123 ln
977 5044 1074 5124 festo
1092 4991 1280 5128 Cathedre
1301 5053 1417 5128 sancti
1436 4987 1548 5128 Petri.

916 5312 993 5389 XV.
1025 5310 1121 5390 Cum
1149 5314 1357 5400 lohannes,
1379 5312 1583 5404 aurifaber,
1605 5344 1626 5390 a
1645 5316 1838 5424 preposito
1867 5256 2000 5392 nostro
2014 5311 2284 5392 ¹silvanectensi

860 5459 1006 5547 peteret
1025 5447 1213 5552 quandam
1233 5444 1394 5522 bonrum
1407 5445 1561 5553 ,sigillo
1583 5445 1736 5525 belline
1756 5444 2040 5526 silvanectensis
2065 5442 2282 5552 sigillatam,
