5817 7292
756 1074 760 1082 ’
852 1112 899 1183 va
1229 1112 1234 1123 ·
1432 1111 1521 1186 aas
1551 1111 1690 1188 otvu.

625 1259 756 1315 reversas
768 1258 813 1322 tv,
851 1280 913 1329 eas
929 1253 1148 1351 lacerando,
1166 1255 1347 1363 plurimas
1367 1255 1538 1365 injurias,
1557 1255 1713 1334 verbera
1730 1274 1769 1333 et
1783 1256 1855 1333 alia
1871 1259 2083 1365 gravamina
2100 1260 2277 1340 intulerat

689 1354 750 1395 ml
852 1383 994 1476 eidem,
1017 1403 1056 1465 et
1076 1389 1201 1493 ipsum
1222 1404 1412 1466 amoverat
1430 1415 1450 1464 a
1467 1387 1622 1465 servicio
1641 1416 1711 1466 suo
1731 1388 1920 1494 predicto,
1945 1408 1984 1467 et
2000 1390 2048 1466 ad
2066 1391 2185 1496 ipsius
2198 1420 2276 1470 ser·

850 1514 984 1593 viantis
995 1517 1212 1594 instanciam
1232 1546 1274 1594 ac
1287 1546 1330 1595 ex
1343 1517 1468 1596 officio
1480 1534 1611 1597 nostro
1626 1517 1922 1609 mandassemus,
1936 1519 2105 1625 partibus
2121 1524 2275 1611 vocatis,

850 1646 991 1753 inquiri
1020 1676 1133 1753 super
1160 1648 1232 1724 hoc
1262 1648 1488 1726 veritatem:
1515 1647 1688 1724 Tandem
1710 1648 1898 1755 inquesta,
1931 1679 2044 1756 super
2071 1652 2144 1729 hoc
2162 1652 2274 1743 facta,

850 1778 925 1855 visa
945 1794 983 1855 et
1003 1779 1204 1885 diligenter
1224 1779 1450 1869 examinata,
1467 1806 1536 1884 per
1550 1778 1653 1854 curie
1668 1797 1795 1857 nostre
1811 1781 2020 1890 judicium,
2042 1782 2187 1860 dictum
2206 1783 2279 1860 fuit

851 1909 956 2014 quod
972 1908 1093 1987 dictus
1108 1910 1271 1987 serviens
1284 1908 1523 2017 recuperabit
1536 1907 1732 1986 servicium
1747 1938 1858 1988 suum
1873 1913 2102 2019 predictum,
2119 1931 2158 1990 et
2174 1914 2278 2020 quod

852 2040 900 2116 de
917 2041 998 2148 ejus
1009 2042 1298 2149 recuperacione
1313 2041 1471 2119 ballivus
1485 2040 1682 2116 Trecensis
1697 2040 1801 2119 dabit
1817 2042 1940 2119 eidem
1956 2043 2099 2121 litteras
2113 2072 2199 2121 suas
2214 2073 2278 2151 pa-

851 2187 989 2262 tentes,
1016 2190 1054 2249 et
1071 2172 1177 2279 quod
1199 2173 1320 2250 dictus
1336 2172 1508 2253 Galterus
1528 2170 1576 2247 de
1595 2172 1705 2248 Porta
1723 2173 1842 2251 solvet
1860 2172 1971 2253 nobis
1985 2175 2277 2281 quadringentas

852 2301 967 2381 libras
978 2305 1219 2382 Turonenses
1230 2334 1298 2412 pro
1315 2305 1474 2382 emenda
1487 2301 1761 2409 predictorum,
1778 2323 1816 2384 et
1826 2307 1928 2383 dicto
1938 2306 2112 2385 servienti
2125 2322 2275 2382 centum

852 2432 964 2512 libras
983 2437 1240 2524 Turonenses,
1263 2465 1331 2543 pro
1354 2434 1494 2545 injuria
1513 2450 1551 2510 ct
1574 2433 1747 2541 dampnis
1768 2436 1839 2513 sibi
1860 2466 1928 2544 per
1950 2437 2127 2515 eumdem
2149 2436 2274 2513 illatis.

908 2565 1066 2645 Veneris
1084 2566 1262 2672 predicta.

908 2696 1015 2775 Divio
1036 2698 1247 2803 reportavit.

907 2960 1065 3036 XXXIX.
1098 2958 1196 3039 Cum
1212 2988 1232 3037 a
1247 2958 1413 3068 quodam
1422 2960 1591 3071 judicato
1601 2990 1670 3069 per
1681 2958 1862 3041 ballivum
1877 2960 2177 3043 Cenomanensis
2187 2960 2279 3068 epis

852 3090 933 3196 copi
956 3090 1047 3179 lato,
1073 3119 1141 3198 pro
1163 3091 1345 3171 Gaulrido
1365 3092 1400 3169 le
1421 3093 1546 3173 Vallet
1565 3110 1693 3171 contra
1712 3095 1925 3173 lohanne'm
1945 3095 2104 3200 Dyerre,
2126 3092 2166 3168 in
2185 3120 2279 3199 qua-

853 3222 940 3297 dam
973 3249 1080 3298 causa
1114 3249 1188 3329 quc
1223 3251 1335 3331 super
1369 3222 1658 3328 recuperacione
1687 3224 1938 3329 quarumdam
1971 3250 2100 3299 rerum
2128 3218 2280 3313 her'edi-

851 3350 1030 3427 tariarum
1053 3380 1177 3429 coram
1199 3351 1299 3429 dicto
1323 3350 1461 3429 ballivo
1484 3352 1697 3429 vertebatur
1720 3353 1821 3429 inter
1845 3366 1970 3459 partes
1986 3350 2188 3458 predictam
2210 3350 2276 3458 qui

851 3481 1010 3562 ballivus
1031 3483 1291 3591 pronunciavit
1312 3484 1351 3560 in
1370 3512 1479 3561 causa
1497 3482 1715 3592 hujusmodi
1731 3482 2018 3592 procedendum
2037 3510 2116 3559 esse
2136 3508 2204 3587 per
2217 3511 2277 3558 re·

852 3614 1069 3720 cepcionem
1086 3614 1291 3722 juramenti
1317 3631 1355 3691 et
1375 3614 1668 3721 probaciouum,
1691 3614 1814 3691 dictus
1829 3614 2036 3701 lohannes,
2055 3630 2235 3719 tanquam
2255 3641 2276 3688 a

851 3745 944 3825 falso
965 3764 1003 3824 et
1021 3774 1151 3855 pravo,
1174 3746 1222 3823 ad
1240 3764 1407 3824 nostram
1428 3745 1570 3824 curiam
1587 3746 1828 3854 appellasset,
1850 3764 1889 3823 et
1904 3746 1944 3822 in
1964 3772 2073 3822 eausa
2093 3744 2191 3821 dicte
2213 3772 2277 3851 ap-

851 3877 1087 3983 pellacionis,
1107 3876 1345 3985 superiectis
1367 3878 1413 3955 ab
1436 3878 1527 3985 ipsis
1540 3877 1710 3983 partibus
1729 3878 1769 3953 in
1789 3895 1917 3955 nostra
1936 3877 2038 3955 curia
2058 3875 2275 3984 propositis,

850 4006 1068 4087 fecissemus
1085 4009 1277 4087 veritatem
1295 4010 1436 4116 inquiri
1454 4043 1463 4087 ε
1479 4009 1666 4101 Tandem,
1683 4009 1769 4087 visis
1788 4026 1825 4085 et
1842 4008 2042 4115 diligenter
2061 4006 2279 4085 examinatis

850 4158 926 4219 tam
944 4144 1117 4250 inquesta
1136 4172 1250 4250 quam
1270 4142 1507 4249 processibus
1525 4140 1702 4219 omnibus
1714 4139 1928 4229 antedictis,
1943 4166 2011 4245 per
2030 4138 2132 4215 curie
2150 4154 2277 4215 nostre

846 4272 1050 4377 judicium,
1068 4275 1212 4352 dictum
1231 4273 1303 4351 fuit
1319 4292 1357 4351 et
1375 4272 1667 4381 pronunciatum
1682 4270 1897 4378 predictum
1911 4269 2093 4346 ballivum
2107 4267 2208 4345 bene
2220 4266 2279 4375 ju·

853 4403 994 4481 dicasse
1016 4422 1054 4481 et
1072 4405 1215 4482 dictum
1232 4405 1445 4483 Johanuem
1461 4404 1558 4482 male
1577 4402 1798 4510 appellasse,
1816 4418 1855 4479 et
1869 4401 1976 4509 quod
1993 4401 2074 4507 ipse
2089 4400 2278 4478 lohannes

852 4532 927 4611 hoc
944 4552 1071 4611 nostre
1093 4536 1194 4612 curie
1216 4537 1444 4613 emendabit.

745 4646 749 4657 ’
906 4665 1064 4744 Veneris
1083 4664 1263 4771 predicta.

906 4796 1082 4903 Magister
1102 4795 1326 4873 Lambertus
1341 4794 1388 4872 de
1403 4796 1534 4903 Voyssi
1554 4798 1768 4904 reportavit.

906 5061 981 5136 XL.
1013 5060 1111 5138 Cum
1127 5059 1226 5138 inter
1239 5059 1393 5137 Petrum
1404 5054 1581 5149 Gillardi,
1597 5061 1714 5137 civem
1729 5056 1993 5143 Parisiensem,
2009 5077 2139 5129 exuna
2149 5068 2273 5157 parte,

851 5206 889 5269 et
916 5191 1158 5282 Oudardum,
1186 5188 1419 5299 draperium,
1449 5191 1567 5269 civem
1597 5192 1911 5270 Silvanectensem
1924 5248 1933 5276 ,
1947 5211 2004 5261 er
2031 5182 2122 5274 elia,
2149 5210 2276 5287 coram

849 5322 1118 5402 Silvanectensi
1149 5322 1341 5430 preposito
1367 5323 1516 5429 questio
1540 5340 1642 5401 mota
1667 5320 1800 5398 fuisset
1822 5344 1936 5424 super
1958 5340 2005 5391 eo
2025 5312 2133 5420 quod
2152 5312 2275 5390 dictus

848 5456 981 5535 Petrus
1003 5474 1132 5535 contra
1158 5455 1370 5562 predictum
1390 5454 1615 5536 Oudarvlum
1638 5451 1873 5560 proponebat
1896 5448 2002 5556 quod
2024 5446 2103 5552 ipse
2124 5448 2273 5535 Petrus,
