5817 7292
1034 1139 1299 1248 nuounrss
1325 1159 1390 1230 nr
1416 1139 1623 1232 ruocns.
1963 1159 2035 1234 stt

619 1319 773 1380 nuetm
790 1318 906 1406 prout
918 1300 1029 1378 nobis
1043 1329 1111 1379 sen
1120 1318 1248 1379 nostre
1261 1300 1365 1378 curie
1377 1299 1570 1378 videretur
1583 1299 1854 1378 ordinandumz
1868 1301 1952 1380 Visa
1971 1301 2263 1410 igi.t>s1um1v,

618 1451 682 1509 tur
700 1434 871 1540 inquesta
890 1459 1003 1539 super
1021 1432 1095 1508 boc
1114 1429 1225 1520 iacta,
1246 1432 1385 1510 vocatis
1409 1448 1447 1511 et
1465 1432 1603 1510 auditis
1630 1431 1740 1508 dictis
1763 1431 1982 1510 consuiibus
2002 1452 2039 1511 et
2138 1405 2202 1450 Μ’

619 1580 861 1668 procuratore
875 1579 1023 1650 nostro,
1043 1561 1348 1669 deposicionibus
1366 1562 1521 1641 testium
1541 1579 1579 1639 et
1596 1560 1793 1640 tenoribus
1813 1560 2041 1640 instrumen-

620 1712 747 1772 torum
772 1694 811 1770 in
837 1693 996 1771 modum
1021 1693 1261 1800 probacionis
1287 1695 1334 1771 ab
1354 1711 1514 1801 utraque
1535 1709 1640 1801 parte
1667 1694 1941 1802 productorum
1958 1695 2041 1800 pie-

517 1891 520 1897 .
622 1825 708 1903 nius
722 1823 939 1913 intellectis,
954 1850 1024 1931 per
1037 1825 1142 1902 curie
1156 1843 1285 1903 nostre
1295 1824 1500 1933 judicium,
1515 1825 1658 1901 dictum
1678 1821 1750 1900 suit
1762 1839 1800 1900 et
1816 1825 2042 1930 pronuncia·

620 1955 859 2032 tumdictnm
867 1954 1103 2032 consulatum
1114 1955 1493 2034 ibidemnondebere
1502 1979 1709 2044 remanere,
1722 1955 1872 2062 etquod
1884 1958 2041 2036 omnino

622 2086 880 2176 amovebitur,
900 2103 954 2175 et,
975 2085 1163 2192 peridem
1179 2085 1388 2194 judicium,
1409 2085 1675 2191 condempnati
1695 2083 1850 2163 feretum
1868 2085 2042 2166 homines

621 2215 720 2292 dicte
734 2213 822 2292 ville
842 2216 954 2294 nobis
972 2217 1012 2293 in
1028 2215 1203 2320 ducentis
1218 2215 1325 2294 libris
1339 2215 1643 2304 Turonensibns,
1667 2241 1737 2322 pro
1758 2217 1927 2294 emenda.

676 2345 875 2424 Dominica
888 2364 974 2454 post
991 2345 1143 2425 octabas
1155 2347 1306 2424 Pascbe.

676 2479 777 2584 Roya
796 2478 1010 2583 reportavit.

679 2738 785 2817 XCII.
816 2739 919 2816 Mota
938 2737 1138 2845 questione
1160 2739 1259 2814 inter
1273 2737 1448 2816 abbatem
1469 2754 1508 2814 et
1524 2755 1749 2816 conventum
1772 2741 2047 2820 Sancti-Bene-

624 2867 715 2945 dicti
734 2868 996 2956 Plorucensis,
1012 2895 1057 2945 er
1075 2896 1149 2946 una
1164 2885 1289 2973 parte,
1306 2883 1345 2944 et
1363 2885 1495 2975 gentes
1514 2885 1675 2959 nostras,
1693 2893 1736 2945 ex
1760 2870 1846 2959 alia,
1866 2899 1979 2978 super
1998 2900 2044 2949 eo

623 2999 728 3106 quod
751 2997 843 3075 dicti
862 2997 1027 3105 religiosi
1048 2997 1224 3076 dicebant
1243 2997 1365 3106 quod,
1383 2999 1473 3106 ipsis
1495 2997 1738 3078 existentibus
1753 3001 1792 3076 in
1812 3002 2045 3107 possessione

623 3130 855 3237 percipiendi
873 3131 1003 3207 omnia
1015 3129 1292 3219 emolumenta,
1307 3127 1498 3236 profectus
1514 3147 1552 3207 et
1564 3129 1857 3237 explectamenta
1872 3158 1915 3209 ac
1929 3131 2049 3210 bnan-

624 3259 696 3338 cias
719 3287 795 3367 qne
819 3259 999 3338 dominus
1021 3259 1216 3366 percipere
1242 3276 1366 3366 potest
1383 3261 1424 3335 in
1445 3259 1572 3338 dumis
1593 3260 1696 3338 curie
1713 3257 1763 3337 de
1783 3262 2045 3370 Marrigniacn,

623 3391 803 3498 quociens
821 3389 913 3468 dicti
928 3390 1036 3468 dumi
1054 3389 1197 3468 venditi
1216 3387 1371 3467 inerunt
1389 3389 1448 3466 uel
1463 3389 1555 3466 alias
1568 3389 1817 3496 pecunialiter
1834 3393 2046 3499 explectati,

623 3521 846 3629 quiquidem
861 3520 969 3598 dumi
986 3538 1075 3598 sum
1093 3520 1171 3610 siti,
1190 3536 1305 3626 prout
1317 3537 1463 3598 constat
1485 3546 1555 3626 per
1573 3521 1833 3600 ostentionem
1846 3521 1980 3600 saetam
2002 3521 2048 3600 de

624 3653 783 3742 eisdem,
796 3653 896 3731 inter
907 3653 1130 3730 cbeminum
1144 3679 1214 3757 per
1223 3651 1331 3759 qnod
1343 3651 1420 3729 itur
1431 3649 1481 3728 de
1496 3645 1671 3731 bortiaco
1687 3654 1786 3760 apud
1804 3653 2046 3742 Molinetum,
2108 3745 2110 3749 ι

624 3782 664 3862 in
684 3801 789 3889 parte
809 3784 1012 3891 superiori,
1034 3783 1163 3861 eundo
1177 3810 1306 3860 versus
1325 3783 1465 3860 dictam
1480 3783 1642 3870 curiam,
1664 3799 1864 3887 essentque
1884 3783 1976 3860 dieti
1991 3805 2051 3860 re-

626 3912 771 4022 ligiosi,
793 3930 837 3990 ut
854 3913 1047 4006 dicebant,
1063 3915 1103 3989 in
1121 3913 1358 4021 possessione
1378 3911 1526 3990 levandi
1543 3911 1722 3989 emendes
1740 3911 1788 3988 ab
1801 3909 1877 3988 iltis
1890 3913 1955 4017 qui
1973 3912 2051 3989 dic-

624 4061 685 4121 tos
696 4043 835 4121 dumos
843 4044 1097 4122 vendiderunt
1106 4043 1248 4150 sbsqm
1254 4041 1409 4121 licencia
1420 4040 1656 4129 eorumdem,
1671 4069 1713 4118 nc
1726 4041 1881 4119 tenendi
1892 4042 2048 4119 eosdem

627 4174 765 4251 dumos
782 4173 926 4252 liberos
948 4201 971 4251 s
994 4175 1165 4284 grungio,
1187 4173 1308 4251 Adam
1330 4173 1455 4251 dictus
1480 4171 1759 4260 Chaos-liene,
1779 4171 1889 4249 miles
1909 4189 2047 4260 noster,

626 4303 844 4382 foreunrius
859 4305 1160 4399 Cbnumontesii,
1178 4305 1333 4381 nomine
1353 4321 1500 4391 nostro,
1523 4329 1588 4380 eos
1606 4301 1837 4408 impediebat
1852 4302 1890 4378 in
1906 4329 2052 4409 posses-

627 4436 734 4513 sione
752 4464 820 4513 sua
834 4435 1002 4541 predicta
1021 4434 1191 4512 indebite
1209 4452 1250 4512 et
1262 4435 1423 4541 injuste,
1444 4432 1547 4511 dicto
1568 4432 1686 4511 Adam
1706 4434 1934 4511 contrarium
1955 4463 2053 4512 asse·

519 4661 524 4677 Ι
629 4583 753 4644 rente:
767 4565 950 4673 Inquisito
964 4566 1082 4675 igitur
1089 4565 1140 4644 de
1154 4564 1363 4672 premissis,
1379 4563 1619 4642 demandato
1633 4581 1780 4654 nostro,
1792 4563 1867 4642 visa
1881 4567 2052 4672 inquesta

629 4714 668 4776 et
683 4697 884 4806 diiigenter
901 4697 1124 4786 examinata,
1142 4722 1209 4804 per
1227 4698 1332 4775 curie
1353 4715 1481 4775 nosue
1492 4697 1700 4806 judicium,
1724 4697 1867 4775 dictum
1885 4697 1956 4774 suit
1970 4725 2053 4802 pre·

629 4829 774 4907 dictum
788 4829 1106 4936 impedimentum
1122 4855 1205 4908 essa
1224 4827 1486 4906 amovendum.

685 4960 884 5038 Dominica
899 4959 1081 5066 predicta.

686 5091 793 5170 Greci
809 5091 1020 5197 reportavit.

687 5353 809 5432 xcttt.
839 5355 942 5431 Mota
956 5353 1154 5460 questione
1174 5353 1274 5431 inter
1291 5351 1465 5431 abbatem
1488 5369 1526 5430 et
1544 5370 1771 5432 conventum
1793 5354 2055 5432 Sancti-Bene-

634 5481 723 5558 dicti
743 5483 1005 5571 Floriacensis,
1023 5513 1066 5562 er
1084 5513 1162 5562 una
1185 5500 1309 5592 parte,
1327 5502 1365 5561 et
1383 5501 1516 5590 gentes
1537 5502 1698 5572 nostras,
1722 5511 1765 5560 ex
1785 5482 1919 5570 alters,
1941 5507 2055 5584 super

1876 5645 1924 5711 bd.
