5817 7292
1017 1086 1284 1193 anconrns
1312 1104 1374 1175 nr.
1400 1087 1607 1175 esoces.
1951 1102 2017 1177 mr

660 1246 788 1326 Martis
808 1263 895 1355 post
911 1246 1175 1327 Reminiscere.
1522 1254 1529 1259 '

661 1382 827 1458 Cortona
840 1379 1052 1486 reportavit.

658 1510 871 1589 Senescallo
886 1508 1190 1590 Carcassonensit
1205 1509 1263 1588 Ad
1278 1504 1567 1615 requisicionem
1581 1504 1709 1583 dilecti
1727 1521 1766 1582 et
1777 1504 1903 1583 fidelis
1914 1510 2023 1584 amici

601 1642 719 1719 nostri
739 1643 780 1719 B.
808 1642 971 1749 episcopi
991 1640 1215 1730 Tusculani,
1238 1641 1461 1717 mandamus
1479 1639 1586 1717 vobis
1609 1637 1790 1743 quatinus
1818 1637 2022 1744 pariagium

600 1770 741 1851 factum
749 1773 940 1861 internos,
955 1800 997 1849 ex
1010 1798 1084 1850 una
1097 1790 1218 1877 parte,
1233 1771 1492 1851 etDeodatum
1504 1768 1744 1856 debociacis,
1759 1767 2022 1862 domicellum,

602 1930 645 1979 ex
657 1904 744 1992 alia,
766 1921 881 2011 prout
895 1903 1081 1981 contineri
1095 1902 1270 1981 videbitis
1290 1904 1328 1979 in
1343 1903 1478 1980 litteris
1495 1900 1633 1979 nostris
1652 1926 1767 2006 super
1781 1897 1915 1975 eodem
1935 1928 2025 1978 con-

599 2031 721 2125 fectis,
742 2034 864 2111 teneri
888 2051 928 2111 et
948 2033 1133 2111 observari
1156 2032 1316 2122 faciatis,
1342 2060 1418 2110 non
1447 2034 1617 2111 obstante
1642 2028 1838 2136 privilegio
1858 2030 2024 2135 quodam

600 2190 726 2270 nuper
747 2192 768 2240 a
792 2162 901 2243 nobis
921 2163 969 2240 ad
987 2164 1208 2241 instanciam
1231 2164 1487 2270 quorumdam
1507 2158 1817 2239 hominumville
1835 2159 2025 2240 Pedii-Sa·

599 2290 732 2373 liconis
743 2294 917 2385 obtento,
936 2322 1023 2373 cum
1039 2295 1153 2385 illud,
1172 2324 1240 2401 per
1253 2296 1357 2373 curie
1372 2311 1499 2375 nostre
1511 2292 1716 2402 judicium,
1733 2291 1774 2386 in
1789 2290 2024 2397 parlamento

597 2424 761 2533 presenti
774 2424 890 2505 luerit
903 2427 1070 2504 totaliter
1089 2426 1338 2508 annullatum.
1354 2427 1467 2514 Item,
1486 2425 1711 2501 mandamus
1726 2420 2025 2530 uobis'quetinus

597 2556 684 2637 illos
701 2556 929 2635 habitatores
948 2557 1047 2635 dicte
1068 2557 1171 2645 ville,
1192 2558 1258 2664 qui
1275 2584 1352 2635 non
1367 2552 1916 2658 consenseruntimpctracioni
1932 2557 2022 2635 dict'i

596 2686 780 2794 privilegii
795 2714 865 2764 nec
880 2688 962 2794 ejus
978 2687 1253 2792 prosecucioni,
1268 2686 1316 2763 ad
1332 2686 1651 2765 contribuendum
1668 2683 1708 2759 in
1727 2683 1899 2789 expensis
1912 2715 2024 2793 prop-

597 2834 656 2894 ter
670 2818 744 2895 boc
762 2817 875 2897 lactis,
886 2846 962 2896 non
982 2819 1207 2925 permittatis
1222 2818 1413 2925 compelli,
1434 2836 1492 2908 et,
1509 2818 1539 2895 si
1556 2816 1681 2923 aliqua
1696 2812 1744 2892 da
1761 2812 1874 2893 bonis
1889 2822 2021 2896 eorum

595 2965 749 3056 propter
767 2948 840 3027 hoc
855 2950 932 3028 sint
949 2967 1073 3057 capta,
1095 2978 1139 3027 ea
1159 2950 1357 3028 deliberari
1379 2948 1518 3027 seriatis
1539 2946 1683 3026 eisdem
1698 2945 1841 3052 absque
1864 2948 2023 3029 difficul-

597 3096 673 3157 tate
692 3092 942 3187 quacumque.

651 3346 727 3421 xt.
759 3346 883 3451 Super
908 3372 953 3424 eo
981 3342 1084 3452 quod
1109 3360 1330 3450 procurator
1359 3341 1505 3421 domini
1534 3346 1645 3452 Regis
1668 3362 1706 3424 et
1732 3348 1908 3426 eonsules
1934 3342 2022 3426 ville

596 3475 834 3564 Chabaziaci,
850 3475 1004 3555 nomine
1020 3476 1236 3553 communie
1253 3476 1351 3553 dicte
1367 3474 1470 3566 ville,
1489 3475 1666 3555 dicebant
1684 3478 1788 3582 quod
1804 3479 2022 3586 quicunque

596 3604 734 3688 lecerat
751 3606 964 3714 burgariam
984 3606 1023 3682 in
1042 3604 1128 3683 villa
1144 3605 1363 3685 Chabaziaci
1379 3634 1446 3712 per
1463 3607 1621 3685 modum
1641 3607 1708 3714 qui
1722 3607 1904 3715 sequitur,
1920 3608 2023 3687 vide-

597 3734 682 3814 licet
700 3738 803 3843 quod
818 3737 998 3844 juraverit
1016 3736 1173 3814 obedire
1192 3736 1413 3814 consulibus
1433 3754 1470 3813 et
1487 3764 1631 3814 servare
1652 3736 1788 3814 statuta
1801 3738 1900 3814 dicte
1915 3739 2018 3831 ville,

518 3843 523 3853 ⁵
596 3894 746 3953 necnon
766 3868 1006 3945 contribuere
1022 3867 1136 3945 nlliis
1157 3885 1194 3944 et
1213 3868 1350 3945 assiriis
1366 3867 1556 3975 ejusdem,
1573 3896 1616 3944 ac
1635 3866 1827 3944 custodire
1845 3894 1913 3945 seu
1931 3894 2022 3944 con·

597 4024 743 4075 serrare
765 3997 829 4104 jus
849 3998 992 4077 domini
1013 3998 1139 4109 Regis,
1164 4016 1201 4076 et
1222 3998 1469 4076 residenciem
1493 3998 1613 4076 lacere
1638 3999 1676 4080 in
1701 3998 1801 4076 dicta
1824 3998 1909 4075 ville
1935 4024 2022 4077 cum

599 4156 716 4206 uxore
730 4157 812 4221 sua,
828 4130 986 4237 siquam
1002 4130 1131 4220 babet,
1148 4148 1200 4218 et,
1217 4131 1247 4207 si
1265 4158 1340 4207 non
1356 4130 1474 4208 babet
1486 4156 1661 4222 uxorem,
1677 4158 1765 4207 eum
1780 4129 1921 4207 familia
1938 4157 2020 4219 sua,

598 4259 638 4335 in
660 4276 821 4365 quatuor
839 4259 942 4339 festis
961 4262 1202 4350 annualibus,
1222 4262 1396 4340 videlicet
1413 4262 1455 4339 in
1472 4258 1609 4341 diebus
1627 4260 1831 4339 Natiuitatis
1849 4262 2020 4350 Domini,

598 4390 752 4483 Pascha,
769 4391 1034 4469 Penthecostes
1047 4408 1086 4470 et
1100 4393 1545 4481 Omnium-Sanctorum,
1564 4410 1601 4470 et
1619 4396 1673 4470 sie
1689 4390 1782 4470 faeta
1797 4391 2021 4481 residencia,
2059 4420 2062 4424 ’

598 4539 643 4599 ut
657 4521 799 4599 dictum
816 4541 887 4611 est,
905 4522 1083 4602 dominus
1100 4527 1177 4602 Rex
1198 4524 1415 4603 deffendere
1433 4526 1627 4603 consuevit
1639 4552 1819 4632 personas
1834 4524 2022 4601 dictorum

597 4653 844 4761 burgensium
865 4672 903 4733 et
929 4684 1063 4733 eorum
1082 4656 1183 4735 bona
1210 4657 1365 4736 mobilia
1392 4658 1612 4765 ubicunque
1639 4657 1816 4749 existant3
1846 4656 2022 4762 episcopo

597 4784 903 4865 Claromontensi
923 4814 964 4865 ex
989 4788 1146 4868 adverso
1170 4786 1318 4868 dicente
1342 4790 1462 4898 quod,
1486 4788 1583 4868 dicta
1607 4789 1783 4896 burgesia
1806 4805 1844 4865 et
1863 4802 2024 4896 quatuor

598 4915 747 4994 dierum
760 4918 1018 5025 predictorum
1032 4920 1238 4999 residenoia
1251 4950 1329 5000 non
1342 4922 1597 5012 obstantibus,
1610 4920 1690 5029 ipse
1703 4938 1741 4998 et
1755 4921 1814 4998 sui
1825 4920 2024 5028 predeces-

597 5074 700 5125 sores
717 5048 776 5127 usi
797 5067 940 5142 sunt,.a
954 5068 1059 5131 tanto
1072 5068 1246 5158 tempore
1262 5053 1369 5161 cujus
1384 5052 1566 5131 memon'a
1582 5080 1659 5131 non
1677 5052 1816 5142 existit,
1829 5052 2024 5160 justiciare

599 5197 637 5256 et
652 5178 859 5287 explectare
874 5210 1008 5260 omnes
1025 5184 1064 5259 in
1077 5184 1161 5261 nilla
1175 5185 1476 5264 Claromontensi
1491 5184 1549 5264 vel
1566 5182 1655 5264 alibi
1673 5186 1712 5261 in
1727 5184 1877 5292 justicia
1892 5200 1931 5259 et
1951 5184 2024 5259 dis-

599 5310 720 5399 trictu,
732 5314 848 5419 ipsius
867 5314 1030 5423 episcopi
1051 5320 1342 5407 commorantes,
1362 5316 1583 5425 ibidemque
1603 5316 1730 5395 locum
1752 5334 1790 5392 et
1809 5314 1935 5391 locum
1957 5315 2024 5389 ha-

600 5440 748 5533 bentes,
772 5434 1083 5555 domiciliumque
1107 5477 1218 5526 suum
1237 5466 1433 5529 tenentes·=
1451 5451 1537 5531 Visa
1557 5450 1728 5554 inquesta
1749 5472 1862 5550 super
1880 5446 1953 5520 hoc
1974 5442 2023 5518 de

2065 1254 2249 1320 l‘mcwasll',

2125 1348 2188 1391 two.
