5817 7292
875 1035 949 1118 ¹ltdd
1460 1039 1549 1115 tns
1575 1037 1718 1116 ΘΗΜ.

650 1200 778 1254 numm
792 1199 834 1264 tv,
873 1182 987 1264 uibus
1004 1181 1229 1270 intulerunt,
1247 1209 1314 1287 per
1333 1179 1436 1264 curie
1457 1197 1585 1259 nostre
1600 1176 1790 1288 judicium
1809 1191 1927 1260 tarsu
1943 1173 2034 1266 fuit,
2050 1207 2122 1284 pro
2137 1177 2246 1266 uobis
2259 1199 2299 1260 et

711 1292 771 1332 ¹³⁰²
874 1315 1185 1422 dicto-episcopo,
1202 1311 1370 1418 predicta
1387 1310 1548 1396 emenda
1568 1309 1617 1388 ed
1632 1309 1813 1392 ducentes
1827 1306 1941 1393 libres
1954 1303 2213 1400 Turotteuses¹
2228 1341 2297 1419 pro

873 1447 1083 1528 excessibus
1101 1443 1335 1550 supradictis.

928 1575 1125 1670 Domiuiee
1145 1604 1218 1681 qua
1239 1590 1407 1658 cantetur
1427 1571 1690 1656 Bemiuiscere.

929 1708 1035 1790 Greci
1055 1704 1267 1814 reportavit.

929 1971 1035 2048 LVII.
1067 1971 1183 2056 Cum,
1199 1968 1237 2048 in
1250 1966 1505 2074 parimento,
1521 1965 1627 2071 quod
1639 1963 1712 2047 suit
1728 1992 1827 2048 enno
1839 1966 1994 2047 Deretini
2007 1965 2216 2048 millesime
2225 1985 2300 2047 tre·

875 2081 1080 2182 centesimo
1100 2099 1279 2206 septimo,
1300 2114 1474 2204 gerentes
1492 2124 1532 2180 se
1551 2123 1621 2203 pro
1640 2096 1862 2182 consulibus
1883 2097 2038 2180 civitatis
2055 2099 2298 2180 Lemovioeu·

876 2232 941 2321 sis,
960 2260 1030 2337 pro
1051 2229 1226 2337 pluribus
1239 2227 1514 2310 inobedieuriis
1528 2243 1568 2305 et
1583 2227 2168 2334 excmibuspereesdemilhtis
2177 2229 2298 2336 judici

877 2381 914 2439 et
938 2362 1128 2470 preposito
1156 2359 1425 2437 communibus
1450 2357 1596 2442 domiui
1620 2359 1733 2467 Regis
1758 2376 1798 2438 et
1821 2358 1983 2466 episeopi
2007 2358 2296 2447 morinensis,

876 2493 977 2600 apud
1001 2491 1242 2569 Lemovicum
1264 2489 1493 2580 constitutis,
1511 2517 1580 2595 per
1599 2507 1785 2568 arrestum
1805 2490 1909 2570 euris
1928 2505 2072 2580 nostre,
2092 2490 2299 2597 condemp-

875 2623 952 2700 neti
979 2621 1139 2698 fuissent
1165 2620 1213 2697 ad
1234 2618 1461 2727 gagiandum
1490 2619 1706 2711 emendum,
1731 2620 1867 2736 stipsi
1893 2619 2101 2730 gugitssent
2118 2620 2297 2710 eandem,

874 2751 1081 2858 fuissetque
1105 2750 1260 2838 dictum,
1281 2777 1350 2855 per
1369 2747 1513 2827 curiam
1537 2767 1721 2840 nostram,
1742 2750 1847 2858 quod
1865 2751 2006 2829 texucio
2022 2751 2122 2828 dicte
2142 2751 2301 2829 ernende

877 2882 1091 2962 differretur
1111 2909 1310 2988 quousque
1339 2880 1492 2987 plenius
1515 2880 1648 2962 firiuu
1676 2881 1900 2987 inquisitum
1927 2899 1965 2959 et
1984 2881 2033 2962 ad
2052 2883 2195 2966 eutium
2216 2910 2303 2964 uos-

874 3031 969 3094 trem
991 3029 1223 3119 reportatum
1245 3011 1292 3092 de
1313 3010 1451 3100 modo,
1473 3011 1654 3117 qualitate
1680 3030 1719 3090 et
1741 3014 1949 3118 quantitate
1976 3041 2195 3096 excessuum
2218 3042 2304 3119 pre·

879 3145 1065 3226 dictorum
1092 3144 1140 3221 ad
1159 3142 1276 3222 finem
1302 3142 1453 3249 majoris
1475 3141 1533 3223 vel
1553 3143 1713 3225 minoris
1730 3143 1931 3228 texeeionis
1950 3143 2051 3227 dicte
2068 3145 2231 3228 emendo
2249 3143 2303 3224 fe-

878 3276 1010 3358 riende
1027 3306 1036 3350 ε
1052 3275 1241 3364 Tandem,
1264 3273 1437 3379 inquesta
1453 3274 1672 3378 superbos,
1694 3274 1865 3382 pertibus
1882 3273 2032 3364 sumtu.
2055 3273 2104 3354 de
2124 3273 2301 3356 mandute

878 3423 1006 3485 nostro
1026 3404 1119 3482 facts
1143 3405 1217 3484 visa
1247 3419 1285 3480 et
1303 3403 1504 3510 diligenter
1530 3405 1754 3492 examinate,
1781 3404 1871 3512 quis
1895 3405 2092 3486 inventum
2117 3421 2173 3485 est
2195 3405 2299 3484 suffi-

878 3537 1019 3620 cienter
1037 3535 1239 3641 probatum
1259 3533 1363 3641 quod
1380 3533 1469 3616 dicti
1489 3547 1663 3644 gerentes
1682 3561 1721 3617 se
1741 3533 2041 3640 proconsulibus
2059 3535 2159 3614 dicte
2178 3536 2302 3616 civite»

877 3667 940 3752 tis,
960 3667 1080 3774 judici
1102 3683 1140 3748 et
1159 3666 1352 3774 preposito
1372 3665 1640 3750 communibus
1657 3665 1852 3773 predictis,
1874 3665 1967 3748 dum
1982 3693 2096 3748 suum
2115 3664 2299 3755 officium,

877 3799 1098 3882 auctoritate
1119 3815 1263 3888 nostre,
1289 3825 1460 3879 exercere
1478 3795 1619 3880 vellent
1640 3795 1805 3886 ibidem,
1824 3790 2032 3880 uoluerunt
2045 3795 2220 3888 obedire,
2236 3825 2304 3904 per

876 3931 978 4011 curie
1002 3947 1128 4008 nostre
1151 3930 1339 4038 judicium
1360 3945 1481 4010 taxata
1500 3928 1574 4010 tuit
1597 3927 1895 4017 desumenda,
1917 3955 1987 4034 pro
2008 3927 2119 4012 uobis
2139 3945 2177 4010 et
2202 3927 2303 4008 dioto

877 4061 1068 4165 episcopo,
1088 4062 1134 4141 ad
1152 4059 1424 4169 quinquaginta
1443 4058 1558 4139 libras
1577 4061 1836 4149 hennenses,
1857 4087 1927 4168 pro
1945 4059 2158 4144 excessibus
2173 4087 2303 4167 stipes-

878 4189 998 4270 dictis.

931 4323 1130 4404 Dominica
1149 4323 1327 4430 predicte.

933 4453 1039 4534 Creci
1058 4456 1270 4560 reportavit.

934 4718 1056 4796 nvul.
1089 4719 1171 4799 Lite
1186 4736 1305 4809 mota,
1323 4748 1448 4802 eoram
1465 4721 1658 4828 preposito
1672 4720 1885 4808 Peducaei,
1903 4720 2003 4804 inter
2018 4721 2222 4804 Henrieum
2233 4720 2302 4798 La·

876 4847 1053 4930 thoniurn
1074 4847 1121 4930 de
1139 4848 1337 4932 Ateinville
1358 4869 1395 4934 st
1413 4853 1496 4961 ejus
1512 4850 1668 4944 liberos,
1690 4881 1734 4935 ex
1754 4880 1830 4933 une
1847 4832 1968 4958 pute,
1991 4869 2029 4929 et
2044 4848 2236 4932 deminum
2255 4848 2302 4928 de

877 4978 1089 5071 Ateiuviila‚
1104 4980 1272 5061 relictam
1289 4981 1457 5064 defuncti
1470 4983 1654 5067 Joheunis
1670 4984 1718 5068 de
1733 4983 1937 5080 lauduuo,
1950 4983 2145 5090 quondam
2156 4982 2303 5070 militie.

877 5126 914 5186 et
930 5110 1013 5217 ejus
1028 5110 1188 5199 liberos,
1206 5140 1250 5188 ex
1265 5113 1396 5204 altera,
1415 5142 1530 5221 super
1542 5142 1590 5196 ee
1603 5115 1711 5222 quod
1725 5114 1873 5196 dieebu
1884 5114 2006 5197 dictus
2020 5115 2220 5202 Hemicus,
2235 5141 2304 5222 pro

878 5239 956 5348 [se]
972 5257 1008 5324 et
1023 5240 1153 5324 liberis
1170 5243 1263 5335 suis,
1283 5273 1322 5322 se
1343 5245 1548 5352 spoliatum
1567 5246 1773 5353 aptedieto
1788 5246 1928 5337 utilite,
1943 5264 2113 5353 tempere
2131 5273 2208 5351 que
2224 5245 2303 5351 ipse

876 5372 1033 5464 vivebat,
1057 5391 1095 5452 et
1113 5374 1231 5457 eciam
1250 5404 1271 5452 e
1291 5375 1391 5458 diets
1411 5375 1581 5466 domina,
1604 5378 1652 5459 de
1672 5377 1899 5485 quibusdam
1917 5379 2044 5465 terris,
2065 5375 2242 5477 uidelicet
2254 5376 2302 5453 de
