5817 7292
1013 1059 1282 1168 auoutrns
1309 1079 1372 1148 nr
1400 1057 1608 1151 Procas.
1948 1078 2021 1154 aaa

599 1219 755 1297 vicarius
775 1218 1055 1327 Lugdunensis,
1079 1246 1147 1326 pro
1167 1217 1330 1325 capitulo
1352 1218 1615 1325 Lugdunensi,
1636 1216 1675 1293 in
1696 1216 1795 1293 dicta
1813 1249 1920 1298 causa
1937 1249 2023 1326 pro-
2056 1203 2186 1287 anaunia
2200 1233 2243 1294 tv,

599 1350 756 1439 cedens,
775 1349 1017 1426 deffinitivam
1035 1349 1281 1440 sentenciam,
1299 1378 1366 1455 pro
1382 1350 1483 1426 dicto
1496 1350 1673 1456 Hugone,
1691 1365 1819 1424 contra
1835 1350 2024 1455 predictos
2116 1332 2179 1372 ¹³⁰⁹‘

600 1480 731 1558 lratres
756 1481 923 1570 tulisset,
949 1482 1115 1587 dictique
1141 1480 1271 1558 fratres
1296 1481 1341 1558 ab
1363 1479 1584 1586 hujusmodi
1606 1461 1811 1569 sentencia,
1833 1496 2024 1586 tamquam

601 1612 648 1688 ab
675 1613 819 1719 iniqua,
843 1612 892 1688 ad
917 1612 1115 1689 dominum
1140 1613 1280 1719 Regem
1308 1611 1572 1716 appellassent,
1595 1627 1650 1698 et,
1677 1609 1725 1694 ad
1744 1610 2025 1716 procedendum

602 1745 640 1819 in
662 1743 760 1822 dicta
774 1742 1042 1850 appellacionis
1062 1771 1190 1830 causa,
1214 1743 1374 1848 ajomari
1396 1742 1572 1818 fecissent
1596 1741 1740 1820 dictum
1760 1742 1959 1848 Hugonem
1980 1742 2028 1817 ad

602 1873 703 1950 diem
719 1874 868 1951 ballivie
881 1873 1164 1952 Matisconensis
1179 1873 1378 1950 novissime
1392 1873 1561 1978 preteriti
1571 1871 1810 1976 parlamenti,
1822 1887 1859 1948 et
1873 1872 1912 1947 in
1927 1873 2027 1949 dicto

600 2003 832 2108 parlamento
858 2003 1111 2080 obtinuissent
1135 2020 1261 2080 contra
1289 2003 1411 2106 ipsum
1441 2000 1652 2091 delectum,
1677 2016 1716 2079 et
1735 2029 1848 2107 super
1866 2001 2027 2080 utilitate

601 2132 690 2209 dicti
714 2132 884 2211 delectus
901 2132 1077 2211 fecissent
1100 2133 1265 2210 eundem
1285 2135 1485 2241 Hugonem
1506 2135 1552 2210 ad
1577 2161 1732 2238 presens
1750 2131 2026 2239 parlamentum

600 2263 782 2369 ajornari3
804 2265 1017 2342 constitutis
1038 2265 1077 2341 in
1103 2264 1207 2341 curia
1230 2281 1357 2340 nostra
1378 2281 1623 2371 procuratore
1648 2264 1738 2342 dicti
1763 2263 1933 2368 Hugonia
1957 2294 2027 2370 pro

600 2393 698 2496 ipso,
728 2421 771 2468 ex
793 2421 871 2470 una
897 2411 1019 2499 parte,
1050 2413 1088 2470 et
1114 2395 1215 2472 dicto
1235 2397 1427 2485 Beraudo,
1451 2423 1522 2500 pro
1542 2421 1582 2470 se
1605 2411 1643 2470 et
1665 2393 1842 2470 tratribus
1864 2396 1959 2480 suis,
1983 2405 2027 2472 e‘x

600 2522 732 2615 altera,
752 2523 864 2630 peciit
885 2523 1008 2600 dictus
1026 2525 1218 2600 Beraudus
1238 2525 1397 2629 predicti
1422 2523 1592 2601 delectus
1611 2523 1811 2601 utilitatem
1830 2524 1901 2601 sibi
1919 2525 2026 2632 adju-

600 2651 732 2740 dicari,
745 2654 1061 2760 pronunciarique
1075 2654 1218 2730 dictum
1232 2656 1432 2758 Hugonem
1444 2655 1602 2731 omnino
1614 2655 1822 2732 cecidissea
1832 2683 1939 2730 causa
1949 2683 2027 2761 pre·

601 2782 716 2874 dicta,
744 2801 782 2860 et
807 2783 950 2860 dictum
970 2784 1140 2890 judicem
1164 2782 1261 2858 male
1281 2784 1486 2888 judicasse,
1509 2800 1547 2860 et
1565 2784 1754 2888 predictos
1775 2782 1907 2862 fratres
1928 2786 2026 2862 bene

601 2913 825 3018 appellasse,
844 2933 949 3020 parte
965 2914 1115 2990 adversa
1134 2912 1263 3019 plures
1283 2913 1452 2990 raciones
1468 2915 1506 2988 in
1520 2915 1750 2992 contrarium
1766 2933 2000 3020 proponente
2016 2949 2029 2996 a

601 3045 788 3132 Tandem,
807 3045 944 3122 auditis
962 3046 1050 3122 binc
1066 3045 1154 3122 inde
1169 3045 1387 3150 propositis,
1410 3046 1564 3151 visoque
1581 3046 1683 3122 dicto
1698 3044 1864 3135 delectu,
1886 3075 1927 3124 ac
1947 3047 2029 3124 dili-

601 3191 732 3278 genter
751 3175 918 3281 inspecto
936 3176 1104 3281 predicte
1120 3205 1227 3253 cause
1247 3174 1465 3280 principalis
1478 3203 1673 3281 processu,
1689 3205 1757 3281 per
1776 3177 1879 3252 curie
1901 3195 2026 3254 nostre

595 3304 783 3412 judicium
812 3307 956 3384 dictum
978 3306 1049 3384 luit
1068 3305 1281 3413 predictum
1298 3304 1467 3413 judicem
1490 3303 1785 3412 Lugdunensem
1806 3305 1904 3382 male
1921 3308 2027 3413 judi-

601 3465 711 3527 casse,
728 3453 765 3514 et
778 3436 897 3513 dictos
910 3435 1041 3512 fratres
1055 3435 1153 3514 bene
1166 3435 1386 3543 appellasse,
1400 3453 1437 3511 et
1451 3435 1556 3540 quod
1569 3435 1713 3512 dictum
1723 3434 1934 3543 judicatum
1949 3465 2028 3540 pre

600 3568 689 3646 dicti
700 3567 840 3674 judicis
853 3565 1116 3672 Lugdunensis
1131 3595 1208 3644 non
1224 3566 1464 3643 mandabitur
1477 3567 1709 3659 execucioni,
1726 3583 1763 3642 et
1777 3566 1882 3672 quod
1894 3596 2027 3644 manus

600 3697 868 3803 archiepiscopi
890 3698 1169 3805 Lugdunensis,
1184 3699 1214 3774 si
1229 3698 1276 3774 sit
1292 3698 1330 3772 in
1348 3697 1458 3774 dictis
1472 3696 1598 3786 bonis,
1615 3697 1764 3774 racione
1783 3695 1942 3799 predicti
1963 3699 2027 3775 de·

601 3827 676 3902 bati
697 3826 880 3932 apposita,
896 3827 985 3903 inde
1002 3827 1248 3914 amovebitur,
1269 3845 1305 3903 et
1322 3827 1420 3902 dicta
1434 3827 1550 3916 bona,
1568 3855 1683 3932 super
1693 3824 1830 3929 quibus
1840 3827 2029 3931 pendebat

603 3957 814 4060 predictum
829 3956 1008 4034 debatum
1030 3976 1068 4033 et
1088 3987 1200 4065 super
1215 3957 1354 4064 quibus
1364 3957 1575 4064 judicatum
1594 3955 1733 4048 luerat,
1747 3983 1817 4060 pro
1833 3955 1934 4033 dicto
1952 3959 2029 4032 llu-

602 4113 717 4192 goue,
741 4086 1054 4164 deliberabuntur
1073 4087 1250 4164 fratribus
1270 4087 1478 4164 antedictis.

660 4219 763 4295 Lune
784 4234 870 4322 post
888 4219 1036 4296 octabas
1054 4219 1276 4298 Candelose.

660 4483 817 4562 XCVlll.
850 4485 971 4587 Super
986 4511 1151 4560 rescussa
1166 4482 1260 4559 lacta
1279 4499 1317 4558 et
1336 4482 1484 4589 injuriis
1507 4480 1619 4558 illatis
1638 4511 1706 4586 per
1723 4483 1963 4588 lladulpbum
1979 4483 2028 4560 de

604 4616 775 4694 Farniers
801 4614 931 4723 majori
953 4614 1263 4719 Compendiensi,
1291 4614 1373 4720 qui,
1390 4612 1637 4720 justiciando,
1665 4615 1712 4691 ad
1736 4614 2028 4721 requisicionem

605 4747 735 4851 partis,
754 4759 992 4844 arrestayerat
1006 4745 1044 4822 in
1060 4744 1146 4820 villa
1162 4745 1457 4851 Compendiensi
1475 4773 1589 4851 equm
1609 4744 1699 4822 dicti
1713 4745 1902 4852 Radulpbi
1921 4779 1931 4822 ε
1951 4747 2030 4824 Au·

605 4876 692 4953 ditis
719 4876 886 4984 partibus
911 4877 950 4952 in
974 4875 1074 4954 curia
1096 4893 1237 4964 nostra,
1266 4894 1304 4954 et
1332 4878 1406 4954 visa
1433 4877 1603 4981 inquesta
1629 4876 1678 4953 de
1701 4877 1878 4956 mandato
1902 4876 2028 4954 ballivi

605 5006 890 5086 Silvanectensis
905 5006 1015 5096 lacta,
1032 5036 1099 5113 per
1114 5007 1217 5084 curie
1234 5024 1360 5085 nostre
1375 5006 1564 5115 judicium
1584 5006 1726 5084 dictum
1747 5006 1819 5085 suit
1838 5008 1940 5113 quod
1955 5009 2030 5085 dic·

604 5155 665 5214 tus
688 5139 923 5246 Radulphus,
944 5167 1012 5245 pro
1038 5140 1198 5216 emenda
1221 5157 1364 5226 nostra,
1384 5137 1503 5215 solvet
1526 5138 1636 5216 uobis
1655 5139 1898 5246 quadraginta
1914 5137 2029 5216 libras

605 5268 844 5358 Parisienses,
867 5287 919 5358 et,
943 5299 1011 5376 pro
1031 5270 1191 5348 emenda
1209 5270 1300 5348 dicti
1322 5269 1491 5376 majoris,
1516 5269 1634 5348 solvet
1651 5269 1783 5347 decem
1803 5269 1916 5347 libras
1930 5269 2029 5344 Pari·

606 5397 744 5476 aienses
763 5403 808 5476 ad
831 5401 1037 5479 emendum
1053 5431 1166 5478 unam
1181 5429 1335 5509 cappam
1351 5417 1388 5477 et
1401 5430 1514 5477 unarn
1531 5399 1686 5478 infulam
1703 5401 1854 5486 sericas,
1869 5398 1916 5474 ad
1932 5425 2028 5502 opus
