5817 7292
877 1097 949 1177 [tltd
1456 1101 1547 1173 LES
1575 1099 1716 1175 OLIM.

651 1259 779 1328 Paterna
793 1257 836 1319 W,
875 1241 980 1348 quod
999 1271 1149 1320 merum
1169 1259 1207 1320 et
1227 1242 1387 1320 mixtum
1406 1242 1608 1350 imperium
1630 1259 1668 1319 et
1687 1241 1811 1319 omnis
1824 1241 2041 1351 jurisdictio
2057 1245 2098 1321 in
2116 1246 2199 1324 loco
2219 1275 2298 1354 pre-

712 1351 773 1394 Μ’
877 1372 976 1452 dicto
994 1375 1042 1451 ad
1061 1403 1130 1452 nos
1151 1372 1363 1481 pertinebat
1377 1373 1493 1480 pleno
1509 1374 1612 1480 jure,
1635 1389 1673 1450 et
1693 1373 1797 1479 quod
1816 1373 1969 1452 nullum
1980 1375 2046 1482 jus
2063 1379 2298 1484 competebat

876 1504 984 1583 dictis
1002 1506 1212 1613 preceptori
1237 1523 1275 1582 et
1293 1503 1469 1582 fratribus
1491 1503 1687 1581 exercendi
1706 1485 2013 1612 jurisdictionem
2040 1506 2081 1582 in
2103 1505 2189 1585 loco
2213 1537 2299 1615 pre-

875 1637 992 1726 dicto,
1008 1666 1123 1744 quare
1138 1638 1291 1745 petebat
1304 1635 1583 1715 sentencialiter
1595 1636 1833 1742 pronunciari
1852 1636 1972 1717 dictos
1984 1650 2246 1744 preceptorem
2262 1659 2299 1719 et

873 1769 1004 1847 fratres
1018 1771 1082 1878 jus
1097 1797 1175 1847 non
1190 1769 1330 1847 habere
1347 1767 1543 1845 exercendi
1554 1766 1859 1875 jurisdictionem
1879 1769 1919 1845 in
1936 1769 2019 1847 ioco
2038 1769 2226 1875 predicto,
2243 1789 2295 1858 et,

874 1929 921 1978 ne
935 1901 983 1977 de
997 1919 1120 1978 cetero
1131 1899 1274 1977 ibidem
1282 1898 1586 2007 jurisdictionem
1598 1917 1808 1988 exerceant,
1824 1900 1878 1978 eis
1889 1899 2100 2006 prohiberi,
2117 1916 2155 1977 et
2168 1900 2218 1977 ad
2229 1930 2298 1980 nos

874 2032 1061 2138 pertinere
1075 2034 1139 2140 jus
1159 2031 1357 2109 exercendi
1378 2058 1533 2108 omnem
1550 2030 1853 2138 jurisdictionem
1869 2031 1910 2108 in
1923 2031 2009 2109 loco
2025 2030 2195 2137 predicto
2214 2060 2298 2109 sen·

873 2162 1082 2239 tencialiter
1103 2162 1299 2252 declarari;
1322 2179 1454 2267 petens
1478 2161 1596 2238 eciam
1616 2162 1796 2238 interesse
1816 2161 1922 2267 qnod
1943 2161 1983 2237 in
2002 2189 2176 2268 processu
2198 2161 2294 2238 dicte

873 2321 982 2370 cause
1003 2321 1041 2370 se
1059 2293 1334 2370 declaraturum
1348 2292 1525 2380 retinuit;
1542 2308 1645 2398 parte
1661 2292 1813 2371 adversa
1828 2293 1956 2400 plures
1970 2293 2135 2370 raciones
2150 2293 2190 2368 iu
2204 2319 2294 2370 con·

872 2424 1030 2500 trarium
1051 2439 1263 2500 asserente:
1288 2421 1476 2509 Tandem,
1498 2420 1547 2497 ad
1566 2439 1731 2498 nostram
1757 2423 1899 2500 curiam
1919 2439 2100 2529 asportata
2121 2422 2295 2529 inquesta

873 2582 987 2660 super
1002 2554 1073 2631 hoc
1090 2553 1199 2642 facta,
1219 2553 1307 2630 dato
1326 2553 1442 2629 eciam
1463 2568 1501 2628 et
1520 2552 1719 2659 assignato,
1741 2579 1811 2659 per
1829 2553 1968 2631 curiam
1988 2569 2173 2642 nostram,
2191 2571 2292 2632 certo

872 2684 1034 2762 termino
1051 2684 1159 2761 dictis
1174 2683 1382 2790 preceptori
1400 2698 1437 2759 et
1455 2681 1650 2771 fratribuS,
1667 2682 1765 2759 infra
1779 2713 1894 2791 quem
1909 2686 2076 2790 possent,
2093 2682 2124 2760 si
2138 2683 2291 2774 vellent,

872 2833 966 2906 acta,
984 2815 1242 2894 attestaciones
1263 2833 1300 2893 et
1316 2814 1386 2891 alia
1401 2813 1449 2892 ad
1462 2841 1612 2892 causam
1628 2813 1805 2892 faciencia
1820 2816 2031 2922 producere
2045 2833 2084 2893 et
2098 2815 2201 2892 curie
2216 2843 2296 2893 nos

872 2964 928 3024 tre
948 2948 1111 3036 tradere,
1136 2947 1308 3036 demum,
1332 2946 1457 3052 elapso
1480 2946 1581 3023 dicto
1600 2945 1785 3039 termino,
1807 2947 1994 3055 dictisque
2014 2964 2233 3054 preceptore
2258 2965 2296 3023 et

871 3077 1047 3156 tratribus
1067 3077 1184 3154 nichil
1203 3079 1288 3157 novi
1313 3077 1629 3184 proponentibus,
1650 3078 1800 3184 visaque
1824 3079 1996 3186 inquesta
2021 3077 2203 3184 predicta,
2228 3057 2296 3185 per

872 3208 972 3287 curie
993 3227 1118 3287 nostre
1140 3204 1334 3318 judicium
1350 3209 1494 3287 dictum
1515 3208 1587 3287 fuit
1600 3207 1665 3317 jus
1686 3209 1883 3289 exercendi
1906 3237 2059 3287 omnem
2079 3209 2295 3317 jurisdicio-

871 3368 959 3417 nem
985 3340 1025 3415 in
1050 3339 1133 3418 loco
1157 3339 1327 3446 predicto
1355 3341 1403 3417 ad
1429 3368 1499 3418 nos
1523 3341 1711 3448 pertinere
1737 3342 1850 3448 pleno
1864 3343 1967 3450 jure,
1990 3357 2027 3418 et
2052 3339 2159 3447 quod
2184 3338 2292 3417 dictis

872 3471 1079 3576 preceptori
1102 3488 1139 3547 et
1158 3469 1334 3549 fratribus
1353 3471 1506 3549 nullum
1525 3472 1590 3579 jus
1609 3471 1790 3580 competit
1814 3471 2007 3549 exercendi
2028 3470 2215 3548 minorem
2229 3469 2292 3578 ju-

872 3598 1128 3677 risdictionem
1142 3600 1181 3677 in
1197 3602 1280 3679 loco
1294 3602 1482 3708 predicto,
1498 3619 1536 3680 et
1545 3603 1689 3681 eisdem
1702 3603 1785 3691 fuit,
1799 3631 1868 3710 per
1880 3601 2021 3680 curiam
2034 3617 2217 3691 nostram,
2233 3601 2291 3678 in-

872 3729 1036 3808 hibitum
1052 3759 1099 3810 ne
1115 3731 1161 3809 de
1175 3749 1300 3810 cetero
1316 3734 1454 3811 minori
1463 3735 1724 3844 jurisdictione
1742 3751 1895 3812 utantur
1911 3733 1950 3809 in
1962 3731 2047 3809 loco
2060 3731 2291 3839 supradicto,

870 3863 1210 3973 condempnatique
1223 3865 1378 3944 fuerunt
1389 3867 1478 3944 dicti
1492 3885 1690 3974 preceptor
1703 3885 1741 3946 et
1754 3866 1884 3944 fratres
1897 3863 2051 3944 nomine
2062 3863 2232 3970 predicto
2246 3862 2294 3939 ad

868 3991 1106 4071 reddendum
1133 4012 1170 4072 et
1194 3998 1475 4076 restituendum
1505 3998 1617 4078 nobis
1645 3997 1904 4076 emolumenta
1931 4025 1999 4074 seu
2025 3995 2169 4072 tructus
2196 4021 2292 4101 quos

866 4124 956 4228 ipsi,
983 4123 1029 4202 ab
1053 4153 1151 4204 anno
1175 4128 1328 4206 Domini
1350 4129 1553 4208 millesimo
1579 4129 1840 4208 ducentesimo
1867 4127 2098 4236 octogesimo
2122 4124 2289 4204 secundo

867 4251 973 4343 citra,
994 4277 1243 4362 perceperunt
1265 4288 1308 4337 ex
1329 4260 1498 4366 predicta
1512 4259 1776 4367 jurisdictione
1801 4277 1840 4338 et
1860 4257 2017 4364 expletis
2037 4256 2166 4362 ipsius.

924 4383 1086 4464 Sabbato
1102 4408 1186 4494 post
1205 4391 1471 4468 Reminiscere.

924 4515 1067 4595 Cuiller
1084 4522 1294 4627 reportavit.

923 4779 997 4857 LV.
1028 4781 1124 4870 Cum
1140 4784 1239 4861 inter
1253 4787 1417 4892 priorem
1431 4788 1477 4866 de
1491 4788 1781 4878 Chante·Melle,
1799 4816 1844 4865 ex
1857 4816 1933 4865 una
1947 4805 2069 4894 parte,
2082 4804 2118 4864 et
2128 4784 2289 4892 preposi-

866 4927 948 4987 tum
964 4910 1107 4989 domini
1122 4916 1232 5023 Regis
1248 4916 1295 4994 de
1308 4921 1465 5011 Novilla,
1484 4951 1527 4998 ex
1544 4922 1675 5012 altera,
1693 4937 1797 4998 mota
1811 4919 2027 5028 questione,
2040 4945 2166 4998 coram
2178 4915 2291 4994 Aure-

865 5038 1021 5119 lianensi
1042 5043 1195 5138 ballivo,
1220 5077 1333 5158 super
1355 5053 1525 5158 eoquod
1546 5053 1820 5159 Stephanetum
1836 5051 2005 5140 Renerii,
2026 5079 2143 5157 quem
2167 5049 2290 5126 dictus

864 5173 1077 5278 prepositus
1092 5197 1238 5283 ceperat
1256 5197 1293 5258 et
1313 5182 1505 5261 detinebat
1519 5212 1589 5290 pro
1605 5184 1835 5291 quibusdam
1855 5181 1926 5260 sibi
1943 5181 2144 5288 impositis,
2167 5178 2289 5254 dictus

864 5303 977 5408 prior,
999 5323 1188 5415 tamquam
1205 5339 1317 5390 suum
1333 5313 1602 5421 justiciabilem
1617 5333 1656 5393 et
1668 5316 1708 5392 in
1723 5343 1788 5393 sua
1803 5314 1953 5422 justicia
1966 5310 2166 5388 cubantem
2183 5323 2221 5384 et
2235 5305 2288 5382 le·

865 5451 1028 5530 vantem,
1056 5437 1127 5516 sibi
1158 5442 1266 5520 reddi
1291 5442 1459 5549 petebat,
1489 5446 1663 5551 pluribus
1687 5440 2052 5553 processibusfactis
2077 5466 2192 5546 super
2213 5438 2288 5514 hoc
