5817 7292
1045 1068 1309 1174 uNQUtTts
1334 1083 1399 1155 ΕΤ
1423 1067 1624 1156 PROCES.
1831 1097 1834 1106 ’
1967 1084 2040 1154 225

629 1228 694 1305 bat
713 1244 751 1304 et
774 1223 1006 1332 impediebat
1027 1223 1230 1333 injusticia
1252 1251 1336 1314 sua,
1358 1252 1469 1330 marn
1494 1221 1644 1299 dicebat
1662 1249 1702 1299 se
1726 1220 1866 1300 habere
1886 1222 1926 1300 in
1943 1241 2043 1302 terra
2080 1229 2209 1284 rmum
2222 1231 2266 1295 IV.

630 1386 696 1435 sua
706 1353 1516 1436 deVilla·Nova·subtusDonnum-Martinam
1527 1372 1564 1430 et
1572 1351 1810 1458 pertinenciis
1820 1351 1918 1432 dicte
1930 1371 2041 1442 terre,
2142 1323 2204 1364 lm

631 1505 763 1593 petens
781 1488 907 1594 ipsum
933 1485 1110 1563 comitem
1136 1484 1310 1590 compelli
1330 1483 1379 1560 ad
1398 1483 1620 1560 cessandum
1648 1483 1694 1560 ab
1714 1482 1986 1589 impedimento
2007 1501 2044 1559 ct

631 1615 916 1723 perturbacione
939 1616 1137 1720 predictis,
1159 1632 1197 1692 et
1219 1613 1458 1720 pronunciari
1478 1614 1602 1718 ipsum
1628 1639 1704 1690 non
1725 1611 1864 1689 habere
1885 1612 1949 1718 jus
1973 1612 2045 1688 im-

632 1746 811 1853 pediendi
826 1747 943 1851 ipsam
969 1746 1009 1821 in
1027 1745 1221 1852 predictis,
1244 1763 1282 1822 et
1302 1745 1438 1822 dictam
1452 1743 1642 1851 justiciam
1666 1743 1711 1820 ad
1734 1771 1815 1820 eam
1840 1742 2047 1849 pertinere,
2108 1799 2111 1812 .

634 1875 736 1954 dicto
755 1875 890 1953 comite
910 1874 1137 1951 contrarium
1161 1873 1329 1965 dicente,
1353 1890 1392 1950 et
1408 1889 1560 1978 petente
1579 1873 1820 1979 pronunciari
1845 1900 1884 1952 se
1907 1901 1986 1951 esse
2008 1873 2047 1948 in

634 2005 866 2111 possessione
892 2004 963 2081 alte
984 2003 1153 2110 justicie,
1177 2003 1217 2078 in
1241 2021 1340 2080 terra
1363 2002 1550 2108 predicta,
1571 2021 1609 2080 et
1635 2032 1674 2080 se
1695 2003 1833 2080 debere
1855 2004 1894 2079 in
1921 2031 1964 2080 ea
1987 2029 2047 2078 re·

609 2145 786 2212 'manere
807 2165 816 2209 ε
837 2133 923 2212 Visa
947 2132 1121 2238 inquesta
1146 2159 1259 2238 super
1277 2132 1350 2208 hoc
1377 2131 1425 2208 de
1451 2131 1628 2210 mandato
1653 2133 1754 2210 curie
1782 2151 1908 2210 nostre
1936 2131 2045 2219 facta,

632 2265 710 2341 viso
730 2264 846 2342 eciam
870 2262 976 2370 quod
994 2289 1109 2367 super
1125 2261 1217 2353 hoc,
1237 2262 1428 2367 pendente
1447 2259 1532 2351 lite,
1555 2261 1653 2339 dicta
1672 2263 1826 2340 domina
1849 2263 1962 2340 rebus
1981 2263 2048 2340 hu-

632 2395 753 2470 manis
782 2410 973 2498 exempta,
999 2391 1177 2470 successit
1201 2390 1326 2467 eidem
1351 2391 1393 2467 in
1421 2391 1600 2497 predictis
1625 2393 1800 2500 magister
1825 2392 2048 2501 Radulphus

634 2523 681 2600 de
706 2522 970 2610 Chantilliaco,
995 2520 1097 2599 filius
1116 2523 1199 2629 ejus
1224 2539 1263 2598 et
1279 2522 1408 2610 heres,
1433 2547 1630 2598 resumens
1657 2539 1695 2599 et
1712 2549 1944 2629 prosequens
1968 2525 2048 2601 dic-

632 2669 710 2729 tam
724 2679 890 2743 causam,
907 2650 996 2757 quia
1014 2652 1208 2728 inventum
1223 2651 1296 2727 luit
1310 2651 1454 2730 dictum
1469 2650 1713 2756 Radulphum
1726 2679 1837 2756 super
1851 2653 1925 2730 hoc
1942 2682 2048 2735 suam

634 2782 887 2860 intencionem
910 2778 1140 2858 sufficienter
1163 2780 1399 2887 probavisse,
1424 2795 1609 2884 quantum
1636 2779 1683 2856 ad
1707 2796 1847 2855 terram
1868 2809 1975 2858 suam
2001 2780 2048 2858 de

634 2911 843 2992 Villa-Nova
855 2910 1024 3018 predicta
1044 2910 1169 2989 in‘suo
1190 2909 1367 2987 domanio
1388 2908 1629 2999 existentem,
1650 2910 1939 3015 pronunciatum
1959 2910 2047 3000 fuit,

634 3069 703 3148 per
718 3042 820 3119 curie
836 3056 963 3118 nostre
972 3039 1180 3148 judicium,
1201 3039 1345 3117 dictum
1366 3036 1544 3116 comitem
1563 3037 1880 3142 impedimentum
1900 3041 2049 3144 predic-

633 3188 716 3248 tum
739 3170 876 3278 injuste
900 3171 1116 3275 apposuisse
1140 3187 1178 3246 et
1200 3169 1299 3246 illud
1322 3167 1462 3246 dehere
1486 3166 1666 3260 amoveri,
1689 3183 1728 3244 et
1746 3169 1793 3246 ad
1813 3168 1956 3246 dictum
1978 3173 2049 3248 Ra·
2094 3259 2098 3268 ,

635 3299 824 3406 delphum
856 3298 994 3377 dictam
1022 3296 1211 3404 justiciam
1238 3298 1279 3374 in
1310 3315 1409 3374 terra
1439 3294 1606 3401 predicta
1634 3295 1841 3402 pertinere,
1868 3316 2050 3378 reservata

637 3429 737 3507 dicto
760 3428 889 3508 comiti
909 3429 1107 3535 questione
1127 3455 1240 3534 super
1253 3429 1362 3535 jure,
1383 3424 1539 3532 siquod
1562 3425 1641 3531 ipse
1665 3425 1843 3514 habebat,
1866 3444 1951 3506 ante
1970 3456 2051 3507 mo-

635 3573 713 3636 tam
731 3558 837 3636 litem
855 3558 1077 3664 predictam,
1097 3557 1290 3666 ajomandi
1310 3584 1435 3637 coram
1454 3583 1494 3634 sc
1514 3554 1689 3638 homines
1705 3556 1804 3636 dicte
1820 3575 1932 3634 terre.

691 3689 735 3766 ln
754 3687 850 3766 testo
869 3689 969 3767 beati
988 3687 1148 3770 Andree.

692 3817 853 3896 Cuillier
868 3817 1081 3924 reportavit.

692 4080 754 4158 lv.
784 4081 880 4160 Cum
889 4099 992 4159 mota
1004 4098 1102 4160 esset
1114 4080 1300 4159 discordia
1311 4107 1437 4159 coram
1448 4079 1559 4158 nobis
1574 4080 1674 4156 inter
1685 4077 1892 4158 Geraldum
1907 4079 1954 4156 de
1968 4079 2054 4158 Cor·
2111 4171 2118 4180 .

639 4208 757 4296 nelio,
778 4209 953 4304 militem,
974 4228 1012 4288 et
1030 4211 1289 4301 Guillelmam,
1306 4212 1388 4318 ejus
1406 4236 1592 4298 sororem,
1615 4237 1658 4285 ex
1678 4236 1753 4286 una
1773 4225 1895 4317 parte,
1917 4223 1953 4286 et
1972 4238 2052 4286 ma-

637 4338 794 4445 gistrum
813 4340 1018 4417 Fulconem
1044 4342 1094 4418 de
1117 4341 1239 4429 Soris,
1265 4356 1545 4446 procuratorem
1568 4355 1738 4416 nostrum
1764 4340 1803 4415 in
1827 4338 2053 4417 senescalliis

640 4468 931 4581 Petragoricensi
952 4486 989 4547 et
1005 4470 1241 4560 Caturcensi,
1257 4499 1303 4546 ex
1321 4469 1452 4561 altera,
1469 4497 1641 4576 supereo
1655 4470 1761 4574 quod
1774 4468 1949 4549 dicebant
1963 4470 2052 4549 dicti

639 4597 817 4705 conjuges
828 4599 933 4705 quod
942 4598 1129 4678 Geraldus
1142 4599 1270 4693 stote,
1284 4599 1413 4691 miles,
1428 4618 1521 4678 tunc
1540 4598 1766 4677 senescallus
1779 4599 2052 4708 Petragoricen-

639 4725 689 4803 sis
700 4744 740 4804 et
748 4726 997 4820 Caturcensis,
1010 4757 1076 4808 eos
1089 4727 1214 4808 corain
1226 4758 1266 4810 se
1278 4748 1436 4810 traxerat
1447 4731 1488 4806 in
1503 4758 1666 4820 causam,
1682 4727 1729 4804 ad
1744 4729 1960 4807 instanciam
1971 4760 2052 4838 pro·

639 4859 819 4937 curatoris
843 4859 962 4937 nostri
989 4860 1168 4967 predicti,
1190 4861 1386 4939 asserentis
1406 4861 1534 4939 dotem
1555 4860 1652 4936 dicte
1679 4858 1880 4938 Guillelme
1901 4878 1939 4938 et
1960 4890 2052 4967 que-

641 4984 727 5064 dam
746 4987 816 5065 alia
834 4989 936 5068 bona
951 4990 1120 5097 ejusdem
1139 5019 1219 5070 esse
1237 4992 1348 5070 nobis
1371 4991 1584 5078 commissa,
1608 4988 1803 5098 dictusque
1827 4991 2053 5068 senescallus

638 5119 960 5220 pronunciaverat,
981 5148 1049 5227 per
1066 5119 1299 5199 diffinitivam
1318 5150 1424 5200 suam
1443 5121 1686 5212 sentenciam,
1711 5121 1847 5198 dictam
1866 5122 1995 5200 dotem
2016 5139 2054 5199 et

610 5231 614 5239 ’
639 5246 802 5349 quedam
815 5249 886 5327 alia
896 5249 998 5328 bona
1012 5250 1182 5358 ejusdem
1194 5250 1395 5331 Guillelme
1410 5279 1489 5328 esse
1502 5249 1612 5330 nobis
1625 5251 1836 5340 commissam
1850 5279 1870 5326 a
1885 5281 1958 5359 qua
1973 5278 2056 5328 sen·

639 5375 777 5465 tancia,
799 5395 990 5486 tamquam
1008 5382 1114 5460 nulla
1132 5410 1202 5461 seu
1219 5382 1370 5489 iniqua,
1391 5381 1482 5460 dicti
1503 5381 1681 5488 conjuges
1700 5381 1748 5458 ad
1763 5409 1833 5458 nos
1851 5380 2056 5485 appellave-

726 5547 779 5590 ιιι
798 5551 880 5595 anu.
902 5555 949 5597 ιιι.
1888 5551 1928 5616 ²9
