5817 7292
837 1103 910 1183 124
1419 1105 1511 1178 LES
1541 1103 1680 1180 OLIM.

605 1262 736 1317 numm
747 1259 792 1324 W·
831 1251 898 1332 bio
916 1249 1061 1329 ibidem
1078 1247 1263 1338 tenendo,
1286 1248 1498 1355 prepositus
1517 1247 1749 1336 Parisiensis,
1769 1275 1834 1326 eos
1853 1247 2100 1354 impediendo
2118 1251 2260 1359 'injuste

667 1353 732 1396 Μ’
834 1383 874 1461 in
893 1381 1133 1490 hujusmodi,
1150 1380 1199 1458 ad
1212 1379 1502 1486 requisicionem
1518 1409 1757 1486 sampsorum
1773 1378 1880 1456 stalla
1893 1409 1960 1457 sua
1980 1409 2094 1486 supra
2116 1383 2259 1462 dictum

834 1533 990 1623 pontem
1018 1543 1061 1590 ex
1088 1530 1191 1619 parte
1220 1509 1354 1589 Gravia
1377 1511 1610 1599 tenencium,
1633 1512 1753 1589 dictos
1775 1540 1908 1590 eorum
1931 1527 2078 1617 tapetos
2104 1516 2259 1605 amovit,

834 1645 1044 1724 inhibendo
1068 1643 1159 1751 ipsis
1184 1670 1233 1719 ne
1257 1641 1402 1720 ibidem
1427 1641 1618 1720 cambium
1643 1658 1834 1732 tenerent,
1856 1643 2094 1750 requirentes
2115 1647 2260 1724 dictum

835 1777 1150 1884 impedimentum
1175 1772 1356 1862 amoveri,
1381 1771 1433 1848 ita
1457 1772 1562 1877 quod
1586 1770 1658 1878 ipsi
1679 1790 1833 1878 possent
1856 1774 1911 1850 uti
1929 1773 2067 1852 saisina
2085 1805 2153 1856 sua
2176 1806 2261 1885 pre-

836 1908 934 1985 dicta
953 1906 1141 1983 cambium
1158 1903 1316 1982 tenendi
1343 1904 1536 1980 incorum
1560 1903 1779 2009 operatoriis
1805 1905 2048 2012 supradictis3
2070 1924 2108 1984 et
2130 1935 2150 1986 e
2172 1937 2260 1988 con·

835 2056 892 2115 tra
915 2065 999 2145 pars
1023 2037 1214 2115 dictorum
1239 2061 1476 2141 campsorum
1504 2033 1679 2139 pluribus
1698 2034 1912 2112 nacionibus
1929 2055 2160 2142 proponeret
2181 2039 2260 2118 dic·

834 2187 917 2248 tum
927 2169 1261 2275 impedimentum,
1272 2183 1451 2272 tanquam
1462 2165 1563 2271 juste
1579 2164 1811 2271 appositum,
1829 2193 1905 2243 non
1920 2166 2059 2246 debere
2074 2171 2256 2248 amoveri:

836 2301 1024 2388 Tandem,
1053 2299 1191 2376 auditis
1209 2298 1297 2374 hinc
1322 2297 1412 2374 indo
1430 2297 1651 2402 propositis,
1675 2296 1837 2404 visisque
1865 2296 1998 2376 litteris
2026 2299 2255 2405 quibusdam

837 2462 879 2510 ac
897 2433 1070 2538 inquesta
1090 2458 1203 2535 super
1220 2431 1293 2507 hoc
1312 2427 1422 2519 sacta,
1445 2455 1513 2534 per
1532 2445 1715 2505 arrestum
1731 2417 1857 2506 nostre
1877 2429 1996 2518 curie,
2022 2431 2165 2508 dictum
2185 2431 2258 2509 fuit

839 2563 943 2671 quod
958 2562 1097 2638 sactum
1109 2561 1322 2666 predictum
1344 2559 1434 2636 dieti
1452 2558 1670 2638 Parisiensis
1687 2560 1868 2666 prepositi
1888 2587 1963 2637 non
1983 2562 2254 2641 retractabitur.

843 2763 847 2768 ,
893 2697 935 2772 ln
955 2693 1088 2800 vigiliis
1105 2693 1543 2781 Omnium-Sanctorum,
1565 2719 1664 2770 anno
1682 2691 1948 2772 trecentesimo
1968 2692 2097 2774 tercio.

892 2961 984 3042 XIV.
1015 2962 1113 3040 Cum
1139 2976 1359 3068 procurator
1382 2959 1573 3039 karissime
1600 2959 1782 3040 consortis
1807 2980 1949 3050 nostre,
1974 2963 2161 3052 Johanne,
2190 2962 2260 3042 Dei

837 3094 979 3202 gracia,
999 3092 1152 3170 Francia
1178 3110 1216 3168 et
1240 3095 1398 3170 Navarra
1423 3093 1570 3200 regine,
1595 3092 1814 3170 executricis
1836 3092 1964 3171 inclite
1987 3093 2262 3172 recordacionis

839 3223 1031 3312 defuncte,
1052 3224 1182 3300 matris
1201 3252 1285 3311 sue,
1310 3224 1502 3328 quondam
1527 3225 1684 3300 Navarra
1708 3224 1852 3331 regine,
1880 3252 1993 3329 super
2017 3224 2091 3300 hoc
2113 3223 2261 3301 anobis

838 3355 1055 3443 autoritate,
1077 3354 1290 3431 executorio
1309 3354 1461 3431 nomine
1481 3354 1650 3460 predicto
1677 3354 1820 3432 diceret
1843 3371 1882 3430 et
1900 3371 2145 3460 proponeret,
2173 3383 2261 3430 con-

837 3502 894 3560 tra
920 3501 1146 3561 mercatores
1171 3483 1359 3562 societatis
1383 3487 1579 3565 Mororum
1606 3503 1645 3562 et
1666 3513 1798 3564 eorum
1826 3501 2126 3591 procuratorem,
2154 3485 2258 3592 quod

838 3643 942 3706 cum,
963 3643 1032 3720 pro
1058 3614 1221 3721 quadam
1245 3616 1474 3694 execucione
1494 3617 1688 3726 cujusdam
1711 3615 1955 3722 obligacionis
1980 3614 2148 3691 facienda
2172 3642 2260 3692 con-

838 3763 894 3821 tra
914 3745 1105 3822 Donatum
1130 3745 1178 3822 de
1197 3746 1343 3840 Velluz,
1367 3764 1404 3824 et
1423 3764 1522 3824 certa
1547 3735 1672 3836 causa,
1694 3745 1743 3822 ad
1761 3775 1876 3854 quam
1892 3747 2005 3844 idem
2028 3746 2196 3823 Donatus
2219 3763 2258 3823 et

838 3875 919 3985 ejus
940 3877 1095 3954 societas
1115 3894 1220 3955 erant
1239 3877 1392 3986 obligati
1414 3907 1509 3986 erga.
1522 3895 1653 3986 gentes
1683 3878 1781 3954 dicte
1810 3877 1937 3984 regine
1962 3877 2136 3968 Navarre,
2168 3878 2260 3953 corti

837 4007 926 4112 equi
947 4009 1219 4113 supradictum
1239 4009 1430 4087 Donatum
1453 4036 1522 4114 per
1545 4025 1675 4115 gentes
1694 4006 1880 4113 predictas
1899 4005 1995 4112 capti
2021 4004 2194 4096 fuissent,
2223 4024 2260 4084 et

838 4139 1039 4243 appreciati
1054 4140 1235 4247 usquead
1250 4167 1437 4218 summam
1451 4141 1570 4216 trium
1585 4137 1749 4216 millium
1761 4137 1947 4214 librarum
1959 4137 2257 4228 Turonensium,

838 4285 875 4352 et
894 4298 963 4373 pro
984 4271 1173 4350 dictorum
1193 4299 1382 4379 equorum
1401 4272 1472 4349 sub
1492 4270 1620 4377 precio
1641 4270 1810 4377 predicto
1830 4268 2083 4360 recredencia,
2101 4297 2174 4376 que
2193 4297 2261 4374 per

838 4398 988 4475 easdem
1008 4418 1138 4508 gentes
1153 4403 1254 4479 dicto
1273 4405 1421 4485 Donato
1437 4402 1532 4480 facta
1549 4402 1636 4492 fuit,
1657 4401 1926 4507 Lappa-Picta,
1946 4399 2071 4478 socius
2093 4429 2161 4477 seu
2180 4400 2260 4478 sau·

836 4546 898 4606 tor
921 4550 1174 4609 mercatorum
1195 4533 1242 4610 de
1262 4535 1438 4612 societate
1464 4535 1677 4622 Mororum,
1702 4559 1772 4609 suo
1798 4549 1837 4610 et
1861 4530 1959 4608 dicte
1985 4530 2171 4609 societatis
2190 4559 2259 4610 no·
2293 4525 2297 4531 ’

837 4661 956 4750 mine,
974 4691 1060 4770 erga
1076 4681 1206 4772 gentes
1220 4664 1318 4742 dicte
1334 4666 1462 4772 regine
1474 4665 1629 4742 Navarra
1642 4693 1711 4772 pro
1726 4664 1825 4741 dicto
1838 4663 1978 4740 donato
1992 4661 2254 4770 fidejussisset,

837 4806 875 4868 et
898 4820 937 4868 se
959 4810 997 4870 et
1017 4795 1225 4899 predictam
1245 4796 1459 4874 societatem
1483 4813 1520 4873 et
1540 4824 1672 4874 eorum
1690 4794 1791 4872 bona
1813 4793 2015 4902 obligasset
2033 4793 2081 4868 ad
2097 4790 2258 4868 redden-

838 4921 931 5000 dum
947 4940 985 5001 et
999 4926 1262 5031 reponendum
1281 4926 1321 5003 in
1340 4956 1458 5004 manu
1479 4927 1577 5005 dicte
1596 4925 1723 5036 regine
1739 4927 1894 5004 Navarra
1914 4926 1974 5003 vel
1994 4925 2076 5032 ejus
2090 4921 2257 5000 mandati

836 5052 958 5131 dictos
985 5083 1101 5162 equos
1121 5056 1160 5133 in
1187 5058 1325 5135 eodem
1349 5075 1448 5136 statu
1472 5058 1511 5134 in
1535 5087 1611 5165 quo
1638 5058 1735 5164 capti
1758 5055 1907 5134 fuerant
1930 5083 2041 5161 supra
2063 5054 2257 5132 Donatum

833 5184 1064 5289 predictum,
1075 5185 1133 5266 vel
1147 5215 1332 5265 summam
1340 5187 1459 5266 trium
1469 5187 1635 5267 millium
1641 5188 1825 5265 librarum
1835 5185 2120 5266 Turonensium
2129 5210 2257 5287 supra-

835 5313 1225 5424 dictam,etquod,de
1237 5319 1509 5402 consuetudine
1520 5317 1951 5426 Campanie,sociusseu
1963 5315 2088 5393 fautor
2098 5309 2255 5416 alicujus

833 5448 1020 5529 societatis
1030 5449 1204 5538 eamdem
1219 5449 1434 5528 societatem
1450 5466 1489 5527 et
1503 5449 1619 5554 ipsius
1633 5446 1820 5530 societatis
1830 5461 2056 5525 mercatores
2071 5459 2255 5520 eteorum
