5817 7292
1059 1144 1330 1254 snousras
1357 1164 1420 1237 ar
1445 1146 1652 1240 rnocss
1996 1167 2065 1238 sss

645 1302 718 1379 hoc
744 1320 1018 1408 opposuerunt,
1050 1322 1088 1383 et
1116 1306 1164 1383 ad
1190 1306 1327 1383 dictam
1351 1306 1566 1383 resaisinam
1594 1332 1751 1381 manum
1776 1322 2002 1409 posuerunt,
2031 1324 2071 1385 et
2107 1318 2298 1384 emanant,

644 1432 767 1540 quod,
788 1451 942 1540 propter
958 1434 1138 1513 debatum
1157 1438 1344 1541 parcium,
1362 1437 1463 1515 dicta
1479 1437 1657 1515 resaisina
1676 1434 1724 1511 ad
1745 1462 1902 1512 manum
1922 1435 2068 1513 domini
2168 1412 2232 1457 ’Μ’

644 1564 756 1672 Regis
764 1563 887 1642 iuerat
896 1566 1034 1672 posita,
1046 1584 1090 1645 ut
1105 1568 1301 1645 dicebant:
1314 1568 1503 1658 Tandem,
1517 1568 1592 1644 risa
1605 1568 1778 1673 inquesta
1792 1593 1906 1670 super
1915 1565 2005 1654 hoc,
2019 1566 2069 1645 de

644 1694 822 1773 mandato
843 1698 946 1773 curie
965 1714 1094 1775 nostre
1118 1696 1229 1791 lacta,
1248 1726 1316 1805 per
1340 1700 1443 1777 curie
1465 1715 1593 1775 nostre
1608 1696 1815 1805 judicium,
1834 1695 1978 1773 dictum
1998 1694 2070 1775 suit

642 1854 711 1931 per
730 1825 850 1905 dictos
869 1827 1076 1905 monachos
1098 1828 1329 1907 sufficienter
1349 1858 1429 1909 esse
1447 1828 1650 1947 probatum
1670 1826 1777 1934 quod
1796 1826 1866 1933 ipsi
1892 1825 1992 1905 dicte
2012 1854 2071 1905 re

643 1958 777 2035 saisine
792 1987 833 2036 se
853 1978 1129 2065 opposuerunt,
1152 1978 1191 2038 et
1209 1960 1331 2067 quod,
1347 1978 1503 2067 propter
1523 1960 1703 2039 debatum
1721 1959 1909 2065 parcium,
1925 1959 1974 2036 ad
1989 1988 2070 2035 ma·

645 2116 735 2165 num
757 2104 941 2179 nostram,
963 2106 1145 2197 tanquam
1165 2091 1386 2196 superioris,
1408 2109 1538 2199 postea
1556 2090 1631 2168 luit
1648 2088 1826 2168 resaisina
1844 2089 2025 2195 predicta.

697 2219 874 2297 Mercurii
895 2220 935 2296 in
955 2220 1090 2326 vigiliis
1103 2219 1351 2300 Assensionis.

696 2484 789 2563 XVl.
821 2485 919 2562 Cum
940 2484 1192 2595 significatum
1212 2484 1324 2566 nobis
1339 2486 1487 2576 fuisset,
1504 2515 1549 2565 ex
1562 2503 1668 2593 parte
1687 2486 1953 2594 religiosorum
1972 2487 2069 2563 viro-

640 2642 725 2691 rum
742 2615 887 2692 abbatis
906 2633 947 2693 et
965 2614 1171 2695 conventus
1191 2618 1505 2726 Sancti-Dyonisii
1528 2620 1569 2695 in
1586 2619 1760 2707 Francia,
1777 2618 1816 2693 in
1836 2634 1964 2694 nostra
1983 2646 2068 2721 spe·

641 2744 725 2820 ciali
747 2744 860 2852 garda
885 2746 1148 2837 existencium,
1170 2749 1277 2853 quod
1300 2748 1348 2824 ad
1367 2748 1495 2825 villam
1520 2747 1567 2824 de
1590 2746 1791 2836 Solesmis,
1816 2746 1954 2853 inqua
1976 2745 2068 2823 dicti

639 2874 804 2983 religiosi
826 2876 1087 2955 omnimodam
1102 2879 1293 2986 justiciam
1314 2894 1486 2955 asserunt
1503 2906 1544 2957 se
1562 2877 1719 2968 habere,
1735 2876 1912 2955 Galterus
1931 2877 1980 2953 de
1996 2879 2070 2955 Bo-

640 3005 730 3097 aies,
753 3006 881 3097 miles,
903 3025 1054 3086 venerat
1075 3026 1114 3087 et
1131 3008 1252 3087 multa
1270 3008 1445 3086 debonis
1464 3008 1667 3085 hominum
1689 3006 1790 3085 dicte
1808 3007 1897 3085 ville
1919 3024 2069 3113 ceperat

637 3135 834 3227 violenter,
852 3155 891 3215 et
908 3154 1008 3217 extra
1028 3167 1189 3246 regnum
1209 3156 1382 3217 nostrum
1406 3140 1579 3225 duxerat,
1597 3138 1636 3215 in
1654 3138 1773 3216 nostri
1793 3138 2064 3244 prejudicium,

638 3295 680 3343 ac
701 3267 872 3373 ipsorum
897 3269 1162 3379 religiosorum
1189 3286 1227 3347 et
1251 3269 1452 3348 hominum
1476 3268 1737 3377 predictorum
1760 3267 1969 3374 dampnum
1988 3297 2066 3347 non

639 3398 834 3477 modicum
860 3404 898 3477 e't
917 3417 1142 3505 gravamen:
1168 3400 1356 3491 Tandem,
1378 3400 1552 3506 inquesta
1571 3425 1685 3504 super
1708 3397 1797 3487 hoc,
1818 3396 2066 3476 demandato

638 3546 784 3619 nostro,
806 3528 917 3619 facta,
933 3529 1010 3607 visa
1026 3546 1065 3607 et
1085 3529 1287 3640 diligenter
1302 3530 1525 3623 examinata,
1544 3530 1740 3607 inventum
1761 3544 1819 3605 est
1836 3528 2067 3610 sufficienter

637 3661 838 3765 probatum
855 3658 998 3737 dictum
1015 3660 1176 3738 militem
1193 3660 1332 3740 multas
1350 3690 1454 3738 vacas
1473 3660 1675 3739 hominum
1697 3660 1796 3737 dicte
1812 3659 1916 3751 ville,
1933 3661 1973 3736 in
1982 3660 2067 3767 jus-

637 3790 723 3867 ticia
745 3791 933 3869 dictorum
951 3772 1238 3899 religiosorum,¹
1258 3792 1297 3867 in
1317 3791 1431 3901 garda
1452 3809 1580 3869 nostra
1598 3790 1862 3880 existencium,
1881 3788 2069 3868 violenter

638 3920 794 4025 cepisse,
818 3937 857 3998 et
880 3938 979 3999 extra
998 3950 1158 4029 regnum
1178 3939 1353 4001 nostrum
1374 3922 1539 4013 duxisse3
1561 3948 1726 4027 eramque
1750 3918 1861 3999 dictis
1879 3919 2068 4027 religiosis

637 4067 676 4131 et
701 4050 921 4129 hominihus
947 4052 996 4129 de
1026 4052 1139 4130 dictis
1166 4053 1338 4159 dampnis
1364 4069 1402 4133 et
1429 4052 1578 4159 injuriis
1605 4053 1656 4129 sit
1681 4049 1793 4157 plene
1818 4048 2063 4140 satisfactum,

635 4198 751 4287 prout
768 4199 988 4287 procurator
1006 4183 1097 4260 dicti
1117 4184 1335 4262 monasterii
1352 4183 1455 4260 curie
1473 4199 1601 4259 nostre
1619 4180 1752 4259 retulit
1765 4179 1844 4257 viva
1858 4208 1967 4269 voce,
1988 4181 2066 4259 dio-

636 4328 698 4389 tus
718 4312 845 4402 miles,
865 4340 935 4419 per
953 4313 1056 4391 curie
1076 4331 1203 4392 nostre
1219 4312 1425 4422 judicium,
1448 4312 1574 4401 nohis,
1596 4340 1665 4418 pro
1684 4308 1845 4389 emenda
1864 4328 2008 4402 nostra,
2025 4310 2064 4388 in

638 4443 810 4523 ducentis
825 4442 933 4522 libris
947 4445 1234 4523 Turonensibus
1248 4443 1369 4522 extitit
1383 4443 1698 4551 condempnatus.

691 4576 867 4655 Mercurii
887 4592 974 4683 post
989 4575 1266 4655 Assensionem.

692 4840 799 4920 XVll.
830 4841 888 4919 De
913 4840 1086 4946 inquesta
1112 4838 1211 4917 inter
1238 4839 1279 4916 P.
1303 4840 1351 4917 de
1373 4840 1503 4919 Brocia
1524 4855 1564 4917 et
1586 4839 1794 4916 monachos
1817 4838 1866 4916 de
1886 4836 2061 4930 Barbael‚

634 4999 722 5079 pars
745 4970 839 5049 lacta
864 5000 936 5079 pro
961 4971 1064 5049 dicto
1090 4970 1131 5048 Ρ.
1153 4971 1319 5050 dormiet
1344 4999 1545 5080 quousque
1572 4998 1641 5079 pro
1662 4970 1773 5049 dictis
1793 4970 2006 5058 monachis,
2030 4968 2061 5044 si

634 5102 810 5210 prosequi
843 5103 1048 5191 voluerint,
1070 5102 1120 5181 sit
1142 5102 1346 5211 completa,
1366 5119 1483 5210 prout
1504 5102 1719 5181 continetur
1740 5100 1781 5178 in
1798 5099 1927 5181 rotulo
1947 5098 2062 5206 hujus

633 5233 870 5340 parlamenti.

691 5496 814 5575 XVlll.
845 5498 944 5577 Cum
964 5497 1120 5577 domina
1141 5497 1190 5575 de
1211 5497 1361 5608 Langiis
1381 5524 1509 5574 coram
1530 5494 1669 5575 ballivo
1691 5488 1949 5572 Aurelianensi
1969 5512 2061 5563 con-
