5817 7292
881 1092 954 1168 [⁴88
1356 1148 1377 1159 ..
1457 1095 1549 1170 LES
1579 1096 1718 1171 OMM.

648 1264 783 1320 arum
791 1263 833 1322 tv,
873 1236 1099 1343 petebatque
1109 1237 1292 1343 expensus
1303 1265 1372 1344 per
1386 1237 1602 1316 aumitttas
1615 1241 1834 1346 iat-prisione
1845 1242 2027 1347 prepositi
2041 1242 2303 1339 sanatorum·

709 1357 772 1400 ¹³⁰⁹·
871 1368 960 1454 tini,
977 1367 1015 1442 in
1027 1395 1106 1473 qua
1116 1367 1264 1444 dicebat
1272 1378 1313 1444 a‘e
1322 1365 1439 1446 fuisse
1453 1368 1524 1474 ρετ
1535 1369 1668 1465 decem
1681 1370 1992 1477 septimanasnad
2003 1372 2303 1454 instanciamfra-

871 1517 973 1574 trum
997 1499 1269 1604 predictorum,
1293 1523 1381 1576 rum
1403 1500 1576 1606 expansis
1588 1497 1826 1589 litirhahiu,
1850 1519 1929 1580 tam
1948 1529 2074 1580 coram
2094 1504 2196 1583 dieto
2218 1535 2304 1613 pre-

872 1631 996 1736 posito
1011 1657 1128 1736 quam
1139 1657 1264 1708 coram
1285 1628 1424 1708 ballivo
1435 1630 1745 1720 viromandensi,
1768 1659 1921 1710 noanon
1937 1650 1978 1710 et
1995 1660 2173 1739 expensas
2191 1636 2303 1715 factm

872 1763 911 1836 in
930 1758 1193 1867 prosequende
1208 1759 1351 1837 curiam
1366 1777 1532 1838 naseam
1548 1761 1597 1838 ad
1610 1760 1891 1868 impetrandum
1910 1762 2052 1840 litteras
2069 1791 2186 1871 super
2199 1794 2303 1845 amo-

873 1890 1216 1969 cionesaiainanam
1232 1890 1509 1997 predictarum
1533 1891 1642 1969 dictis
1658 1891 1837 1970 fratribus
1859 1894 2088 1974 eontrarium
2104 1899 2303 1976 asserenti-

872 2026 959 2114 hus,
978 2040 1014 2098 et
1032 2021 1246 2102 dicentibus
1266 2020 1410 2104 dietum
1431 2018 1740 2104 Johaunemnen
1752 2053 1845 2102 esse
1858 2024 2093 2102 audiendam
2106 2026 2154 2104 ad
2171 2046 2304 2133 paten-

873 2155 963 2230 dum
983 2181 1159 2259 expemas
1176 2153 1363 2260 predictas
1384 2180 1454 2259 pro
1474 2181 1521 2232 eo
1541 2155 1648 2262 quia,
1674 2176 1742 2262 pro
1762 2133 1959 2262 predictis,
1980 2174 2106 2263 egerat
2131 2159 2170 2234 in
2196 2160 2300 2236 curia

873 2303 998 2365 nostra
1018 2302 1144 2363 contra
1163 2284 1344 2362 Jaeohum
1360 2283 1648 2375 Deledin‚·tunc
1661 2287 1897 2393 prepositum
1912 2286 2245 2381 Sancti-Quinum,
2262 2307 2302 2366 et

873 2416 1087 2494 obtinuerat
1105 2433 1233 2494 contra
1253 2443 1339 2492 eum
1353 2445 1362 2489 ε
1376 2415 1466 2494 Visa·¹
1482 2416 1595 2523 igitur
1613 2416 1790 2524 inquesta
1801 2463 1818 2505 ,ι
1830 2418 1880 2494 de
1896 2417 2075 2495 mandato
2095 2436 2223 2496 nomo
2237 2449 2302 2496 su-

826 2551 830 2562 ”
871 2577 939 2650 per
957 2549 1028 2624 hoc
1046 2546 1155 2636 facta,
1170 2547 1358 2652 paenuria
1380 2562 1507 2625 nostre
1522 2546 1713 2653 judicium
1731 2547 1857 2624 dietus
1870 2547 2060 2633 iohannes
2071 2547 2143 2625 fuit
2161 2577 2182 2624 a
2201 2549 2300 2627 dicta

872 2677 1104 2782 obligacione
1123 2677 1229 2754 mille
1251 2677 1434 2756 librarum
1458 2677 1672 2766 absolutus,
1691 2678 1923 2783 fueruntque
1950 2678 2040 2755 diui
2062 2679 2194 2756 frames
2212 2707 2302 2756 con-

872 2809 1062 2914 dempnati
1084 2808 1186 2886 dicto
1206 2808 1367 2887 iohanni
1385 2809 1425 2884 in
1445 2825 1601 2885 uentum
1615 2808 1837 2915 etqninqua
1849 2806 1985 2887 solidis
2000 2809 2299 2898 Turonensibns,

871 2969 966 3046 quos
981 2941 1167 3017 invenitur
1181 2939 1630 3046 pendietaminqaestam
1645 2938 1790 3015 dictum
1807 2937 2017 3016 iohannem
2031 2937 2119 3042 plus
2133 2938 2300 3026 solvisse,

872 3091 909 3149 et
929 3074 966 3146 in
986 3072 1172 3180 sexaginta
1192 3071 1298 3149 libris
1317 3069 1605 3153 Turonensibus
1628 3098 1699 3176 pro
1724 3070 1897 3174 darapnis
1921 3067 2177 3174 predictarum
2201 3071 2302 3148 saisi-

827 3281 828 3284 ,
871 3233 1020 3294 narum,
1038 3202 1226 3287 solvendis
1246 3202 1370 3280 eidem
1390 3201 1550 3278 Johanni
1577 3202 1616 3277 in
1637 3200 1812 3305 pecunia,
1839 3227 1914 3305 que
1940 3199 2114 3277 currebat
2131 3217 2301 3306 tempore

870 3335 1072 3412 solucionis
1096 3350 1133 3410 et
1151 3334 1371 3410 saisinamm
1391 3331 1664 3439 predictarum,
1682 3348 1720 3408 et
1736 3331 1783 3408 ad
1798 3328 2036 3407 reddendum
2049 3329 2178 3406 eidem
2192 3359 2300 3436 cym-

870 3465 1055 3572 graphum
1074 3465 1298 3570 predictum
1323 3464 1379 3542 De
1401 3462 1495 3540 aliis
1509 3489 1596 3540 vere
1621 3490 1692 3569 par
1715 3462 1858 3539 dictum
1876 3459 2085 3537 Johaunam
2104 3487 2217 3567 supra
2234 3489 2301 3567 pe-

742 3575 745 3586 *
869 3599 963 3684 titis,
985 3593 1137 3673 fuerunt
1161 3596 1249 3675 dicti
1275 3596 1406 3673 fratres
1426 3623 1494 3703 per
1513 3595 1616 3672 idem
1636 3609 1762 3671 nostre
1782 3591 1885 3668 curia
1902 3590 2297 3696 judicium-absoluti,

870 3731 951 3808 aliis
967 3724 1148 3842 judicatis
1172 3729 1271 3807 dicte
1294 3728 1397 3805 curie
1418 3745 1547 3806 nostre
1568 3728 1667 3805 inter
1689 3724 1806 3802 dictas
1828 3722 2083 3830 paneadam,
2106 3738 2143 3799 at
2158 3751 2227 3829 pro
2250 3722 2302 3797 al-

870 3880 947 3940 tera
968 3859 1187 3941 earumdem
1204 3859 1493 3938 contradictum
1508 3858 1757 3966 prepositum,
1780 3852 2062 3931 remanentibus
2084 3855 2124 3929 in
2145 3881 2213 3930 sua
2235 3852 2301 3929 fir-

869 3997 1008 4072 mitate.

929 4131 1032 4202 Luna
1052 4142 1137 4230 post
1151 4127 1286 4202 Remos
1298 4123 1530 4200 Primatum.

928 4259 976 4335 M.
999 4260 1037 4334 Ρ.
1060 4259 1222 4364 Mangon
1245 4259 1460 4361 reportarit.

924 4520 1012 4599 XCI.
1045 4520 1128 4600 Lite
1144 4537 1264 4610 mota,
1285 4521 1324 4597 in
1345 4547 1453 4598 causa
1474 4514 1744 4624 appellacionis
1762 4511 1925 4590 incuria
1937 4529 2085 4596 anatra,
2102 4511 2201 4586 inter
2221 4536 2299 4585 ma·

868 4655 1025 4762 gistmm
1045 4651 1291 4731 Guillelmum
1309 4652 1356 4728 de
1385 4647 1623 4756 Kanquanel‚
1639 4675 1682 4723 ex
1699 4662 1805 4752 parte
1828 4661 1982 4732 una‚et
2002 4642 2164 4720 Alauum
2185 4641 2300 4716 Baau·

868 4786 1061 4892 bourges,
1094 4813 1136 4862 ex
1166 4784 1298 4872 altera,
1332 4811 1446 4889 super
1474 4779 1652 4887 eoquod
1683 4776 1833 4855 dicebat
1861 4776 1985 4853 dictus
2010 4772 2149 4851 Manus
2173 4769 2294 4876 qud,

868 4918 956 5022 ipsis
986 4915 1218 5022 iitigantibus
1245 4941 1369 4993 eoram
1393 4912 1569 5021 gentibus
1593 4911 1702 4988 ducis
1725 4906 1930 4994 Britannia,
1958 4906 2151 5012 petitaque
2177 4901 2223 4978 ab
2248 4929 2296 4978 en

867 5049 1050 5124 dilacione
1070 5047 1118 5122 ad
1133 5044 1352 5122 habendum
1367 5068 1480 5122 suum
1499 5041 1719 5129 consilium,
1741 5035 1949 5118 sanandum
1967 5037 2041 5114 ioci
2054 5031 2300 5113 eonsuetudi-

867 5207 968 5268 nem,
990 5194 1121 5286 gentes
1141 5176 1232 5254 dicti
1246 5176 1371 5264 ducis,
1387 5174 1460 5252 hoc
1479 5203 1556 5252 non
1572 5173 1746 5252 obstante
1767 5187 1804 5247 at
1820 5195 1899 5246 nou
1916 5192 2091 5246 consessa
2110 5164 2296 5241 dilacione

865 5311 1051 5419 predicta,
1073 5309 1113 5385 in
1134 5335 1240 5386 eausa
1259 5304 1424 5414 predicta
1443 5303 1730 5410 procedendum
1749 5327 1830 5378 esse
1845 5299 2052 5405 judicando
2071 5292 2305 5402 pronuncia-.

865 5462 967 5536 runt;
990 5472 1010 5520 a
1033 5425 1111 5548 quo
1132 5439 1319 5550 judicato,
1341 5455 1520 5541 tanquam
1548 5435 1641 5512 falso
1666 5453 1706 5512 et
1727 5459 1857 5539 prauo,
1884 5431 1931 5507 ad
1956 5446 2123 5508 nostram
2149 5425 2305 5504 cariam.
