5817 7292
1065 1066 1327 1174 ruQutrss
1353 1083 1416 1154 rr
1441 1062 1645 1154 ruccas.
1990 1083 2063 1156 ass

650 1247 688 1308 et
700 1225 892 1307 senescalli
907 1225 1084 1332 predicti,
1099 1227 1139 1302 iu
1152 1240 1334 1332 quantum
1351 1239 1514 1328 poterat,
1529 1218 1752 1298 inhibuisset
1769 1247 1818 1298 ne
1831 1219 1974 1300 dictum
1988 1223 2066 1300 edi·
2103 1233 2232 1298 Pmute
2244 1233 2287 1293 tv,

649 1361 779 1438 licium
800 1359 1066 1444 destrueretur,
1081 1357 1203 1433 dictus
1219 1354 1332 1432 abbas
1345 1353 1540 1460 respondit
1554 1351 1676 1458 quod,
1695 1377 1764 1428 uec
1778 1369 1931 1456 propter
1945 1353 2067 1462 appel-
2165 1324 2227 1366 Μ’

650 1489 854 1576 lacionem,
877 1510 948 1566 nec
965 1490 1119 1594 propter
1136 1491 1294 1596 Regem,
1316 1513 1386 1562 nec
1403 1501 1557 1591 prepter
1575 1507 1730 1588 roqum,
1746 1481 1954 1560 dimitteret
1973 1484 2066 1589 quin

651 1622 729 1728 ipse
754 1619 946 1697 edificium
970 1621 1182 1725 predictum
1206 1619 1431 1706 destrueret,
1451 1629 1653 1720 et„spreta
1677 1612 1774 1688 dicta
1796 1611 2065 1717 appellaciouc,

652 1750 796 1856 primus
815 1765 942 1826 contra
959 1749 1095 1826 dictam
1112 1749 1268 1825 domtun
1289 1746 1506 1854 percuciens
1528 1743 1697 1820 clamavit
1716 1773 1728 1818 c
1744 1741 1906 1820 Foudecl
1914 1742 2070 1847 fundes!

652 1896 691 1956 et
701 1896 791 1956 tunc
803 1895 933 1986 gentes
947 1879 1064 1984 ipsius
1076 1878 1218 1956 abbatis
1232 1877 1405 1954 funditus
1419 1875 1564 1954 dictum
1581 1873 1773 1950 edificium
1786 1871 2051 1954 destruxerunt
2058 1907 2080 1962 tv

652 2027 805 2116 propter
822 2009 928 2116 quod
945 2007 1061 2115 peciit
1079 2008 1203 2086 dictus
1220 2023 1452 2114 procurator,
1474 2022 1603 2083 contra
1619 2003 1817 2109 predictos
1825 2001 2074 2112 religiososet

653 2166 784 2216 eorum
795 2139 936 2216 curiam
953 2137 1178 2229 secularem,
1190 2163 1259 2243 pro
1270 2137 1384 2214 tantis
1396 2135 1836 2224 excessibus,.emendam
1848 2133 2071 2242 condignam

652 2267 763 2346 nobis
782 2268 987 2375 adjudicari
1006 2285 1045 2345 et
1058 2267 1224 2345 Arnaldo
1244 2266 1444 2372 predicto,
1457 2281 1698 2373 procuratore
1719 2265 1907 2342 dictorum
1928 2264 2072 2344 abbatis

653 2415 692 2476 et
709 2416 913 2476 conventus
932 2399 1158 2476 contrarium
1179 2396 1348 2487 dicentes
1363 2396 1517 2474 tandem
1537 2394 1762 2474 senescallus
1780 2394 1989 2499 pradictus,
2007 2425 2074 2474 au-

653 2527 742 2606 ditis
755 2527 969 2607 racionibus
983 2529 1177 2634 utriusque
1194 2528 1326 2635 partis,
1342 2555 1410 2634 per
1425 2525 1661 2602 diffinitivam
1676 2525 1921 2614 sentenciam,
1943 2524 1982 2602 in
1996 2543 2074 2603 tre-

653 2658 772 2736 centis
790 2658 897 2734 libris
912 2657 1321 2736 Turonensibusnobis
1333 2686 1403 2762 pro
1419 2657 1596 2744 emenda,
1613 2671 1651 2732 et
1669 2656 1708 2731 in
1725 2672 1896 2743 centum,
1912 2673 1950 2732 et
1963 2657 2074 2760 quin-

654 2787 831 2894 quaginta
845 2786 953 2865 libris
964 2787 1267 2874 Turonensibus,
1279 2784 1546 2892 ipsi-Arnaldo,
1558 2785 1710 2862 racione
1724 2783 2001 2873 demoliciouis,
2016 2787 2075 2865 val

656 2913 863 2995 dirucionis
881 2917 1067 3023 predicte,
1088 2916 1276 2994 solvendis
1298 2915 1433 2992 taxavit
1459 2932 1497 2993 et
1516 2914 1698 3022 judicavit
1717 2913 1921 2993 emendam
1945 2932 2074 2994 contra

655 3045 776 3125 dictos
794 3047 991 3156 religiosos
1007 3064 1049 3125 et
1067 3075 1200 3126 comm
1219 3048 1361 3126 curiam
1382 3045 1604 3134 secularem,
1628 3061 1666 3124 et
1684 3070 1861 3149 eapcnsas
1880 3043 1979 3125 dicte
1998 3044 2074 3125 litis

656 3174 781 3253 eidem
798 3175 963 3254 Arnaldo
979 3175 1217 3283 adjudicavit,
1237 3193 1277 3254 et
1292 3175 1551 3284 pronunciavit
1569 3173 1734 3253 eundem
1753 3201 1833 3250 esse
1850 3189 1890 3250 ct
1901 3172 2016 3253 ¹luisse
2033 3176 2074 3252 in

655 3306 887 3412 possessione
912 3305 1002 3382 dicti
1029 3307 1102 3382 orti
1125 3324 1296 3411 ternppre
1320 3304 1583 3382 demolicionis
1607 3303 1793 3409 predicte,
1814 3305 2076 3407 pronunciavit

656 3435 774 3514 eciam
789 3435 912 3541 ipsum
928 3435 1188 3514 reducendum
1204 3465 1285 3514 esse
1303 3436 1344 3510 in
1363 3435 1597 3541 possessione
1618 3433 1708 3512 dicti
1727 3433 1820 3524 orti,
1841 3451 1879 3510 et
1891 3434 2001 3542 quod
2019 3436 2076 3540 ip-

656 3591 739 3644 sum
763 3565 921 3643 trolium
947 3565 1164 3643 reedificare
1188 3582 1227 3642 et
1249 3565 1289 3640 in
1311 3564 1428 3671 priori
1455 3580 1554 3642 statu
1580 3591 1763 3669 reponere
1788 3581 1933 3670 posset;
1958 3595 2076 3672 aqua

656 3694 859 3783 sentencia,
878 3712 1058 3801 tanquam
1076 3694 1222 3800 iniqua,
1241 3712 1400 3800 utruqtac
1418 3693 1603 3800 porcium,
1623 3695 1665 3771 in
1685 3711 1867 3800 quantum
1888 3710 2016 3772 contra
2036 3723 2076 3774 se

656 3823 829 3911 iaciebat,
854 3825 903 3902 ad
928 3851 999 3903 nos
1025 3823 1240 3931 appellavit3
1263 3824 1433 3931 partibus
1455 3824 1570 3930 igitur
1588 3823 1628 3899 in
1650 3840 1777 3902 nostra
1800 3823 1902 3910 curia
1926 3851 2076 3928 compa-

658 3952 848 4045 rentibus,
869 3955 985 4060 peciit
1005 3955 1129 4034 dictus
1147 3971 1368 4061 procurator
1386 3970 1529 4040 noster,
1546 3969 1823 4040 cumconstet,
1848 3969 1892 4030 ut
1911 3952 2074 4040 dicebat,

659 4095 807 4188 partem
821 4083 1011 4162 dictorum
1032 4085 1296 4192 religiosorum
1314 4085 1389 4162 vim
1409 4083 1600 4191 publicarit
1617 4082 1898 4190 inhujusmcdi
1920 4084 2078 4162 commi-

658 4212 764 4302 sisse,
782 4214 882 4319 ipsos
895 4215 935 4290 in
952 4215 1152 4293 amissione
1167 4215 1341 4294 omnium
1355 4215 1545 4292 bonorum
1559 4239 1716 4292 suorum
1732 4213 1998 4319 temporalium
2014 4231 2079 4292 aut

661 4342 759 4421 dicte
778 4344 1037 4450 jurisdicionis
1060 4373 1128 4423 sue
1151 4345 1386 4452 temporalis,
1412 4343 1543 4420 saltem
1568 4343 1694 4450 quoad
1718 4343 1831 4420 sitam
1856 4371 1963 4422 suam
1989 4373 2079 4424 ccu-

661 4473 872 4579 dempnari‚
889 4491 928 4550 et
941 4474 1065 4580 quoad
1082 4475 1178 4552 hanc
1191 4474 1575 4581 condempnacioncm
1590 4501 1658 4579 per
1673 4472 1815 4552 dictum
1831 4474 2078 4553 senescallum

659 4601 792 4680 factam
820 4606 1070 4710 augmentari,
1091 4624 1334 4711 procuratore
1357 4605 1502 4684 abbatis
1526 4622 1566 4682 et
1590 4622 1793 4684 contentus
1821 4621 1973 4710 petente
1999 4607 2078 4684 dio-

659 4749 736 4810 tum
754 4736 982 4812 sentenciam
993 4735 1135 4812 nullam
1149 4763 1228 4814 esse
1247 4735 1506 4842 pronunciari,
1521 4752 1586 4812 aut
1599 4734 1631 4814 si
1644 4751 1744 4816 esset
1762 4733 1904 4842 aliqua,
1919 4763 2000 4813 eam
2021 4737 2078 4814 in-

656 4861 796 4968 justam
815 4865 967 4943 decerni
983 4898 993 4943 z
1012 4864 1161 4944 Auditis
1181 4866 1297 4975 igitur
1317 4866 1487 4973 parcium
1506 4864 1718 4946 nacionibus
1737 4865 1827 4942 hinc
1847 4882 1885 4942 et
1910 4865 2015 4953 inda,
2040 4885 2079 4944 et

660 4992 738 5070 viso
756 5009 837 5072 toto
855 5024 1033 5102 processu
1051 4997 1239 5103 predicto,
1260 4998 1364 5076 curia
1382 5015 1509 5076 nostra
1528 4997 1756 5077 sentenciam
1778 4996 1933 5102 predicti
1954 5025 2080 5076 sanes-

661 5120 759 5211 calli,
779 5124 819 5200 in
832 5152 879 5204 eo
894 5127 999 5233 quod
1014 5126 1094 5232 ipse
1111 5129 1245 5206 maurit
1258 5147 1297 5207 et
1307 5127 1548 5234 adjudicavit,
1568 5128 1717 5206 racione
1735 5127 1916 5235 predicta,
1934 5145 2081 5206 trecen-

660 5269 715 5329 tas
730 5251 842 5332 libras
855 5259 1112 5348 Turonenses,
1127 5279 1197 5367 pro
1212 5260 1374 5338 emenda
1386 5276 1531 5348 nostra,
1544 5277 1581 5338 et
1592 5277 1743 5339 centum
1760 5275 1798 5337 et
1810 5258 2080 5366 quinquaginta

661 5379 775 5468 libras
793 5387 1032 5465 Turonenses
1049 5389 1150 5468 dicto
1164 5389 1348 5481 Arncldo,
1368 5419 1437 5498 pro
1457 5389 1629 5497 dampnis
1648 5389 1695 5468 ab
1716 5417 1761 5468 co
1781 5389 1911 5494 passis,
1929 5387 2077 5470 racione

746 5557 800 5599 aas
819 5558 901 5603 οιιιι.
923 5564 970 5605 ιιι.
1913 5541 1952 5602 30
