5817 7292
856 1141 925 1210 196
1432 1137 1522 1210 LES
1562 1135 1703 1211 OLIM.

624 1289 809 1352 Pamle.
849 1281 967 1357 functi
989 1281 1070 1358 Ade
1093 1279 1305 1357 Douart‘de
1323 1278 1481 1367 dimiler,
1503 1279 1578 1356 visa
1601 1280 1773 1386 inquesta
1797 1307 1865 1358 seu
1884 1279 2018 1387 aprisia
2041 1305 2110 1387 per
2131 1281 2272 1362 dictum

686 1387 749 1427 1³⁰⁶.

850 1411 1030 1488 bailivum
1051 1410 1161 1500 facta,
1185 1437 1256 1516 per
1279 1410 1382 1486 curie
1407 1425 1534 1488 nostre
1555 1409 1762 1516 judicium,
1790 1410 1894 1488 idem
1915 1409 2132 1516 Philippus,
2161 1441 2275 1519 super

848 1558 971 1617 morte
984 1541 1073 1617 dicti
1083 1538 1329 1632 Donart,fuit
1337 1539 1835 1632 sentencialiterabsolutus;
1847 1541 1915 1618 sed
1924 1556 2079 1647 propter
2088 1542 2271 1648 quosdam

849 1699 1035 1759 excessus,
1053 1698 1121 1776 per
1138 1669 1284 1746 dictum
1300 1668 1519 1777 Philippum
1537 1669 1577 1745 in
1596 1668 1693 1748 iacto
1708 1670 1928 1779 hujusmodi
1944 1672 2180 1764 commissos,
2202 1672 2274 1752 fuit

848 1803 970 1880 dictus
983 1799 1180 1907 Philippus
1190 1799 1348 1876 domino
1364 1799 1455 1904 Regi
1469 1799 1509 1876 in
1523 1798 1724 1876 emendam
1738 1801 1987 1878 ducentarum
1999 1800 2181 1880 librarum
2194 1830 2273 1910 par·

846 1961 979 2010 vorum
1000 1928 1507 2017 bonorumTuronensium,
1530 1956 1599 2030 per
1617 1929 1721 2007 idem
1735 1931 1940 2038 judicium,
1959 1931 2270 2039 condempnatus.

900 2064 1003 2142 doris
1013 2079 1107 2169 post
1125 2058 1476 2138 Sanctum-Lucam.

902 2194 1089 2272 Dominus
1107 2192 1153 2272 G.
1176 2192 1224 2269 de
1243 2190 1427 2268 Plaisiano
1445 2193 1659 2296 reportavit.

902 2460 977 2539 XV.
1008 2459 1109 2537 Cum
1127 2456 1300 2535 Nicolaus
1314 2458 1467 2548 Garmt,
1487 2457 1534 2534 de
1555 2457 1689 2547 Janua,
1707 2458 2043 2564 proponensquod
2058 2459 2154 2564 ipse,
2173 2475 2270 2534 tem-

844 2618 937 2696 pore
956 2617 1091 2699 guerre
1109 2588 1304 2678 Flandrie‚
1328 2614 1461 2664 narem
1473 2588 1702 2693 quamdam,
1724 2605 1891 2666 vocatam
1910 2587 2270 2667 Crux-Auberti-de-

844 2723 1004 2825 Campo,
1026 2718 1134 2825 cujus
1152 2718 1329 2825 magister
1345 2717 1548 2795 vocabatur
1566 2719 1726 2826 Tydone
1741 2719 1898 2807 Cudoir,
1916 2719 2062 2797 onerari
2078 2718 2268 2796 frumento

844 2851 982 2928 fecerat
1000 2849 1102 2956 apud
1118 2847 1345 2938 Libornam‚
1362 2865 1402 2926 et
1416 2849 1613 2941 eamdem,
1635 2879 1705 2957 per
1719 2865 1970 2958 gentessuas,
1986 2851 2159 2931 rectaria
2173 2848 2272 2956 apud

846 2982 1048 3071 Calesium,
1066 3008 1137 3088 pro
1158 2979 1329 3058 subsidio
1348 2980 1525 3088 gencium
1548 3000 1784 3074 nostrarum,
1805 2981 1892 3060 duci
1911 2980 2069 3060 faciebat
2087 2982 2135 3059 de
2153 2981 2270 3058 licen-

845 3114 899 3191 cia
924 3132 962 3191 et
988 3141 1139 3192 assensu
1164 3110 1501 3190 senescallinostri
1521 3113 1726 3201 Vasconie,
1749 3113 1949 3192 Castellani
1974 3115 2021 3192 de
2046 3113 2210 3192 Foissart
2234 3130 2271 3189 et

844 3243 1231 3323 aliorumcu'stodum
1242 3241 1425 3350 portuum
1443 3260 1679 3334 nostrorum,
1703 3262 1741 3321 et
1761 3271 1848 3322 cum
1870 3244 2005 3322 litteris
2026 3246 2266 3333 eorumdem,

844 3375 1023 3481 quodque
1050 3372 1280 3453 Guillelmus
1306 3373 1491 3452 Guerardi
1523 3392 1561 3451 et
1589 3373 1817 3452 Guillelmus
1845 3374 1893 3451 de
1923 3374 2149 3453 Monastcrio
2176 3375 2270 3452 duas

843 3533 970 3596 naves,
992 3521 1136 3583 vocatas
1159 3505 1195 3583 la
1214 3503 1372 3583 Bosarde
1395 3521 1434 3581 et
1454 3504 1490 3582 la
1515 3505 1691 3596 Mariote,
1719 3533 1805 3583 cum
1826 3503 2033 3584 Guisselmo
2054 3505 2102 3581 de
2122 3504 2268 3582 Burde-

842 3637 978 3744 galaet
992 3637 1153 3716 Martino
1170 3635 1348 3714 Hierome
1366 3635 1414 3712 de
1431 3636 1539 3712 Loire
1556 3650 1595 3712 et
1609 3636 1691 3714 aliis
1706 3635 1953 3742 complicibus
1969 3636 2062 3727 suis,
2079 3663 2150 3743 per.
2164 3662 2266 3713 mare

844 3769 1025 3848 ducentes
1045 3785 1094 3846 et,
1109 3767 1163 3845 eis
1189 3767 1402 3858 obviantes,
1424 3767 1641 3844 invaserunt
1667 3781 1707 3843 et
1725 3766 2015 3844 vulneraverunt
2035 3767 2207 3855 eosdem,
2230 3783 2268 3844 et

843 3902 944 4007 ipsos
969 3900 1154 3979 violenter
1173 3916 1212 3977 et
1239 3899 1447 4006 injusteet
1473 3925 1560 3976 cum
1586 3898 1699 3975 armis
1721 3898 1976 4004 spoliaverunt
1999 3898 2098 3976 dicta
2122 3899 2205 3976 navi
2231 3916 2269 3975 et

843 4030 1033 4108 frumento
1053 4059 1122 4109 suo
1143 4030 1184 4107 in
1204 4058 1247 4106 ea
1269 4029 1466 4119 existente,
1489 4045 1636 4135 peteret
1655 4028 1776 4107 dictos
1800 4031 1989 4106 invasores
2018 4029 2194 4135 compelli
2220 4029 2267 4105 ad

841 4162 912 4240 sibi
936 4161 1175 4241 reddendum
1200 4160 1347 4238 dictum
1366 4157 1543 4250 bladum,
1571 4161 1602 4236 si
1623 4177 1739 4251 extat,
1762 4159 1930 4266 alioquin
1954 4177 2135 4267 nogentas
2154 4160 2267 4238 libras

841 4295 1065 4372 Parisienses
1087 4322 1157 4400 pro
1183 4294 1264 4401 ejus
1284 4293 1427 4382 valore,
1451 4306 1490 4368 et
1511 4321 1530 4368 e
1552 4292 1792 4372 contradicti
1816 4291 2063 4370 defendentes
2081 4320 2267 4400 propone-

840 4439 926 4500 rent
945 4453 1003 4516 se,
1028 4441 1196 4528 exparte
1218 4440 1360 4511 nostra,
1383 4423 1431 4501 ad
1451 4423 1660 4501 custodiam
1680 4440 1862 4530 portuum
1883 4423 2098 4530 deputatos,
2123 4423 2265 4500 utendo

841 4579 914 4637 suo,
926 4550 1066 4643 officio,
1087 4552 1225 4629 dictam
1241 4580 1389 4643 navem,
1407 4554 1496 4659 quia
1511 4571 1590 4632 erat
1606 4555 1655 4632 de
1668 4553 1859 4646 Flandrie‚
1877 4555 1985 4663 cujus
1998 4554 2174 4659 magister
2188 4571 2266 4632 erat

790 4757 796 4769 ,
841 4683 1024 4761 Martinus
1047 4683 1138 4771 Dor,
1167 4682 1387 4790 Flamingus
1415 4701 1454 4760 et
1481 4685 1657 4764 inimicus
1684 4703 1822 4775 noster,
1845 4701 1972 4764 contra
1995 4684 2165 4762 bannum
2184 4711 2265 4760 nos

840 4831 942 4890 trum
961 4814 1010 4891 ad
1033 4813 1206 4893 inimicos
1232 4832 1382 4893 nostros
1402 4831 1558 4892 euntem
1587 4845 1672 4894 cum
1694 4815 1808 4894 blado
1828 4817 1869 4892 in
1894 4843 1937 4892 ea
1957 4814 2151 4902 existente,
2174 4830 2266 4891 tam-

841 4972 955 5052 quam
976 4944 1086 5025 nobis
1105 4946 1323 5035 commisso,
1338 4948 1440 5059 juste
1465 4962 1502 5022 et
1521 4947 1799 5026 racionabiliter
1819 4945 2155 5052 cepisse‚maxime
2178 4973 2264 5021 cum

840 5077 958 5182 ipsius
972 5079 1235 5168 conductores,
1253 5077 1485 5156 sufficienter
1500 5078 1547 5156 ab
1564 5081 1618 5158 eis
1632 5079 1820 5188 requisiti,
1844 5078 1992 5158 nollent
2006 5078 2124 5156 [idern
2144 5076 2264 5154 facere

839 5209 886 5287 de
909 5237 979 5293 suo
1001 5208 1209 5297 conductu,
1232 5209 1301 5286 sed
1321 5208 1500 5287 chablum
1521 5239 1634 5289 suum
1663 5211 1858 5291 sciderunt
1878 5229 1922 5289 ut
1943 5210 2072 5318 fugere
2091 5225 2261 5318 possent,

837 5338 1013 5447 pluribus
1029 5338 1249 5416 racionibns·
1259 5355 1435 5445 petentes
1455 5371 1497 5419 se
1516 5371 1537 5418 a
1558 5343 1656 5422 dicta
1674 5345 1864 5451 peticione
1885 5341 2044 5429 absolvi,
2067 5358 2104 5418 et
2119 5339 2262 5416 dictum

838 5468 1040 5547 Nicolaum
1054 5468 1094 5545 in
1115 5468 1287 5546 ducentis
1306 5468 1413 5549 libris
1432 5472 1723 5564 Parisiensibus,
1745 5501 1815 5578 pro
1834 5470 2005 5577 dampnis
2020 5471 2091 5548 sibi
2106 5497 2175 5575 per
2191 5468 2263 5545 hoc
