<?xml version="1.0" encoding="UTF-8"?>
<!DOCTYPE html PUBLIC "-//W3C//DTD XHTML 1.0 Transitional//EN"
    "http://www.w3.org/TR/xhtml1/DTD/xhtml1-transitional.dtd">
<html xmlns="http://www.w3.org/1999/xhtml" xml:lang="en" lang="en">
 <head>
  <title>
</title>
<meta http-equiv="Content-Type" content="text/html;charset=utf-8" />
  <meta name='ocr-system' content='tesseract 3.04.00' />
  <meta name='ocr-capabilities' content='ocr_page ocr_carea ocr_par ocr_line ocrx_word'/>
</head>
<body>
  <div class='ocr_page' id='page_1' title='image "./lesolimouregist00pargoog_0650.png"; bbox 0 0 5817 7292; ppageno 0'>
   <div class='ocr_carea' id='block_1_1' title="bbox 888 1069 1729 1145">
    <p class='ocr_par' dir='ltr' id='par_1_1' title="bbox 888 1069 1729 1145">
     <span class='ocr_line' id='line_1_1' title="bbox 888 1069 1729 1145; baseline -0.002 0"><span class='ocrx_word' id='word_1_1' title='bbox 888 1070 961 1145; x_wconf 69' lang='lat'>5118</span> <span class='ocrx_word' id='word_1_2' title='bbox 1468 1072 1560 1145; x_wconf 86' lang='lat' dir='ltr'>LES</span> <span class='ocrx_word' id='word_1_3' title='bbox 1590 1069 1729 1143; x_wconf 84' lang='lat' dir='ltr'>OLlM.</span> 
     </span>
    </p>
   </div>
   <div class='ocr_carea' id='block_1_2' title="bbox 659 1210 2308 1319">
    <p class='ocr_par' dir='ltr' id='par_1_2' title="bbox 659 1210 2308 1319">
     <span class='ocr_line' id='line_1_2' title="bbox 659 1210 2308 1319; baseline 0.003 -30"><span class='ocrx_word' id='word_1_4' title='bbox 659 1226 788 1281; x_wconf 71' lang='lat' dir='ltr'>Parnm</span> <span class='ocrx_word' id='word_1_5' title='bbox 802 1225 844 1287; x_wconf 82' lang='lat' dir='ltr'>tv,</span> <span class='ocrx_word' id='word_1_6' title='bbox 883 1231 1091 1304; x_wconf 85' lang='lat' dir='ltr'>teneretur;</span> <span class='ocrx_word' id='word_1_7' title='bbox 1113 1212 1252 1319; x_wconf 90' lang='lat' dir='ltr'>quibus</span> <span class='ocrx_word' id='word_1_8' title='bbox 1267 1210 1422 1300; x_wconf 88' lang='lat' dir='ltr'>auditis,</span> <span class='ocrx_word' id='word_1_9' title='bbox 1438 1212 1559 1290; x_wconf 88' lang='lat' dir='ltr'>dictus</span> <span class='ocrx_word' id='word_1_10' title='bbox 1576 1212 1790 1319; x_wconf 80' lang='lat' dir='ltr'><strong>prepositus</strong></span> <span class='ocrx_word' id='word_1_11' title='bbox 1806 1211 2065 1317; x_wconf 68' lang='lat' dir='ltr'>pronunciavit</span> <span class='ocrx_word' id='word_1_12' title='bbox 2083 1214 2188 1319; x_wconf 87' lang='lat' dir='ltr'>quod</span> <span class='ocrx_word' id='word_1_13' title='bbox 2199 1212 2308 1305; x_wconf 82' lang='lat' dir='ltr'>facta,</span> 
     </span>
    </p>
   </div>
   <div class='ocr_carea' id='block_1_3' title="bbox 720 1318 783 1359">
    <p class='ocr_par' dir='ltr' id='par_1_3' title="bbox 720 1318 783 1359">
     <span class='ocr_line' id='line_1_3' title="bbox 720 1318 783 1359; baseline 0 0"><span class='ocrx_word' id='word_1_14' title='bbox 720 1318 783 1359; x_wconf 80' lang='lat'>1³10.</span> 
     </span>
    </p>
   </div>
   <div class='ocr_carea' id='block_1_4' title="bbox 875 1341 2413 2767">
    <p class='ocr_par' dir='ltr' id='par_1_4' title="bbox 875 1341 2413 2767">
     <span class='ocr_line' id='line_1_4' title="bbox 885 1341 2313 1454; baseline 0.003 -32"><span class='ocrx_word' id='word_1_15' title='bbox 885 1345 930 1422; x_wconf 90' lang='lat' dir='ltr'>ab</span> <span class='ocrx_word' id='word_1_16' title='bbox 945 1364 1102 1454; x_wconf 87' lang='lat' dir='ltr'>utraque</span> <span class='ocrx_word' id='word_1_17' title='bbox 1116 1362 1220 1452; x_wconf 88' lang='lat' dir='ltr'>parte</span> <span class='ocrx_word' id='word_1_18' title='bbox 1235 1344 1441 1451; x_wconf 90' lang='lat' dir='ltr'>proposita,</span> <span class='ocrx_word' id='word_1_19' title='bbox 1459 1343 1681 1423; x_wconf 79' lang='lat' dir='ltr'>admittebat</span> <span class='ocrx_word' id='word_1_20' title='bbox 1696 1343 1744 1420; x_wconf 95' lang='lat' dir='ltr'>ad</span> <span class='ocrx_word' id='word_1_21' title='bbox 1757 1341 2016 1450; x_wconf 90' lang='lat' dir='ltr'>probandum,</span> <span class='ocrx_word' id='word_1_22' title='bbox 2033 1344 2207 1424; x_wconf 90' lang='lat' dir='ltr'>videlicet</span> <span class='ocrx_word' id='word_1_23' title='bbox 2218 1347 2313 1426; x_wconf 84' lang='lat' dir='ltr'>facta</span> 
     </span>
     <span class='ocr_line' id='line_1_5' title="bbox 883 1464 2413 1587; baseline 0.001 -32"><span class='ocrx_word' id='word_1_24' title='bbox 883 1479 1005 1585; x_wconf 91' lang='lat' dir='ltr'>primo</span> <span class='ocrx_word' id='word_1_25' title='bbox 1029 1494 1068 1556; x_wconf 90' lang='lat' dir='ltr'>et</span> <span class='ocrx_word' id='word_1_26' title='bbox 1092 1476 1345 1584; x_wconf 85' lang='lat' dir='ltr'>principaliter</span> <span class='ocrx_word' id='word_1_27' title='bbox 1367 1476 1560 1583; x_wconf 84' lang='lat' dir='ltr'>proposita</span> <span class='ocrx_word' id='word_1_28' title='bbox 1583 1475 1865 1565; x_wconf 89' lang='lat' dir='ltr'>tantummodo,</span> <span class='ocrx_word' id='word_1_29' title='bbox 1885 1504 1957 1553; x_wconf 88' lang='lat' dir='ltr'>nec</span> <span class='ocrx_word' id='word_1_30' title='bbox 1968 1475 2173 1583; x_wconf 87' lang='lat' dir='ltr'>recipiebat</span> <span class='ocrx_word' id='word_1_31' title='bbox 2190 1476 2314 1587; x_wconf 83' lang='lat' dir='ltr'>aliqua</span> <span class='ocrx_word' id='word_1_32' title='bbox 2407 1464 2413 1475; x_wconf 55' lang='grc'><strong>’</strong></span> 
     </span>
     <span class='ocr_line' id='line_1_6' title="bbox 884 1604 2313 1717; baseline 0.001 -30"><span class='ocrx_word' id='word_1_33' title='bbox 884 1610 976 1689; x_wconf 84' lang='lat' dir='ltr'>lacta</span> <span class='ocrx_word' id='word_1_34' title='bbox 991 1609 1179 1717; x_wconf 88' lang='lat' dir='ltr'>proposita</span> <span class='ocrx_word' id='word_1_35' title='bbox 1194 1609 1232 1685; x_wconf 89' lang='lat' dir='ltr'>in</span> <span class='ocrx_word' id='word_1_36' title='bbox 1248 1607 1558 1715; x_wconf 89' lang='lat' dir='ltr'>replicacionibns</span> <span class='ocrx_word' id='word_1_37' title='bbox 1572 1635 1640 1683; x_wconf 90' lang='lat' dir='ltr'>seu</span> <span class='ocrx_word' id='word_1_38' title='bbox 1655 1604 1978 1711; x_wconf 75' lang='lat' dir='ltr'>duplicationibus</span> <span class='ocrx_word' id='word_1_39' title='bbox 1991 1624 2056 1684; x_wconf 89' lang='lat' dir='ltr'>aut</span> <span class='ocrx_word' id='word_1_40' title='bbox 2068 1636 2112 1683; x_wconf 86' lang='lat' dir='ltr'>ex</span> <span class='ocrx_word' id='word_1_41' title='bbox 2131 1608 2313 1715; x_wconf 81' lang='lat' dir='ltr'>postfacto</span> 
     </span>
     <span class='ocr_line' id='line_1_7' title="bbox 882 1735 2312 1849; baseline 0.001 -31"><span class='ocrx_word' id='word_1_42' title='bbox 882 1742 1091 1849; x_wconf 85' lang='lat' dir='ltr'>proposita,</span> <span class='ocrx_word' id='word_1_43' title='bbox 1104 1739 1436 1847; x_wconf 88' lang='lat' dir='ltr'>pronunciavitque</span> <span class='ocrx_word' id='word_1_44' title='bbox 1449 1738 1553 1846; x_wconf 88' lang='lat' dir='ltr'>quod</span> <span class='ocrx_word' id='word_1_45' title='bbox 1564 1735 1744 1815; x_wconf 77' lang='lat' dir='ltr'>articulus</span> <span class='ocrx_word' id='word_1_46' title='bbox 1756 1738 1821 1844; x_wconf 92' lang='lat' dir='ltr'>qui</span> <span class='ocrx_word' id='word_1_47' title='bbox 1833 1737 1979 1846; x_wconf 85' lang='lat' dir='ltr'>incipit:</span> <span class='ocrx_word' id='word_1_48' title='bbox 1995 1739 2132 1829; x_wconf 80' lang='lat' dir='ltr'>«ltem,</span> <span class='ocrx_word' id='word_1_49' title='bbox 2144 1757 2312 1846; x_wconf 85' lang='lat' dir='ltr'>quetout</span> 
     </span>
     <span class='ocr_line' id='line_1_8' title="bbox 882 1870 2311 1983; baseline -0.001 -30"><span class='ocrx_word' id='word_1_50' title='bbox 882 1874 929 1953; x_wconf 91' lang='lat' dir='ltr'>cil</span> <span class='ocrx_word' id='word_1_51' title='bbox 948 1874 1013 1983; x_wconf 93' lang='lat' dir='ltr'>qui</span> <span class='ocrx_word' id='word_1_52' title='bbox 1034 1873 1203 1951; x_wconf 88' lang='lat' dir='ltr'>tiennent</span> <span class='ocrx_word' id='word_1_53' title='bbox 1225 1871 1278 1947; x_wconf 91' lang='lat' dir='ltr'>les</span> <span class='ocrx_word' id='word_1_54' title='bbox 1296 1870 1482 1978; x_wconf 82' lang='lat' dir='ltr'>heritages</span> <span class='ocrx_word' id='word_1_55' title='bbox 1501 1870 1618 1977; x_wconf 87' lang='lat' dir='ltr'>parle</span> <span class='ocrx_word' id='word_1_56' title='bbox 1636 1897 1832 1977; x_wconf 84' lang='lat' dir='ltr'>royaume,</span> <span class='ocrx_word' id='word_1_57' title='bbox 1851 1887 1920 1949; x_wconf 90' lang='lat' dir='ltr'>etc.</span> <span class='ocrx_word' id='word_1_58' title='bbox 1936 1907 1950 1939; x_wconf 77' lang='grc' dir='ltr'><strong><em>ι</em></strong></span> <span class='ocrx_word' id='word_1_59' title='bbox 1967 1887 2006 1953; x_wconf 90' lang='lat' dir='ltr'>et</span> <span class='ocrx_word' id='word_1_60' title='bbox 2018 1898 2152 1948; x_wconf 89' lang='lat' dir='ltr'>omnes</span> <span class='ocrx_word' id='word_1_61' title='bbox 2167 1872 2311 1951; x_wconf 84' lang='lat' dir='ltr'>articuli</span> 
     </span>
     <span class='ocr_line' id='line_1_9' title="bbox 881 2000 2312 2111; baseline 0.001 -28"><span class='ocrx_word' id='word_1_62' title='bbox 881 2022 1080 2111; x_wconf 85' lang='lat' dir='ltr'>sequentes</span> <span class='ocrx_word' id='word_1_63' title='bbox 1094 2032 1213 2110; x_wconf 89' lang='lat' dir='ltr'>usque</span> <span class='ocrx_word' id='word_1_64' title='bbox 1229 2001 1278 2081; x_wconf 89' lang='lat' dir='ltr'>ad</span> <span class='ocrx_word' id='word_1_65' title='bbox 1287 2002 1488 2081; x_wconf 88' lang='lat' dir='ltr'>articulum</span> <span class='ocrx_word' id='word_1_66' title='bbox 1502 2002 1740 2079; x_wconf 89' lang='lat' dir='ltr'>mencionem</span> <span class='ocrx_word' id='word_1_67' title='bbox 1754 2000 1952 2080; x_wconf 81' lang='lat' dir='ltr'>facientem</span> <span class='ocrx_word' id='word_1_68' title='bbox 1964 2002 2012 2079; x_wconf 89' lang='lat' dir='ltr'>de</span> <span class='ocrx_word' id='word_1_69' title='bbox 2026 2030 2211 2109; x_wconf 88' lang='lat' dir='ltr'>pressura,</span> <span class='ocrx_word' id='word_1_70' title='bbox 2225 2024 2312 2083; x_wconf 87' lang='lat' dir='ltr'>sunt</span> 
     </span>
     <span class='ocr_line' id='line_1_10' title="bbox 880 2132 2307 2242; baseline 0.001 -30"><span class='ocrx_word' id='word_1_71' title='bbox 880 2136 1179 2242; x_wconf 84' lang='lat' dir='ltr'>impertinentes,</span> <span class='ocrx_word' id='word_1_72' title='bbox 1197 2152 1235 2211; x_wconf 91' lang='lat' dir='ltr'>et</span> <span class='ocrx_word' id='word_1_73' title='bbox 1248 2150 1335 2212; x_wconf 89' lang='lat' dir='ltr'>sunt</span> <span class='ocrx_word' id='word_1_74' title='bbox 1354 2132 1439 2239; x_wconf 92' lang='lat' dir='ltr'>plus</span> <span class='ocrx_word' id='word_1_75' title='bbox 1450 2133 1548 2240; x_wconf 90' lang='lat' dir='ltr'>juris</span> <span class='ocrx_word' id='word_1_76' title='bbox 1567 2162 1635 2211; x_wconf 88' lang='lat' dir='ltr'>seu</span> <span class='ocrx_word' id='word_1_77' title='bbox 1650 2133 1933 2211; x_wconf 79' lang='lat' dir='ltr'>consuetudinis</span> <span class='ocrx_word' id='word_1_78' title='bbox 1944 2162 2060 2241; x_wconf 86' lang='lat' dir='ltr'>quam</span> <span class='ocrx_word' id='word_1_79' title='bbox 2072 2132 2176 2223; x_wconf 86' lang='lat' dir='ltr'>lacti,</span> <span class='ocrx_word' id='word_1_80' title='bbox 2193 2164 2307 2242; x_wconf 86' lang='lat' dir='ltr'>qnare</span> 
     </span>
     <span class='ocr_line' id='line_1_11' title="bbox 882 2263 2308 2373; baseline -0.001 -28"><span class='ocrx_word' id='word_1_81' title='bbox 882 2296 946 2345; x_wconf 91' lang='lat' dir='ltr'>eos</span> <span class='ocrx_word' id='word_1_82' title='bbox 966 2266 1178 2345; x_wconf 89' lang='lat' dir='ltr'>nullatenus</span> <span class='ocrx_word' id='word_1_83' title='bbox 1198 2264 1419 2343; x_wconf 86' lang='lat' dir='ltr'>admittebat</span> <span class='ocrx_word' id='word_1_84' title='bbox 1442 2265 1491 2341; x_wconf 94' lang='lat' dir='ltr'>ad</span> <span class='ocrx_word' id='word_1_85' title='bbox 1515 2263 1768 2372; x_wconf 87' lang='lat' dir='ltr'>probandum,</span> <span class='ocrx_word' id='word_1_86' title='bbox 1791 2292 1860 2341; x_wconf 86' lang='lat' dir='ltr'>nec</span> <span class='ocrx_word' id='word_1_87' title='bbox 1878 2264 1970 2343; x_wconf 88' lang='lat' dir='ltr'>alios</span> <span class='ocrx_word' id='word_1_88' title='bbox 1992 2264 2161 2373; x_wconf 88' lang='lat' dir='ltr'>ejusdem</span> <span class='ocrx_word' id='word_1_89' title='bbox 2180 2266 2308 2343; x_wconf 90' lang='lat' dir='ltr'>condi-</span> 
     </span>
     <span class='ocr_line' id='line_1_12' title="bbox 882 2394 2307 2505; baseline 0.001 -32"><span class='ocrx_word' id='word_1_90' title='bbox 882 2398 1000 2475; x_wconf 91' lang='lat' dir='ltr'>cionis</span> <span class='ocrx_word' id='word_1_91' title='bbox 1020 2396 1218 2477; x_wconf 81' lang='lat' dir='ltr'>existentes</span> <span class='ocrx_word' id='word_1_92' title='bbox 1240 2424 1307 2503; x_wconf 92' lang='lat' dir='ltr'>per</span> <span class='ocrx_word' id='word_1_93' title='bbox 1330 2397 1476 2475; x_wconf 90' lang='lat' dir='ltr'>dictum</span> <span class='ocrx_word' id='word_1_94' title='bbox 1499 2394 1744 2475; x_wconf 89' lang='lat' dir='ltr'>Guillelmum</span> <span class='ocrx_word' id='word_1_95' title='bbox 1764 2396 1939 2486; x_wconf 86' lang='lat' dir='ltr'>traditos,</span> <span class='ocrx_word' id='word_1_96' title='bbox 1963 2396 2046 2486; x_wconf 87' lang='lat' dir='ltr'>sed,</span> <span class='ocrx_word' id='word_1_97' title='bbox 2067 2397 2106 2475; x_wconf 93' lang='lat' dir='ltr'>in</span> <span class='ocrx_word' id='word_1_98' title='bbox 2123 2414 2307 2505; x_wconf 87' lang='lat' dir='ltr'>quantum</span> 
     </span>
     <span class='ocr_line' id='line_1_13' title="bbox 876 2526 2307 2637; baseline -0.001 -30"><span class='ocrx_word' id='word_1_99' title='bbox 876 2531 940 2637; x_wconf 89' lang='lat' dir='ltr'>jus</span> <span class='ocrx_word' id='word_1_100' title='bbox 951 2547 1100 2637; x_wconf 85' lang='lat' dir='ltr'>tangere</span> <span class='ocrx_word' id='word_1_101' title='bbox 1117 2544 1284 2633; x_wconf 88' lang='lat' dir='ltr'>possunt,</span> <span class='ocrx_word' id='word_1_102' title='bbox 1300 2526 1443 2606; x_wconf 89' lang='lat' dir='ltr'>valeant</span> <span class='ocrx_word' id='word_1_103' title='bbox 1462 2528 1500 2603; x_wconf 94' lang='lat' dir='ltr'>in</span> <span class='ocrx_word' id='word_1_104' title='bbox 1516 2527 1721 2617; x_wconf 88' lang='lat' dir='ltr'>diffinitiva,</span> <span class='ocrx_word' id='word_1_105' title='bbox 1739 2545 1781 2604; x_wconf 91' lang='lat' dir='ltr'>ut</span> <span class='ocrx_word' id='word_1_106' title='bbox 1797 2526 2012 2619; x_wconf 84' lang='lat' dir='ltr'>debebunt;</span> <span class='ocrx_word' id='word_1_107' title='bbox 2028 2556 2139 2634; x_wconf 85' lang='lat' dir='ltr'>aquo</span> <span class='ocrx_word' id='word_1_108' title='bbox 2153 2527 2307 2634; x_wconf 86' lang='lat' dir='ltr'>quidem</span> 
     </span>
     <span class='ocr_line' id='line_1_14' title="bbox 875 2658 2309 2767; baseline 0.001 -31"><span class='ocrx_word' id='word_1_109' title='bbox 875 2659 1062 2767; x_wconf 88' lang='lat' dir='ltr'>judicato,</span> <span class='ocrx_word' id='word_1_110' title='bbox 1080 2676 1257 2765; x_wconf 85' lang='lat' dir='ltr'>tanquam</span> <span class='ocrx_word' id='word_1_111' title='bbox 1273 2687 1292 2735; x_wconf 90' lang='lat' dir='ltr'>a</span> <span class='ocrx_word' id='word_1_112' title='bbox 1308 2658 1400 2737; x_wconf 84' lang='lat' dir='ltr'>salso</span> <span class='ocrx_word' id='word_1_113' title='bbox 1421 2676 1460 2737; x_wconf 90' lang='lat' dir='ltr'>et</span> <span class='ocrx_word' id='word_1_114' title='bbox 1479 2688 1610 2765; x_wconf 89' lang='lat' dir='ltr'>pravo,</span> <span class='ocrx_word' id='word_1_115' title='bbox 1627 2687 1672 2735; x_wconf 79' lang='lat' dir='ltr'>es</span> <span class='ocrx_word' id='word_1_116' title='bbox 1686 2675 1792 2764; x_wconf 83' lang='lat' dir='ltr'>parte</span> <span class='ocrx_word' id='word_1_117' title='bbox 1813 2659 1905 2737; x_wconf 91' lang='lat' dir='ltr'>dicti</span> <span class='ocrx_word' id='word_1_118' title='bbox 1919 2658 2130 2749; x_wconf 89' lang='lat' dir='ltr'>Guillelmi,</span> <span class='ocrx_word' id='word_1_119' title='bbox 2147 2659 2188 2736; x_wconf 91' lang='lat' dir='ltr'>in</span> <span class='ocrx_word' id='word_1_120' title='bbox 2197 2688 2309 2767; x_wconf 90' lang='lat' dir='ltr'>quan·</span> 
     </span>
    </p>
   </div>
   <div class='ocr_carea' id='block_1_5' title="bbox 879 2790 2434 2899">
    <p class='ocr_par' dir='ltr' id='par_1_5' title="bbox 879 2790 2434 2899">
     <span class='ocr_line' id='line_1_15' title="bbox 879 2790 2434 2899; baseline 0.001 -33"><span class='ocrx_word' id='word_1_121' title='bbox 879 2808 961 2867; x_wconf 90' lang='lat' dir='ltr'>tum</span> <span class='ocrx_word' id='word_1_122' title='bbox 982 2808 1107 2869; x_wconf 88' lang='lat' dir='ltr'>contra</span> <span class='ocrx_word' id='word_1_123' title='bbox 1128 2819 1166 2869; x_wconf 91' lang='lat' dir='ltr'>se</span> <span class='ocrx_word' id='word_1_124' title='bbox 1187 2790 1305 2867; x_wconf 85' lang='lat' dir='ltr'>latum</span> <span class='ocrx_word' id='word_1_125' title='bbox 1322 2808 1394 2879; x_wconf 90' lang='lat' dir='ltr'>est,</span> <span class='ocrx_word' id='word_1_126' title='bbox 1414 2790 1464 2867; x_wconf 91' lang='lat' dir='ltr'>ad</span> <span class='ocrx_word' id='word_1_127' title='bbox 1479 2808 1645 2869; x_wconf 91' lang='lat' dir='ltr'>nostram</span> <span class='ocrx_word' id='word_1_128' title='bbox 1659 2790 1801 2869; x_wconf 91' lang='lat' dir='ltr'>curiam</span> <span class='ocrx_word' id='word_1_129' title='bbox 1819 2791 1940 2869; x_wconf 84' lang='lat' dir='ltr'>extitit</span> <span class='ocrx_word' id='word_1_130' title='bbox 1955 2790 2182 2899; x_wconf 87' lang='lat' dir='ltr'>appellatum</span> <span class='ocrx_word' id='word_1_131' title='bbox 2195 2824 2204 2869; x_wconf 74' lang='lat' dir='ltr'><strong><em>z</em></strong></span> <span class='ocrx_word' id='word_1_132' title='bbox 2215 2791 2312 2870; x_wconf 89' lang='lat' dir='ltr'>Visis</span> <span class='ocrx_word' id='word_1_133' title='bbox 2429 2878 2434 2885; x_wconf 74' lang='lat'><strong>.</strong></span> 
     </span>
    </p>
   </div>
   <div class='ocr_carea' id='block_1_6' title="bbox 878 2921 2313 4346">
    <p class='ocr_par' dir='ltr' id='par_1_6' title="bbox 878 2921 2313 3949">
     <span class='ocr_line' id='line_1_16' title="bbox 881 2921 2313 3029; baseline 0.001 -32"><span class='ocrx_word' id='word_1_134' title='bbox 881 2924 995 3029; x_wconf 85' lang='lat' dir='ltr'>igitur</span> <span class='ocrx_word' id='word_1_135' title='bbox 1008 2921 1246 3029; x_wconf 87' lang='lat' dir='ltr'>processibus</span> <span class='ocrx_word' id='word_1_136' title='bbox 1263 2938 1301 2999; x_wconf 93' lang='lat' dir='ltr'>et</span> <span class='ocrx_word' id='word_1_137' title='bbox 1315 2922 1530 2999; x_wconf 91' lang='lat' dir='ltr'>racionibus</span> <span class='ocrx_word' id='word_1_138' title='bbox 1549 2922 1663 3029; x_wconf 88' lang='lat' dir='ltr'>partis</span> <span class='ocrx_word' id='word_1_139' title='bbox 1677 2921 1894 3027; x_wconf 87' lang='lat' dir='ltr'>utriusque,</span> <span class='ocrx_word' id='word_1_140' title='bbox 1911 2951 1980 3028; x_wconf 92' lang='lat' dir='ltr'>per</span> <span class='ocrx_word' id='word_1_141' title='bbox 1993 2922 2097 3000; x_wconf 90' lang='lat' dir='ltr'>curie</span> <span class='ocrx_word' id='word_1_142' title='bbox 2113 2922 2313 3029; x_wconf 86' lang='lat' dir='ltr'>nostreju-</span> 
     </span>
     <span class='ocr_line' id='line_1_17' title="bbox 881 3052 2308 3161; baseline -0.002 -30"><span class='ocrx_word' id='word_1_143' title='bbox 881 3052 1040 3143; x_wconf 86' lang='lat' dir='ltr'>dicium,</span> <span class='ocrx_word' id='word_1_144' title='bbox 1054 3053 1124 3133; x_wconf 86' lang='lat' dir='ltr'>suit</span> <span class='ocrx_word' id='word_1_145' title='bbox 1140 3053 1263 3131; x_wconf 91' lang='lat' dir='ltr'>omnis</span> <span class='ocrx_word' id='word_1_146' title='bbox 1279 3052 1546 3161; x_wconf 90' lang='lat' dir='ltr'>appellacionis</span> <span class='ocrx_word' id='word_1_147' title='bbox 1560 3052 1710 3159; x_wconf 89' lang='lat' dir='ltr'>questio</span> <span class='ocrx_word' id='word_1_148' title='bbox 1728 3052 1902 3131; x_wconf 85' lang='lat' dir='ltr'>submota</span> <span class='ocrx_word' id='word_1_149' title='bbox 1918 3070 1958 3131; x_wconf 87' lang='lat' dir='ltr'>et</span> <span class='ocrx_word' id='word_1_150' title='bbox 1971 3054 2053 3131; x_wconf 90' lang='lat' dir='ltr'>sine</span> <span class='ocrx_word' id='word_1_151' title='bbox 2069 3052 2244 3141; x_wconf 86' lang='lat' dir='ltr'>emenda,</span> <span class='ocrx_word' id='word_1_152' title='bbox 2258 3069 2308 3141; x_wconf 90' lang='lat' dir='ltr'>et,</span> 
     </span>
     <span class='ocr_line' id='line_1_18' title="bbox 879 3182 2308 3293; baseline -0.003 -30"><span class='ocrx_word' id='word_1_153' title='bbox 879 3215 947 3292; x_wconf 89' lang='lat' dir='ltr'>per</span> <span class='ocrx_word' id='word_1_154' title='bbox 962 3185 1003 3263; x_wconf 94' lang='lat' dir='ltr'>id</span> <span class='ocrx_word' id='word_1_155' title='bbox 1014 3185 1213 3293; x_wconf 89' lang='lat' dir='ltr'>judicium,</span> <span class='ocrx_word' id='word_1_156' title='bbox 1228 3182 1299 3262; x_wconf 83' lang='lat' dir='ltr'>fnit</span> <span class='ocrx_word' id='word_1_157' title='bbox 1315 3185 1532 3263; x_wconf 88' lang='lat' dir='ltr'>ordinatum</span> <span class='ocrx_word' id='word_1_158' title='bbox 1546 3184 1663 3290; x_wconf 90' lang='lat' dir='ltr'>quod,</span> <span class='ocrx_word' id='word_1_159' title='bbox 1678 3185 1717 3261; x_wconf 90' lang='lat' dir='ltr'>in</span> <span class='ocrx_word' id='word_1_160' title='bbox 1731 3212 1840 3263; x_wconf 90' lang='lat' dir='ltr'>causa</span> <span class='ocrx_word' id='word_1_161' title='bbox 1853 3184 2030 3291; x_wconf 85' lang='lat' dir='ltr'>predicta,</span> <span class='ocrx_word' id='word_1_162' title='bbox 2042 3183 2136 3261; x_wconf 81' lang='lat' dir='ltr'>lacta</span> <span class='ocrx_word' id='word_1_163' title='bbox 2150 3183 2308 3259; x_wconf 91' lang='lat' dir='ltr'>admissa</span> 
     </span>
     <span class='ocr_line' id='line_1_19' title="bbox 880 3314 2307 3422; baseline -0.003 -29"><span class='ocrx_word' id='word_1_164' title='bbox 880 3345 948 3422; x_wconf 91' lang='lat' dir='ltr'>per</span> <span class='ocrx_word' id='word_1_165' title='bbox 968 3316 1112 3393; x_wconf 89' lang='lat' dir='ltr'>dictum</span> <span class='ocrx_word' id='word_1_166' title='bbox 1131 3316 1364 3421; x_wconf 90' lang='lat' dir='ltr'>prepositum</span> <span class='ocrx_word' id='word_1_167' title='bbox 1376 3315 1649 3421; x_wconf 87' lang='lat' dir='ltr'>admittentur,</span> <span class='ocrx_word' id='word_1_168' title='bbox 1671 3315 1744 3392; x_wconf 92' lang='lat' dir='ltr'>hoc</span> <span class='ocrx_word' id='word_1_169' title='bbox 1766 3315 1895 3393; x_wconf 89' lang='lat' dir='ltr'>addito</span> <span class='ocrx_word' id='word_1_170' title='bbox 1913 3314 2019 3422; x_wconf 91' lang='lat' dir='ltr'>quod</span> <span class='ocrx_word' id='word_1_171' title='bbox 2040 3314 2086 3391; x_wconf 90' lang='lat' dir='ltr'>de</span> <span class='ocrx_word' id='word_1_172' title='bbox 2105 3329 2307 3391; x_wconf 83' lang='lat' dir='ltr'>consuetu·</span> 
     </span>
     <span class='ocr_line' id='line_1_20' title="bbox 881 3443 2305 3554; baseline -0.002 -30"><span class='ocrx_word' id='word_1_173' title='bbox 881 3446 1033 3525; x_wconf 89' lang='lat' dir='ltr'>dinibus</span> <span class='ocrx_word' id='word_1_174' title='bbox 1053 3446 1211 3526; x_wconf 90' lang='lat' dir='ltr'>notoriis</span> <span class='ocrx_word' id='word_1_175' title='bbox 1239 3464 1277 3523; x_wconf 93' lang='lat' dir='ltr'>et</span> <span class='ocrx_word' id='word_1_176' title='bbox 1299 3475 1370 3553; x_wconf 89' lang='lat' dir='ltr'>pro</span> <span class='ocrx_word' id='word_1_177' title='bbox 1392 3448 1551 3525; x_wconf 90' lang='lat' dir='ltr'>notoriis</span> <span class='ocrx_word' id='word_1_178' title='bbox 1569 3448 1792 3554; x_wconf 91' lang='lat' dir='ltr'>propositis,</span> <span class='ocrx_word' id='word_1_179' title='bbox 1817 3446 2007 3553; x_wconf 88' lang='lat' dir='ltr'>predictus</span> <span class='ocrx_word' id='word_1_180' title='bbox 2030 3443 2240 3552; x_wconf 75' lang='lat' dir='ltr'>prepositus</span> <span class='ocrx_word' id='word_1_181' title='bbox 2263 3473 2305 3522; x_wconf 89' lang='lat' dir='ltr'>se</span> 
     </span>
     <span class='ocr_line' id='line_1_21' title="bbox 878 3570 2307 3687; baseline 0.001 -34"><span class='ocrx_word' id='word_1_182' title='bbox 878 3576 1112 3667; x_wconf 81' lang='lat' dir='ltr'>informabit,</span> <span class='ocrx_word' id='word_1_183' title='bbox 1136 3594 1174 3656; x_wconf 91' lang='lat' dir='ltr'>et</span> <span class='ocrx_word' id='word_1_184' title='bbox 1191 3578 1368 3657; x_wconf 90' lang='lat' dir='ltr'>valebunt</span> <span class='ocrx_word' id='word_1_185' title='bbox 1382 3579 1487 3687; x_wconf 88' lang='lat' dir='ltr'>quod</span> <span class='ocrx_word' id='word_1_186' title='bbox 1506 3597 1712 3685; x_wconf 90' lang='lat' dir='ltr'>potuerunt</span> <span class='ocrx_word' id='word_1_187' title='bbox 1726 3597 1763 3658; x_wconf 89' lang='lat' dir='ltr'>et</span> <span class='ocrx_word' id='word_1_188' title='bbox 1779 3578 1987 3670; x_wconf 73' lang='lat' dir='ltr'>debebunt3</span> <span class='ocrx_word' id='word_1_189' title='bbox 2004 3570 2043 3656; x_wconf 86' lang='lat' dir='ltr'>et</span> <span class='ocrx_word' id='word_1_190' title='bbox 2059 3577 2129 3655; x_wconf 91' lang='lat' dir='ltr'>alie</span> <span class='ocrx_word' id='word_1_191' title='bbox 2148 3603 2307 3655; x_wconf 89' lang='lat' dir='ltr'>consue·</span> 
     </span>
     <span class='ocr_line' id='line_1_22' title="bbox 878 3709 2307 3819; baseline -0.003 -30"><span class='ocrx_word' id='word_1_192' title='bbox 878 3710 1047 3799; x_wconf 91' lang='lat' dir='ltr'>tudines,</span> <span class='ocrx_word' id='word_1_193' title='bbox 1065 3709 1238 3789; x_wconf 90' lang='lat' dir='ltr'>similiter</span> <span class='ocrx_word' id='word_1_194' title='bbox 1257 3711 1450 3791; x_wconf 90' lang='lat' dir='ltr'>hincinde</span> <span class='ocrx_word' id='word_1_195' title='bbox 1467 3713 1676 3819; x_wconf 85' lang='lat' dir='ltr'>proposita,</span> <span class='ocrx_word' id='word_1_196' title='bbox 1693 3730 1807 3819; x_wconf 90' lang='lat' dir='ltr'>prout</span> <span class='ocrx_word' id='word_1_197' title='bbox 1825 3729 1914 3791; x_wconf 90' lang='lat' dir='ltr'>sunt</span> <span class='ocrx_word' id='word_1_198' title='bbox 1931 3709 2189 3801; x_wconf 85' lang='lat' dir='ltr'>racionabiles,</span> <span class='ocrx_word' id='word_1_199' title='bbox 2209 3709 2307 3786; x_wconf 87' lang='lat' dir='ltr'>reci·</span> 
     </span>
     <span class='ocr_line' id='line_1_23' title="bbox 878 3841 1361 3949; baseline 0.006 -33"><span class='ocrx_word' id='word_1_200' title='bbox 878 3842 1030 3949; x_wconf 87' lang='lat' dir='ltr'>pientur</span> <span class='ocrx_word' id='word_1_201' title='bbox 1050 3841 1097 3919; x_wconf 88' lang='lat' dir='ltr'>ad</span> <span class='ocrx_word' id='word_1_202' title='bbox 1112 3842 1361 3949; x_wconf 89' lang='lat' dir='ltr'>probandum.</span> 
     </span>
    </p>

    <p class='ocr_par' dir='ltr' id='par_1_7' title="bbox 934 3971 1768 4077">
     <span class='ocr_line' id='line_1_24' title="bbox 934 3971 1768 4077; baseline 0.002 -26"><span class='ocrx_word' id='word_1_203' title='bbox 934 3972 1062 4051; x_wconf 90' lang='lat' dir='ltr'>Martis</span> <span class='ocrx_word' id='word_1_204' title='bbox 1075 3990 1161 4077; x_wconf 92' lang='lat' dir='ltr'>post</span> <span class='ocrx_word' id='word_1_205' title='bbox 1172 3971 1517 4054; x_wconf 85' lang='lat' dir='ltr'>Annunciacionem</span> <span class='ocrx_word' id='word_1_206' title='bbox 1529 3974 1768 4053; x_wconf 86' lang='lat' dir='ltr'>dominicam.</span> 
     </span>
    </p>

    <p class='ocr_par' dir='ltr' id='par_1_8' title="bbox 935 4103 1275 4210">
     <span class='ocr_line' id='line_1_25' title="bbox 935 4103 1275 4210; baseline -0.003 -29"><span class='ocrx_word' id='word_1_207' title='bbox 935 4103 1040 4181; x_wconf 91' lang='lat' dir='ltr'>Creci</span> <span class='ocrx_word' id='word_1_208' title='bbox 1061 4104 1275 4210; x_wconf 84' lang='lat' dir='ltr'>reportavit.</span> 
     </span>
    </p>

    <p class='ocr_par' dir='ltr' id='par_1_9' title="bbox 934 4233 1938 4346">
     <span class='ocr_line' id='line_1_26' title="bbox 934 4233 1938 4346; baseline 0.006 -35"><span class='ocrx_word' id='word_1_209' title='bbox 934 4233 1117 4313; x_wconf 88' lang='lat' dir='ltr'>Redditus</span> <span class='ocrx_word' id='word_1_210' title='bbox 1132 4234 1203 4315; x_wconf 89' lang='lat' dir='ltr'>luit</span> <span class='ocrx_word' id='word_1_211' title='bbox 1216 4236 1284 4313; x_wconf 87' lang='lat' dir='ltr'>iste</span> <span class='ocrx_word' id='word_1_212' title='bbox 1300 4265 1498 4343; x_wconf 88' lang='lat' dir='ltr'>processus</span> <span class='ocrx_word' id='word_1_213' title='bbox 1517 4239 1709 4346; x_wconf 90' lang='lat' dir='ltr'>preposito</span> <span class='ocrx_word' id='word_1_214' title='bbox 1726 4238 1938 4317; x_wconf 88' lang='lat' dir='ltr'>Parisiensi.</span> 
     </span>
    </p>
   </div>
   <div class='ocr_carea' id='block_1_7' title="bbox 871 4499 2306 5527">
    <p class='ocr_par' dir='ltr' id='par_1_10' title="bbox 871 4499 2306 5527">
     <span class='ocr_line' id='line_1_27' title="bbox 934 4499 2305 4607; baseline 0.001 -32"><span class='ocrx_word' id='word_1_215' title='bbox 934 4499 1055 4575; x_wconf 89' lang='lat' dir='ltr'>XLlll.</span> <span class='ocrx_word' id='word_1_216' title='bbox 1088 4499 1170 4577; x_wconf 89' lang='lat' dir='ltr'>Lite</span> <span class='ocrx_word' id='word_1_217' title='bbox 1189 4518 1305 4590; x_wconf 90' lang='lat' dir='ltr'>mota,</span> <span class='ocrx_word' id='word_1_218' title='bbox 1324 4528 1451 4579; x_wconf 89' lang='lat' dir='ltr'>coram</span> <span class='ocrx_word' id='word_1_219' title='bbox 1466 4502 1656 4607; x_wconf 89' lang='lat' dir='ltr'>preposito</span> <span class='ocrx_word' id='word_1_220' title='bbox 1674 4500 1891 4591; x_wconf 86' lang='lat' dir='ltr'>Parisiensi,</span> <span class='ocrx_word' id='word_1_221' title='bbox 1909 4502 2008 4579; x_wconf 89' lang='lat' dir='ltr'>inter</span> <span class='ocrx_word' id='word_1_222' title='bbox 2021 4518 2305 4607; x_wconf 85' lang='lat' dir='ltr'>procuratorem</span> 
     </span>
     <span class='ocr_line' id='line_1_28' title="bbox 876 4629 2302 4740; baseline 0.001 -35"><span class='ocrx_word' id='word_1_223' title='bbox 876 4646 1047 4707; x_wconf 88' lang='lat' dir='ltr'>nostrum</span> <span class='ocrx_word' id='word_1_224' title='bbox 1068 4647 1106 4707; x_wconf 90' lang='lat' dir='ltr'>et</span> <span class='ocrx_word' id='word_1_225' title='bbox 1122 4629 1371 4710; x_wconf 89' lang='lat' dir='ltr'>subballivum</span> <span class='ocrx_word' id='word_1_226' title='bbox 1388 4630 1435 4709; x_wconf 88' lang='lat' dir='ltr'>de</span> <span class='ocrx_word' id='word_1_227' title='bbox 1453 4632 1665 4739; x_wconf 80' lang='lat' dir='ltr'>Poyssiaco,</span> <span class='ocrx_word' id='word_1_228' title='bbox 1685 4660 1729 4709; x_wconf 81' lang='lat' dir='ltr'>ex</span> <span class='ocrx_word' id='word_1_229' title='bbox 1747 4649 1851 4739; x_wconf 86' lang='lat' dir='ltr'>parte</span> <span class='ocrx_word' id='word_1_230' title='bbox 1867 4662 1960 4723; x_wconf 90' lang='lat' dir='ltr'>una,</span> <span class='ocrx_word' id='word_1_231' title='bbox 1977 4650 2108 4711; x_wconf 90' lang='lat' dir='ltr'>contra</span> <span class='ocrx_word' id='word_1_232' title='bbox 2122 4632 2302 4740; x_wconf 85' lang='lat' dir='ltr'>majorem</span> 
     </span>
     <span class='ocr_line' id='line_1_29' title="bbox 877 4760 2301 4871; baseline 0.001 -34"><span class='ocrx_word' id='word_1_233' title='bbox 877 4778 914 4837; x_wconf 90' lang='lat' dir='ltr'>ct</span> <span class='ocrx_word' id='word_1_234' title='bbox 933 4760 1103 4839; x_wconf 86' lang='lat' dir='ltr'>scabinos</span> <span class='ocrx_word' id='word_1_235' title='bbox 1116 4762 1215 4839; x_wconf 90' lang='lat' dir='ltr'>dicte</span> <span class='ocrx_word' id='word_1_236' title='bbox 1230 4763 1334 4853; x_wconf 86' lang='lat' dir='ltr'>ville,</span> <span class='ocrx_word' id='word_1_237' title='bbox 1355 4792 1399 4842; x_wconf 83' lang='lat' dir='ltr'>ex</span> <span class='ocrx_word' id='word_1_238' title='bbox 1413 4763 1544 4852; x_wconf 82' lang='lat' dir='ltr'>altera,</span> <span class='ocrx_word' id='word_1_239' title='bbox 1557 4792 1672 4869; x_wconf 87' lang='lat' dir='ltr'>super</span> <span class='ocrx_word' id='word_1_240' title='bbox 1684 4763 1856 4871; x_wconf 91' lang='lat' dir='ltr'>pluribus</span> <span class='ocrx_word' id='word_1_241' title='bbox 1871 4762 2083 4843; x_wconf 86' lang='lat' dir='ltr'>excessibus</span> <span class='ocrx_word' id='word_1_242' title='bbox 2097 4763 2145 4842; x_wconf 89' lang='lat' dir='ltr'>ab</span> <span class='ocrx_word' id='word_1_243' title='bbox 2159 4762 2301 4842; x_wconf 90' lang='lat' dir='ltr'>eisdem</span> 
     </span>
     <span class='ocr_line' id='line_1_30' title="bbox 875 4890 2304 5001; baseline 0.001 -32"><span class='ocrx_word' id='word_1_244' title='bbox 875 4890 1016 4998; x_wconf 86' lang='lat' dir='ltr'>majore</span> <span class='ocrx_word' id='word_1_245' title='bbox 1035 4908 1073 4969; x_wconf 94' lang='lat' dir='ltr'>et</span> <span class='ocrx_word' id='word_1_246' title='bbox 1091 4891 1267 4983; x_wconf 86' lang='lat' dir='ltr'>scabinis,</span> <span class='ocrx_word' id='word_1_247' title='bbox 1287 4912 1331 4975; x_wconf 90' lang='lat' dir='ltr'>ut</span> <span class='ocrx_word' id='word_1_248' title='bbox 1348 4894 1496 4983; x_wconf 88' lang='lat' dir='ltr'>dicitur,</span> <span class='ocrx_word' id='word_1_249' title='bbox 1517 4895 1743 4986; x_wconf 89' lang='lat' dir='ltr'>commissis,</span> <span class='ocrx_word' id='word_1_250' title='bbox 1760 4895 1990 5001; x_wconf 87' lang='lat' dir='ltr'>cumplures</span> <span class='ocrx_word' id='word_1_251' title='bbox 2006 4893 2304 4973; x_wconf 86' lang='lat' dir='ltr'>defectusinin·</span> 
     </span>
     <span class='ocr_line' id='line_1_31' title="bbox 874 5024 2304 5135; baseline 0.001 -35"><span class='ocrx_word' id='word_1_252' title='bbox 874 5040 1005 5128; x_wconf 91' lang='lat' dir='ltr'>questa</span> <span class='ocrx_word' id='word_1_253' title='bbox 1021 5052 1134 5130; x_wconf 86' lang='lat' dir='ltr'>super</span> <span class='ocrx_word' id='word_1_254' title='bbox 1150 5024 1222 5105; x_wconf 93' lang='lat' dir='ltr'>hoc</span> <span class='ocrx_word' id='word_1_255' title='bbox 1239 5024 1333 5103; x_wconf 82' lang='lat' dir='ltr'>lacta</span> <span class='ocrx_word' id='word_1_256' title='bbox 1348 5027 1488 5132; x_wconf 87' lang='lat' dir='ltr'>reperti</span> <span class='ocrx_word' id='word_1_257' title='bbox 1504 5024 1677 5117; x_wconf 86' lang='lat' dir='ltr'>luerunt,</span> <span class='ocrx_word' id='word_1_258' title='bbox 1695 5026 1861 5135; x_wconf 90' lang='lat' dir='ltr'>precepit</span> <span class='ocrx_word' id='word_1_259' title='bbox 1880 5027 1983 5105; x_wconf 92' lang='lat' dir='ltr'>curia</span> <span class='ocrx_word' id='word_1_260' title='bbox 1994 5028 2100 5133; x_wconf 90' lang='lat' dir='ltr'>quod</span> <span class='ocrx_word' id='word_1_261' title='bbox 2115 5024 2304 5103; x_wconf 86' lang='lat' dir='ltr'>reficiatur</span> 
     </span>
     <span class='ocr_line' id='line_1_32' title="bbox 874 5154 2305 5266; baseline 0.002 -36"><span class='ocrx_word' id='word_1_262' title='bbox 874 5154 975 5233; x_wconf 84' lang='lat' dir='ltr'>dicta</span> <span class='ocrx_word' id='word_1_263' title='bbox 992 5156 1179 5263; x_wconf 88' lang='lat' dir='ltr'>inquesta,</span> <span class='ocrx_word' id='word_1_264' title='bbox 1202 5170 1240 5235; x_wconf 88' lang='lat' dir='ltr'>et</span> <span class='ocrx_word' id='word_1_265' title='bbox 1260 5155 1464 5235; x_wconf 88' lang='lat' dir='ltr'>audiantur</span> <span class='ocrx_word' id='word_1_266' title='bbox 1481 5174 1597 5237; x_wconf 88' lang='lat' dir='ltr'>testes</span> <span class='ocrx_word' id='word_1_267' title='bbox 1616 5158 1850 5265; x_wconf 88' lang='lat' dir='ltr'>producendi</span> <span class='ocrx_word' id='word_1_268' title='bbox 1868 5158 1915 5236; x_wconf 89' lang='lat' dir='ltr'>ab</span> <span class='ocrx_word' id='word_1_269' title='bbox 1936 5175 2097 5266; x_wconf 70' lang='lat' dir='ltr'>unaque</span> <span class='ocrx_word' id='word_1_270' title='bbox 2116 5175 2220 5265; x_wconf 88' lang='lat' dir='ltr'>purte</span> <span class='ocrx_word' id='word_1_271' title='bbox 2241 5187 2305 5235; x_wconf 91' lang='lat' dir='ltr'>su-</span> 
     </span>
     <span class='ocr_line' id='line_1_33' title="bbox 871 5284 2303 5395; baseline 0.002 -34"><span class='ocrx_word' id='word_1_272' title='bbox 871 5313 939 5390; x_wconf 91' lang='lat' dir='ltr'>per</span> <span class='ocrx_word' id='word_1_273' title='bbox 958 5284 1122 5361; x_wconf 91' lang='lat' dir='ltr'>articulis</span> <span class='ocrx_word' id='word_1_274' title='bbox 1140 5286 1341 5391; x_wconf 91' lang='lat' dir='ltr'>propositis</span> <span class='ocrx_word' id='word_1_275' title='bbox 1361 5286 1449 5363; x_wconf 90' lang='lat' dir='ltr'>binc</span> <span class='ocrx_word' id='word_1_276' title='bbox 1465 5306 1502 5365; x_wconf 90' lang='lat' dir='ltr'>et</span> <span class='ocrx_word' id='word_1_277' title='bbox 1520 5289 1626 5379; x_wconf 92' lang='lat' dir='ltr'>inde,</span> <span class='ocrx_word' id='word_1_278' title='bbox 1642 5306 1680 5367; x_wconf 86' lang='lat' dir='ltr'>et.</span> <span class='ocrx_word' id='word_1_279' title='bbox 1699 5288 1766 5367; x_wconf 87' lang='lat' dir='ltr'>liet</span> <span class='ocrx_word' id='word_1_280' title='bbox 1785 5288 2000 5367; x_wconf 89' lang='lat' dir='ltr'>commissio</span> <span class='ocrx_word' id='word_1_281' title='bbox 2019 5316 2133 5395; x_wconf 89' lang='lat' dir='ltr'>super</span> <span class='ocrx_word' id='word_1_282' title='bbox 2151 5289 2224 5365; x_wconf 92' lang='lat' dir='ltr'>hoc</span> <span class='ocrx_word' id='word_1_283' title='bbox 2235 5316 2303 5364; x_wconf 91' lang='lat' dir='ltr'>au-</span> 
     </span>
     <span class='ocr_line' id='line_1_34' title="bbox 873 5414 2306 5527; baseline 0.005 -37"><span class='ocrx_word' id='word_1_284' title='bbox 873 5415 1060 5494; x_wconf 90' lang='lat' dir='ltr'>ditoribus</span> <span class='ocrx_word' id='word_1_285' title='bbox 1072 5414 1259 5521; x_wconf 89' lang='lat' dir='ltr'>deputatis</span> <span class='ocrx_word' id='word_1_286' title='bbox 1273 5417 1321 5493; x_wconf 93' lang='lat' dir='ltr'>ad</span> <span class='ocrx_word' id='word_1_287' title='bbox 1331 5417 1564 5497; x_wconf 89' lang='lat' dir='ltr'>audiendum</span> <span class='ocrx_word' id='word_1_288' title='bbox 1581 5422 1828 5527; x_wconf 87' lang='lat' dir='ltr'>probaciones</span> <span class='ocrx_word' id='word_1_289' title='bbox 1841 5448 1956 5527; x_wconf 89' lang='lat' dir='ltr'>super</span> <span class='ocrx_word' id='word_1_290' title='bbox 1968 5417 2306 5527; x_wconf 89' lang='lat' dir='ltr'>reprobacionibus</span> 
     </span>
    </p>
   </div>
   <div class='ocr_carea' id='block_1_8' title="bbox 0 0 2914 7292">
    <p class='ocr_par' dir='ltr' id='par_1_11' title="bbox 0 0 2914 7292">
     <span class='ocr_line' id='line_1_35' title="bbox 0 0 2914 7292; baseline 0 0"><span class='ocrx_word' id='word_1_291' title='bbox 0 0 2914 7292; x_wconf 95' lang='lat' dir='ltr'> </span> 
     </span>
    </p>
   </div>
  </div>
 </body>
</html>
