5817 7292
875 1156 945 1232 180
1451 1156 1542 1230 LES
1569 1156 1707 1231 OLIM.

638 1305 768 1360 annm
787 1305 839 1371 We
926 1299 1034 1377 XLll.
1064 1301 1162 1378 Cum
1182 1299 1281 1376 inter
1299 1298 1473 1377 abbatem
1492 1315 1531 1376 et
1546 1316 1774 1377 conventum
1796 1300 1843 1377 de
1860 1299 1989 1376 Crassa
2010 1317 2048 1378 et
2066 1286 2208 1378 dictum
2227 1304 2294 1381 Βο-

705 1396 768 1438 Μ
870 1429 1146 1522 num-Filium,
1171 1429 1335 1521 Belhon,
1356 1431 1524 1520 Mousse,
1548 1445 1586 1506 et
1603 1429 1835 1516 Sabronum‚
1858 1458 1899 1507 ac
1918 1430 2103 1538 quosdam
2125 1431 2217 1508 alios
2231 1431 2295 1538 ju-

870 1558 962 1639 deos
988 1590 1085 1668 quos
1110 1561 1200 1638 dicti
1225 1559 1340 1639 abbas
1363 1578 1400 1637 et
1426 1577 1632 1637 conventus
1652 1559 1828 1638 dicebant
1851 1588 1931 1638 esse
1954 1590 2042 1640 suos
2066 1563 2238 1670 proprios
2257 1580 2296 1640 et

869 1692 1089 1801 originarios
1107 1710 1145 1770 et
1164 1720 1295 1770 eorum
1317 1689 1533 1779 talliabiles,
1554 1719 1598 1767 ex
1617 1719 1697 1768 una·
1712 1709 1833 1797 parte,
1856 1708 1895 1769 et
1911 1711 2196 1798 procuratorem
2215 1721 2295 1770 nos·

866 1841 968 1901 trum
987 1825 1025 1901 in
1042 1822 1259 1902 senescallia
1276 1821 1575 1913 Carcassonensi,
1591 1851 1632 1899 ac
1645 1838 1928 1930 procuratorem
1944 1824 2224 1902 communitatis
2233 1825 2295 1932 ju·

869 1953 1027 2033 deorum
1050 1956 1157 2062 regni
1180 1953 1316 2042 nostri,
1344 1970 1552 2031 asserentes
1574 1953 1613 2028 in
1637 1954 1866 2031 contrarium
1891 1983 1960 2060 pro
1981 1955 2093 2032 nobis
2115 1972 2154 2033 et
2167 1946 2293 2062 judeis

867 2087 1025 2175 nostris,
1055 2085 1175 2163 dictos
1194 2084 1335 2192 judeos
1360 2102 1510 2162 nostros
1540 2111 1620 2162 esse
1648 2101 1686 2161 et
1709 2084 1820 2163 nobis
1843 2084 2057 2175 talliabiles,
2089 2115 2132 2163 ex
2157 2087 2289 2179 altera,

867 2217 1116 2294 controversia
1145 2232 1248 2294 mota
1274 2233 1389 2306 esset,
1416 2232 1455 2292 et
1478 2243 1592 2321 super
1616 2213 1707 2304 hoc,
1736 2215 1844 2294 dictis
1868 2217 2035 2324 partibus
2062 2216 2110 2293 ad
2133 2216 2290 2296 invicem

868 2347 1184 2426 contendentibus
1210 2373 1324 2452 super
1350 2347 1450 2423 dicta
1473 2345 1734 2435 consensione,
1760 2347 1964 2425 senescallo
1979 2364 2117 2458 nostro
2142 2347 2291 2426 Carcas-

866 2479 1034 2571 sonensi,
1061 2478 1127 2586 qui
1152 2505 1222 2585 pro
1243 2477 1415 2582 tempore
1434 2492 1514 2554 erat
1533 2476 1700 2567 ibidem,
1721 2505 1790 2584 per
1808 2495 1952 2559 nostras
1976 2478 2118 2556 litteras
2137 2478 2292 2556 manda-

865 2609 1006 2699 vimus,
1028 2609 1100 2688 sub
1120 2625 1220 2686 certa
1244 2625 1282 2685 et
1305 2607 1455 2714 speciali
1475 2607 1612 2698 forma,
1634 2607 1739 2716 quod
1757 2637 1870 2717 super
1888 2609 2080 2716 premissis
2097 2611 2291 2686 veritatem

866 2742 1074 2848 inquireret
1094 2741 1305 2848 diligenter.
1326 2740 1459 2819 Dictus
1476 2769 1564 2818 vero
1585 2740 1829 2832 senescallus,
1849 2739 2097 2848 inquisicione
2117 2740 2211 2818 lacta
2230 2769 2292 2818 su·

865 2901 933 2980 per
961 2873 1036 2951 hoc
1060 2901 1129 2978 per
1155 2867 1338 2962 eundem,
1365 2887 1404 2948 et
1427 2899 1553 2950 coram
1573 2899 1619 2949 eo
1639 2870 1810 2977 partibus
1829 2871 2011 2961 evocatis,
2036 2871 2291 2977 pronunciavit

867 3022 904 3081 et
919 3004 1132 3094 declaravit,
1151 3033 1219 3110 per
1238 3031 1345 3081 suam
1365 3002 1613 3092 sentenciam,
1635 3001 1755 3080 dictos
1770 3001 1910 3110 judeos
1930 3031 2010 3082 esse
2025 3002 2197 3110 proprios
2215 3001 2292 3078 dic-

865 3152 992 3213 torum
1012 3134 1156 3213 abbatis
1176 3152 1214 3210 et
1233 3150 1439 3211 conventus
1460 3149 1498 3209 et
1515 3131 1717 3209 talliabiles
1743 3133 1988 3224 eorumdem3
2011 3162 2125 3239 aqua
2144 3149 2293 3210 senten-

864 3268 916 3342 tia
936 3266 1059 3342 dictus
1076 3279 1296 3369 procurator
1315 3279 1442 3338 noster
1468 3260 1515 3336 ad
1540 3277 1705 3338 nostram
1725 3261 1867 3338 curiam
1887 3262 2095 3369 appellavit.
2121 3264 2292 3341 Postmo—

866 3397 959 3472 dum
975 3422 1064 3471 vero
1080 3393 1207 3470 dictus
1217 3401 1438 3498 procurator
1455 3408 1594 3479 noster,
1612 3419 1700 3468 cum
1719 3390 1768 3466 ad
1785 3392 1926 3467 curiam
1946 3408 2112 3469 nostram
2131 3394 2293 3470 venisset

864 3553 933 3631 pro
954 3523 1211 3630 appellacione
1230 3552 1297 3600 sua
1317 3522 1597 3629 prosequenda,
1619 3521 1824 3610 consensit,
1845 3525 1922 3598 una
1939 3548 2026 3598 cum
2047 3539 2290 3628 procuratore

865 3655 1052 3732 dictorum
1076 3653 1219 3732 abbatis
1243 3671 1282 3732 et
1300 3670 1521 3744 conventus,
1547 3652 1652 3759 quod
1672 3653 1712 3728 in
1733 3650 1831 3729 dicta
1851 3653 1953 3728 curia
1974 3669 2100 3729 nostra
2119 3651 2216 3730 dicta
2234 3653 2291 3728 in-

864 3804 996 3894 questa
1014 3803 1054 3865 et
1064 3815 1262 3894 processus
1280 3813 1394 3892 super
1413 3769 1487 3862 hoc
1498 3783 1618 3861 habiti
1632 3783 1860 3873 viderentur,
1881 3798 1919 3860 et
1938 3781 2059 3888 quod,
2078 3783 2289 3860 secundum

866 3949 908 3996 ea
918 3950 991 4027 que
1007 3920 1046 3995 in
1060 3918 1157 3996 dicta
1170 3919 1342 4026 inquesta
1353 3917 1621 4023 reperirentur,
1634 3943 1704 4022 pro
1718 3915 1814 3992 dicta
1826 3915 2139 4021 pronunciapione
2154 3915 2290 3992 confir-

864 4050 999 4127 manda
1013 4049 1072 4128 vel
1085 4049 1311 4126 infirmanda
1325 4049 1658 4156 pronunciaretur:
1674 4047 1862 4136 Tandem,
1878 4046 1951 4123 visa
1966 4073 2034 4151 per
2048 4045 2188 4122 curiam
2203 4073 2290 4124 nos-

864 4199 960 4257 tram
982 4181 1079 4260 dicta
1094 4181 1267 4288 inquesta
1286 4198 1325 4258 et
1339 4197 1421 4258 toto
1440 4208 1618 4287 processu
1640 4179 1828 4285 predicto,
1852 4194 1890 4254 et
1909 4177 2120 4284 specialiter
2136 4177 2215 4253 viso
2233 4193 2289 4253 te-

865 4339 955 4389 nore
970 4312 1243 4390 commissionis
1255 4311 1438 4417 predicte,
1453 4339 1521 4418 per
1535 4339 1647 4418 quam
1659 4310 1827 4388 constitit
1837 4309 1941 4386 curie
1954 4324 2081 4386 nostre
2092 4335 2170 4384 non
2179 4335 2288 4412 posse

865 4441 1007 4519 dictum
1034 4443 1282 4520 senescallum
1306 4444 1525 4521 auctoritate
1551 4441 1722 4551 ejusdem
1748 4441 2011 4547 pronunciare,
2033 4440 2111 4518 viso
2136 4439 2288 4546 insuper

864 4589 995 4650 tenore
1014 4574 1208 4681 cujusdam
1224 4573 1348 4650 littere
1368 4590 1512 4663 nostre,
1529 4591 1615 4680 post
1633 4573 1773 4651 dictam
1793 4571 2097 4652 commissionem
2119 4569 2218 4648 dicto
2236 4599 2289 4646 se-

864 4701 1027 4779 nescallo
1040 4732 1110 4808 per
1123 4731 1194 4781 nos
1210 4702 1352 4779 directe
1366 4703 1414 4779 de
1426 4703 1554 4810 judeis
1570 4703 1610 4780 in
1624 4705 1724 4782 dicta
1739 4702 1954 4781 senescallia
1973 4699 2178 4785 talliandis,
2195 4727 2289 4803 quo-

864 4837 1027 4939 cumque
1053 4833 1230 4911 mandato
1254 4833 1439 4912 contrario
1465 4862 1541 4912 non
1567 4835 1759 4922 obstante,
1783 4831 2075 4940 pronunciatum
2101 4827 2193 4915 fuit,
2219 4855 2288 4933 per

864 4963 966 5039 curie
992 4981 1118 5041 nostre
1136 4963 1343 5071 judicium,
1358 4964 1510 5042 ,dietam
1531 4966 1887 5073 pronunciacionem
1909 4959 2101 5040 senescalli
2126 4958 2286 5064 predicti

863 5093 1006 5171 nullam
1024 5123 1103 5172 esse
1121 5125 1162 5172 ac
1177 5094 1310 5188 luisse,
1327 5095 1426 5175 salvo
1445 5097 1684 5177 inomnibus
1701 5124 1815 5202 super
1830 5093 1904 5172 hoc
1913 5093 2000 5199 jure
2020 5090 2184 5197 parcium
2200 5117 2287 5195 pre-

865 5224 1063 5303 dictarum.

919 5357 1047 5435 Martis
1066 5373 1152 5464 post
1168 5357 1397 5465 quindenam
1417 5359 1693 5438 Penthecostes.

917 5487 1048 5597 Voyssi
1068 5489 1281 5597 reportavit.
1462 5583 1487 5626 v
