5817 7292
860 1083 862 1088 ’
886 1069 961 1146 496
1466 1070 1557 1141 LES
1571 1068 1727 1143 ·'0LIM.

657 1223 786 1276 Parnm
806 1223 848 1284 tv,
885 1229 1047 1289 mantes:
1062 1209 1305 1288 Communial
1323 1210 1553 1288 communiat
1569 1210 1712 1287 dictum
1730 1225 1879 1314 captum
1894 1230 2152 1288 rescusserunt
2164 1213 2305 1300 eidem,

722 1317 783 1358 1³⁰⁹.

885 1362 924 1421 et
935 1342 1043 1449 plura
1057 1341 1256 1449 opprobria
1272 1340 1343 1418 sibi
1357 1341 1547 1429 dixerunt,
1562 1357 1600 1416 et
1613 1357 1741 1417 contra
1753 1340 1877 1445 ipsum
1893 1359 1932 1416 et
1945 1360 2074 1447 gentes
2086 1371 2172 1420 suas
2182 1343 2308 1448 plures

884 1473 1026 1579 lapides
1043 1472 1281 1580 projecerunt
1301 1488 1339 1547 et
1358 1471 1503 1578 aliquos
1524 1471 1571 1547 de
1588 1472 1665 1547 suis
1684 1469 1860 1577 gentibus
1877 1491 2161 1576 percusserunt,
2183 1477 2310 1580 requi-

884 1633 971 1681 rens
993 1603 1132 1680 factum
1158 1602 1377 1708 hujusmodi
1402 1618 1662 1707 competenter
1689 1601 1899 1689 emendari,
1916 1631 2031 1708 super
2049 1603 2123 1680 hiis
2143 1605 2310 1710 precepit

885 1738 986 1812 curia
998 1752 1139 1822 nostra,
1153 1733 1289 1810 vocatis
1302 1732 1486 1838 partibus,
1501 1733 1692 1808 veritatem
1708 1733 1847 1839 inquiri
1863 1765 1872 1809 ε
1885 1734 2061 1840 lnquesta
2070 1736 2186 1843 igitur
2199 1765 2310 1842 super

884 1867 958 1943 hiis
975 1866 1068 1943 facta
1089 1882 1126 1943 et
1149 1864 1197 1942 ad
1216 1864 1356 1941 curiam
1379 1883 1545 1939 nostram
1566 1880 1764 1967 asportata,
1793 1863 1869 1941 visa
1889 1883 1926 1941 et
1948 1864 2150 1973 diligenter
2171 1867 2310 1942 exami-

885 2017 984 2086 nata,
1007 2025 1075 2103 per
1099 1997 1200 2074 curie
1226 2012 1352 2073 nostre
1367 1994 1555 2101 judicium
1578 1993 1721 2070 dictum
1742 1995 1814 2071 tuit
1832 1996 1952 2101 quod,
1975 2024 2022 2072 eo
2041 1998 2308 2074 nonobstante

885 2130 1007 2236 quod,
1027 2157 1140 2236 super
1160 2126 1316 2204 emenda
1337 2126 1423 2202 sacti
1446 2124 1662 2231 hujusmodi
1688 2154 1811 2231 nuper
1834 2125 2032 2203 videbatur
2054 2155 2122 2233 per
2143 2145 2308 2204 nostram

886 2261 1026 2337 curiam
1043 2259 1274 2348 ordinatum,
1293 2275 1329 2334 et
1343 2257 1630 2362 pronunciatum
1646 2256 1759 2333 fnisse
1775 2257 1949 2335 homines
1964 2258 2062 2334 dicte
2075 2257 2306 2345 communie,

885 2407 1040 2497 propter
1058 2390 1194 2466 sactum
1213 2387 1441 2495 predictum,
1461 2387 1562 2464 dicto
1578 2387 1752 2475 domino,
1771 2388 1848 2465 duo
1863 2387 1979 2466 millia
1994 2388 2177 2466 librarum
2186 2393 2309 2466 Turo-

887 2525 1081 2608 nensium‚
1107 2537 1144 2596 et
1169 2519 1324 2595 domino
1351 2518 1459 2625 Regi,
1486 2518 1591 2594 mille
1619 2517 1732 2594 libras
1756 2521 2012 2609 Turonenses,
2035 2548 2104 2626 pro
2130 2519 2305 2603 emenda.

886 2652 1101 2759 persolvent
1112 2651 1159 2726 ad
1174 2666 1294 2726 certos
1315 2665 1353 2724 et
1370 2666 1627 2754 competentes
1639 2651 1824 2726 terminos
1843 2650 1896 2728 eis
1914 2650 2171 2758 assignandos,
2193 2650 2309 2728 consi-

887 2783 1024 2861 deratis
1042 2779 1280 2860 facultatibus
1299 2795 1337 2855 et
1355 2778 1640 2856 condicionibus
1660 2781 1903 2871 eorumdem,
1921 2783 1968 2858 ad
1986 2784 2095 2889 cujus
2109 2783 2309 2888 condemp

886 2914 1052 2991 nacionis
1073 2911 1305 2990 solucionem
1326 2939 1401 2987 non
1420 2911 1660 2988 contribuerit
1678 2912 1718 2986 in
1734 2911 1861 3017 aliquo
1883 2912 1936 2988 illi
1960 2913 2008 2991 de
2027 2912 2124 2990 dicta
2143 2913 2229 2990 villa
2244 2915 2308 3020 qui

887 3045 975 3122 alias
995 3071 1064 3150 per
1079 3044 1222 3120 dictum
1239 3042 1437 3119 dominum
1452 3071 1519 3119 seu
1539 3059 1669 3149 gentes
1689 3042 1806 3147 ipsius
1824 3032 2188 3121 vulnerstiiuerunt.

943 3173 1119 3254 Mercurii
1139 3191 1224 3279 post
1242 3175 1507 3250 Reminiscere.

945 3308 995 3382 Μ.
1017 3307 1055 3380 Ρ.
1078 3305 1126 3381 de
1146 3304 1339 3381 Arreblaio
1357 3306 1566 3410 reportavit.

839 3623 845 3644 ,
945 3569 1032 3648 Cflt.
1064 3569 1161 3648 Cum
1180 3569 1376 3675 episcopus
1390 3569 1654 3678 Ebroycensis‚
1675 3598 1822 3646 causam
1842 3569 1983 3646 habens
2002 3570 2048 3646 ab
2067 3569 2237 3647 Huberto
2258 3570 2307 3645 de

889 3703 1031 3790 Vende,
1054 3728 1167 3805 super
1182 3703 1378 3806 empcione
1397 3729 1510 3808 quam
1534 3700 1637 3777 idem
1655 3701 1846 3778 Hubertus
1860 3730 1885 3777 ¹a
1902 3702 2078 3809 gentibus
2098 3701 2234 3780 nostris
2256 3701 2311 3778 fe-

888 3849 987 3912 cerat
1001 3834 1047 3909 de
1067 3841 1222 3909 nemore
1241 3849 1368 3908 nostro
1392 3833 1431 3908 in
1451 3833 1588 3910 foresta
1606 3832 1850 3938 Ebroycensi‚
1872 3859 2087 3939 proponens
2101 3832 2205 3938 quod
2220 3860 2311 3938 gen-

886 3982 942 4041 tes
961 3981 1088 4041 nostre
1108 3964 1230 4070 ipsum
1250 3963 1453 4068 quominus
1474 3963 1666 4069 percipere
1684 3978 1811 4068 posset
1830 3963 1975 4068 stipites
1993 3991 2060 4039 seu
2081 3963 2236 4040 escortia
2254 3991 2310 4037 ar-

886 4095 1023 4170 borum
1053 4095 1152 4172 dicte
1175 4093 1408 4171 vendicionis
1433 4094 1504 4170 sibi
1530 4094 1624 4172 sacte
1654 4093 1792 4200 injuste
1821 4094 2094 4200 impediverant
2120 4111 2158 4169 et
2183 4110 2309 4169 eontra

885 4243 1055 4302 tenorem
1071 4225 1370 4302 convencionum
1392 4225 1601 4302 habitarum
1623 4224 1721 4302 inter
1745 4225 2010 4302 contrahentes
2025 4223 2230 4330 predictos,
2250 4252 2309 4298 re-

886 4357 1052 4462 quireret
1070 4357 1229 4461 dampna
1250 4356 1320 4433 sibi
1335 4384 1404 4463 per
1417 4355 1490 4431 hoc
1504 4355 1622 4446 illata,
1639 4384 1759 4461 nsque
1778 4356 1823 4430 ad
1842 4383 2030 4431 summam
2044 4353 2209 4434 duorum
2222 4353 2309 4430 mil·

886 4488 981 4564 lium
993 4488 1173 4564 librarum
1186 4487 1486 4576 Turonensium‚
1500 4487 1570 4565 sibi
1584 4486 1712 4564 reddi:
1728 4486 1915 4573 Tandem,
1932 4485 2104 4591 inquesta
2114 4513 2228 4590 super
2237 4484 2309 4561 hoe

887 4618 997 4708 sacta,
1020 4621 1097 4697 visa
1118 4638 1155 4696 et
1180 4646 1248 4723 per
1268 4635 1387 4694 certos
1407 4618 1455 4694 de
1477 4619 1661 4725 magistris
1685 4617 1787 4694 curie
1810 4632 1953 4704 nostre,
1974 4602 2023 4692 de
2043 4616 2189 4721 speciali
2208 4644 2309 4690 man-

887 4750 972 4826 dato
996 4767 1125 4826 nostro
1146 4748 1282 4848 adhoc
1303 4746 1517 4852 deputatos,
1540 4765 1743 4856 reportata,
1762 4777 1831 4855 per
1849 4747 1952 4823 curie
1972 4765 2099 4823 nostre
2118 4746 2308 4852 judicium

887 4880 1031 4957 dictum
1053 4879 1125 4957 fuit
1144 4879 1261 4986 quod,
1282 4907 1351 4985 pro
1370 4879 1476 4958 totali
1498 4881 1663 4986 dampno
1685 4880 1873 4986 predicto,
1893 4878 2020 4954 eidem
2039 4878 2236 4984 episcopo,
2252 4905 2311 4953 ra·

887 5013 993 5088 cione
1012 5011 1103 5089 dicti
1118 5011 1294 5099 Huberti‚
1318 5009 1421 5089 mille
1438 5028 1476 5089 et
1492 5013 1673 5090 ducentas
1687 5010 1800 5088 libres
1814 5013 2058 5087 Turonenses
2074 5009 2183 5088 reddi
2200 5007 2310 5085 fecie-

886 5171 972 5220 mus
994 5142 1040 5221 de
1055 5159 1194 5221 nostro.

946 5271 1109 5352 sabbato
1129 5291 1216 5381 post
1234 5275 1498 5352 Reminisoere.
2297 5375 2300 5378 ἱ

942 5406 1204 5510 Reportatores
1223 5403 1377 5483 fuerunt
1392 5404 1536 5484 domini
1552 5405 1598 5484 G.
1617 5407 1663 5483 de
1681 5404 1865 5494 Marceili,
1882 5405 1928 5484 G.
1949 5405 2194 5483 Corteheuse.
