<?xml version="1.0" encoding="UTF-8"?>
<!DOCTYPE html PUBLIC "-//W3C//DTD XHTML 1.0 Transitional//EN"
    "http://www.w3.org/TR/xhtml1/DTD/xhtml1-transitional.dtd">
<html xmlns="http://www.w3.org/1999/xhtml" xml:lang="en" lang="en">
 <head>
  <title>
</title>
<meta http-equiv="Content-Type" content="text/html;charset=utf-8" />
  <meta name='ocr-system' content='tesseract 3.04.00' />
  <meta name='ocr-capabilities' content='ocr_page ocr_carea ocr_par ocr_line ocrx_word'/>
</head>
<body>
  <div class='ocr_page' id='page_1' title='image "./lesolimouregist00pargoog_0475.png"; bbox 0 0 5817 7292; ppageno 0'>
   <div class='ocr_carea' id='block_1_1' title="bbox 1048 1109 2054 1219">
    <p class='ocr_par' dir='ltr' id='par_1_1' title="bbox 1048 1109 2054 1219">
     <span class='ocr_line' id='line_1_1' title="bbox 1048 1109 2054 1219; baseline 0.004 -18"><span class='ocrx_word' id='word_1_1' title='bbox 1048 1109 1318 1219; x_wconf 72' lang='lat' dir='ltr'>saoneres</span> <span class='ocrx_word' id='word_1_2' title='bbox 1345 1129 1409 1201; x_wconf 83' lang='lat' dir='ltr'>nr</span> <span class='ocrx_word' id='word_1_3' title='bbox 1435 1115 1641 1204; x_wconf 74' lang='lat' dir='ltr'>proces.</span> <span class='ocrx_word' id='word_1_4' title='bbox 1876 1204 1882 1213; x_wconf 81' lang='grc'><strong>,</strong></span> <span class='ocrx_word' id='word_1_5' title='bbox 1980 1133 2054 1205; x_wconf 81' lang='lat' dir='ltr'>aaa</span> 
     </span>
    </p>
   </div>
   <div class='ocr_carea' id='block_1_2' title="bbox 505 1270 2281 5556">
    <p class='ocr_par' dir='ltr' id='par_1_2' title="bbox 505 1270 2281 5556">
     <span class='ocr_line' id='line_1_2' title="bbox 634 1270 2281 1378; baseline -0.002 -29"><span class='ocrx_word' id='word_1_6' title='bbox 634 1272 805 1349; x_wconf 88' lang='lat' dir='ltr'>fecerunt</span> <span class='ocrx_word' id='word_1_7' title='bbox 824 1271 1042 1360; x_wconf 90' lang='lat' dir='ltr'>ascendere,</span> <span class='ocrx_word' id='word_1_8' title='bbox 1059 1289 1096 1348; x_wconf 90' lang='lat' dir='ltr'>et</span> <span class='ocrx_word' id='word_1_9' title='bbox 1111 1271 1267 1349; x_wconf 90' lang='lat' dir='ltr'>domum</span> <span class='ocrx_word' id='word_1_10' title='bbox 1288 1270 1375 1348; x_wconf 83' lang='lat' dir='ltr'>dicti</span> <span class='ocrx_word' id='word_1_11' title='bbox 1395 1272 1612 1371; x_wconf 89' lang='lat' dir='ltr'>consulatus</span> <span class='ocrx_word' id='word_1_12' title='bbox 1627 1271 1784 1359; x_wconf 88' lang='lat' dir='ltr'>intrare,</span> <span class='ocrx_word' id='word_1_13' title='bbox 1802 1289 1858 1363; x_wconf 88' lang='lat' dir='ltr'>ct,</span> <span class='ocrx_word' id='word_1_14' title='bbox 1875 1291 1962 1378; x_wconf 87' lang='lat' dir='ltr'>post</span> <span class='ocrx_word' id='word_1_15' title='bbox 1976 1273 2057 1351; x_wconf 87' lang='lat' dir='ltr'>dic-</span> <span class='ocrx_word' id='word_1_16' title='bbox 2094 1280 2281 1345; x_wconf 63' lang='lat' dir='ltr'>Fanniam,</span> 
     </span>
     <span class='ocr_line' id='line_1_3' title="bbox 632 1372 2221 1512; baseline 0.001 -32"><span class='ocrx_word' id='word_1_17' title='bbox 632 1402 919 1509; x_wconf 88' lang='lat' dir='ltr'>tascapcionem</span> <span class='ocrx_word' id='word_1_18' title='bbox 936 1420 974 1479; x_wconf 92' lang='lat' dir='ltr'>et</span> <span class='ocrx_word' id='word_1_19' title='bbox 989 1402 1239 1480; x_wconf 82' lang='lat' dir='ltr'><strong>intrusionem</strong></span> <span class='ocrx_word' id='word_1_20' title='bbox 1260 1404 1300 1478; x_wconf 93' lang='lat' dir='ltr'>in</span> <span class='ocrx_word' id='word_1_21' title='bbox 1321 1402 1479 1479; x_wconf 89' lang='lat' dir='ltr'>domum</span> <span class='ocrx_word' id='word_1_22' title='bbox 1500 1402 1718 1479; x_wconf 88' lang='lat' dir='ltr'>consulatus</span> <span class='ocrx_word' id='word_1_23' title='bbox 1737 1401 1913 1507; x_wconf 79' lang='lat' dir='ltr'>predicti,</span> <span class='ocrx_word' id='word_1_24' title='bbox 1931 1404 2054 1512; x_wconf 90' lang='lat' dir='ltr'>ipsum</span> <span class='ocrx_word' id='word_1_25' title='bbox 2122 1420 2129 1433; x_wconf 90' lang='lat'>&#39;</span> <span class='ocrx_word' id='word_1_26' title='bbox 2158 1372 2221 1415; x_wconf 55' lang='lat' dir='ltr'><strong><em>m</em></strong></span> 
     </span>
     <span class='ocr_line' id='line_1_4' title="bbox 635 1530 2058 1642; baseline 0.003 -33"><span class='ocrx_word' id='word_1_27' title='bbox 635 1534 886 1642; x_wconf 81' lang='lat' dir='ltr'>appellantem</span> <span class='ocrx_word' id='word_1_28' title='bbox 901 1532 1192 1611; x_wconf 85' lang='lat' dir='ltr'>verberaverunt</span> <span class='ocrx_word' id='word_1_29' title='bbox 1207 1550 1245 1630; x_wconf 86' lang='lat' dir='ltr'>et</span> <span class='ocrx_word' id='word_1_30' title='bbox 1260 1534 1418 1641; x_wconf 86' lang='lat' dir='ltr'>graviter</span> <span class='ocrx_word' id='word_1_31' title='bbox 1433 1533 1740 1622; x_wconf 76' lang='lat' dir='ltr'>vtdneraverunt;</span> <span class='ocrx_word' id='word_1_32' title='bbox 1755 1530 1968 1637; x_wconf 86' lang='lat' dir='ltr'>quinimmo</span> <span class='ocrx_word' id='word_1_33' title='bbox 1984 1534 2058 1613; x_wconf 81' lang='lat' dir='ltr'>dic-</span> 
     </span>
     <span class='ocr_line' id='line_1_5' title="bbox 633 1660 2058 1772; baseline 0 -31"><span class='ocrx_word' id='word_1_34' title='bbox 633 1665 681 1742; x_wconf 93' lang='lat' dir='ltr'>tis</span> <span class='ocrx_word' id='word_1_35' title='bbox 697 1665 839 1772; x_wconf 89' lang='lat' dir='ltr'>majore</span> <span class='ocrx_word' id='word_1_36' title='bbox 854 1680 893 1741; x_wconf 87' lang='lat' dir='ltr'>et</span> <span class='ocrx_word' id='word_1_37' title='bbox 905 1664 1123 1742; x_wconf 74' lang='lat' dir='ltr'>considibus</span> <span class='ocrx_word' id='word_1_38' title='bbox 1140 1694 1318 1743; x_wconf 88' lang='lat' dir='ltr'>unacum</span> <span class='ocrx_word' id='word_1_39' title='bbox 1339 1666 1416 1744; x_wconf 89' lang='lat' dir='ltr'>suis</span> <span class='ocrx_word' id='word_1_40' title='bbox 1435 1663 1684 1771; x_wconf 87' lang='lat' dir='ltr'>complicibus</span> <span class='ocrx_word' id='word_1_41' title='bbox 1701 1660 1881 1769; x_wconf 80' lang='lat' dir='ltr'>predictis</span> <span class='ocrx_word' id='word_1_42' title='bbox 1900 1663 1940 1739; x_wconf 92' lang='lat' dir='ltr'>in</span> <span class='ocrx_word' id='word_1_43' title='bbox 1959 1665 2058 1743; x_wconf 89' lang='lat' dir='ltr'>dicta</span> 
     </span>
     <span class='ocr_line' id='line_1_6' title="bbox 635 1796 2058 1903; baseline 0 -29"><span class='ocrx_word' id='word_1_44' title='bbox 635 1796 751 1874; x_wconf 92' lang='lat' dir='ltr'>domo</span> <span class='ocrx_word' id='word_1_45' title='bbox 771 1796 984 1873; x_wconf 89' lang='lat' dir='ltr'>consulatus</span> <span class='ocrx_word' id='word_1_46' title='bbox 1004 1797 1129 1873; x_wconf 90' lang='lat' dir='ltr'>adhuc</span> <span class='ocrx_word' id='word_1_47' title='bbox 1148 1796 1393 1875; x_wconf 82' lang='lat' dir='ltr'>existentibus</span> <span class='ocrx_word' id='word_1_48' title='bbox 1413 1815 1452 1874; x_wconf 87' lang='lat' dir='ltr'>et</span> <span class='ocrx_word' id='word_1_49' title='bbox 1470 1796 1642 1888; x_wconf 82' lang='lat' dir='ltr'>reclusis,</span> <span class='ocrx_word' id='word_1_50' title='bbox 1663 1796 1789 1872; x_wconf 88' lang='lat' dir='ltr'>statim</span> <span class='ocrx_word' id='word_1_51' title='bbox 1806 1812 1894 1901; x_wconf 86' lang='lat' dir='ltr'>post</span> <span class='ocrx_word' id='word_1_52' title='bbox 1912 1797 2058 1903; x_wconf 88' lang='lat' dir='ltr'>capcio-</span> 
     </span>
     <span class='ocr_line' id='line_1_7' title="bbox 635 1925 2125 2036; baseline 0.003 -33"><span class='ocrx_word' id='word_1_53' title='bbox 635 1955 724 2005; x_wconf 88' lang='lat' dir='ltr'>nem</span> <span class='ocrx_word' id='word_1_54' title='bbox 738 1942 775 2003; x_wconf 89' lang='lat' dir='ltr'>et</span> <span class='ocrx_word' id='word_1_55' title='bbox 787 1926 1035 2003; x_wconf 86' lang='lat' dir='ltr'>intrusionem</span> <span class='ocrx_word' id='word_1_56' title='bbox 1049 1926 1252 2032; x_wconf 88' lang='lat' dir='ltr'>predictas,</span> <span class='ocrx_word' id='word_1_57' title='bbox 1268 1956 1336 2033; x_wconf 93' lang='lat' dir='ltr'>per</span> <span class='ocrx_word' id='word_1_58' title='bbox 1348 1927 1520 2036; x_wconf 89' lang='lat' dir='ltr'>bajulum</span> <span class='ocrx_word' id='word_1_59' title='bbox 1533 1943 1705 2005; x_wconf 84' lang='lat' dir='ltr'>nostrum</span> <span class='ocrx_word' id='word_1_60' title='bbox 1720 1925 1891 2033; x_wconf 86' lang='lat' dir='ltr'>requisiti</span> <span class='ocrx_word' id='word_1_61' title='bbox 1903 1926 2059 2007; x_wconf 88' lang='lat' dir='ltr'>fuerunt</span> <span class='ocrx_word' id='word_1_62' title='bbox 2116 1980 2125 1989; x_wconf 88' lang='lat'><strong>·</strong></span> 
     </span>
     <span class='ocr_line' id='line_1_8' title="bbox 632 2056 2059 2162; baseline 0.004 -30"><span class='ocrx_word' id='word_1_63' title='bbox 632 2057 775 2162; x_wconf 90' lang='lat' dir='ltr'>pluries</span> <span class='ocrx_word' id='word_1_64' title='bbox 788 2072 826 2131; x_wconf 92' lang='lat' dir='ltr'>et</span> <span class='ocrx_word' id='word_1_65' title='bbox 840 2086 927 2132; x_wconf 93' lang='lat' dir='ltr'>cum</span> <span class='ocrx_word' id='word_1_66' title='bbox 942 2056 1121 2133; x_wconf 87' lang='lat' dir='ltr'>instancia</span> <span class='ocrx_word' id='word_1_67' title='bbox 1134 2057 1240 2162; x_wconf 88' lang='lat' dir='ltr'>quod</span> <span class='ocrx_word' id='word_1_68' title='bbox 1251 2075 1377 2162; x_wconf 88' lang='lat' dir='ltr'>portas</span> <span class='ocrx_word' id='word_1_69' title='bbox 1393 2058 1483 2134; x_wconf 87' lang='lat' dir='ltr'>dicti</span> <span class='ocrx_word' id='word_1_70' title='bbox 1498 2058 1728 2145; x_wconf 87' lang='lat' dir='ltr'>consulatus,</span> <span class='ocrx_word' id='word_1_71' title='bbox 1743 2085 1836 2162; x_wconf 88' lang='lat' dir='ltr'>quas</span> <span class='ocrx_word' id='word_1_72' title='bbox 1848 2056 1992 2137; x_wconf 87' lang='lat' dir='ltr'>clausas</span> <span class='ocrx_word' id='word_1_73' title='bbox 2005 2076 2059 2137; x_wconf 92' lang='lat' dir='ltr'>te·</span> 
     </span>
     <span class='ocr_line' id='line_1_9' title="bbox 633 2185 2059 2295; baseline 0.006 -34"><span class='ocrx_word' id='word_1_74' title='bbox 633 2185 790 2275; x_wconf 87' lang='lat' dir='ltr'>nebant,</span> <span class='ocrx_word' id='word_1_75' title='bbox 813 2185 883 2262; x_wconf 94' lang='lat' dir='ltr'>sibi</span> <span class='ocrx_word' id='word_1_76' title='bbox 909 2188 1128 2264; x_wconf 87' lang='lat' dir='ltr'>auctoritate</span> <span class='ocrx_word' id='word_1_77' title='bbox 1151 2204 1278 2264; x_wconf 88' lang='lat' dir='ltr'>nostra</span> <span class='ocrx_word' id='word_1_78' title='bbox 1303 2188 1506 2295; x_wconf 85' lang='lat' dir='ltr'>aperirent,</span> <span class='ocrx_word' id='word_1_79' title='bbox 1530 2205 1568 2263; x_wconf 91' lang='lat' dir='ltr'>et</span> <span class='ocrx_word' id='word_1_80' title='bbox 1586 2187 1693 2294; x_wconf 88' lang='lat' dir='ltr'>quod</span> <span class='ocrx_word' id='word_1_81' title='bbox 1712 2188 1855 2264; x_wconf 90' lang='lat' dir='ltr'>dictum</span> <span class='ocrx_word' id='word_1_82' title='bbox 1877 2190 2059 2269; x_wconf 88' lang='lat' dir='ltr'>Lamber-</span> 
     </span>
     <span class='ocr_line' id='line_1_10' title="bbox 632 2317 2059 2424; baseline 0.004 -32"><span class='ocrx_word' id='word_1_83' title='bbox 632 2333 733 2407; x_wconf 91' lang='lat' dir='ltr'>tum,</span> <span class='ocrx_word' id='word_1_84' title='bbox 751 2332 886 2423; x_wconf 90' lang='lat' dir='ltr'>postet</span> <span class='ocrx_word' id='word_1_85' title='bbox 901 2334 1030 2395; x_wconf 88' lang='lat' dir='ltr'>contra</span> <span class='ocrx_word' id='word_1_86' title='bbox 1045 2317 1341 2423; x_wconf 82' lang='lat' dir='ltr'>appellacioneni</span> <span class='ocrx_word' id='word_1_87' title='bbox 1358 2346 1425 2395; x_wconf 90' lang='lat' dir='ltr'>seu</span> <span class='ocrx_word' id='word_1_88' title='bbox 1442 2318 1753 2424; x_wconf 87' lang='lat' dir='ltr'>provocacionem</span> <span class='ocrx_word' id='word_1_89' title='bbox 1769 2318 1818 2395; x_wconf 86' lang='lat' dir='ltr'>ad</span> <span class='ocrx_word' id='word_1_90' title='bbox 1831 2347 1900 2397; x_wconf 91' lang='lat' dir='ltr'>nos</span> <span class='ocrx_word' id='word_1_91' title='bbox 1914 2349 1983 2399; x_wconf 87' lang='lat' dir='ltr'>seu</span> <span class='ocrx_word' id='word_1_92' title='bbox 1999 2351 2059 2420; x_wconf 72' lang='lat' dir='ltr'>ss-</span> 
     </span>
     <span class='ocr_line' id='line_1_11' title="bbox 632 2448 2056 2555; baseline 0.006 -33"><span class='ocrx_word' id='word_1_93' title='bbox 632 2448 838 2525; x_wconf 88' lang='lat' dir='ltr'>nescallum</span> <span class='ocrx_word' id='word_1_94' title='bbox 854 2465 1025 2527; x_wconf 89' lang='lat' dir='ltr'>nostrum</span> <span class='ocrx_word' id='word_1_95' title='bbox 1046 2449 1326 2555; x_wconf 86' lang='lat' dir='ltr'>interpositam,</span> <span class='ocrx_word' id='word_1_96' title='bbox 1347 2466 1498 2555; x_wconf 90' lang='lat' dir='ltr'>captum</span> <span class='ocrx_word' id='word_1_97' title='bbox 1514 2466 1552 2525; x_wconf 94' lang='lat' dir='ltr'>et</span> <span class='ocrx_word' id='word_1_98' title='bbox 1568 2477 1638 2554; x_wconf 91' lang='lat' dir='ltr'>per</span> <span class='ocrx_word' id='word_1_99' title='bbox 1652 2450 1753 2555; x_wconf 90' lang='lat' dir='ltr'>ipsos</span> <span class='ocrx_word' id='word_1_100' title='bbox 1769 2449 2056 2545; x_wconf 89' lang='lat' dir='ltr'>incarceratum,</span> 
     </span>
     <span class='ocr_line' id='line_1_12' title="bbox 632 2577 2057 2689; baseline 0.005 -34"><span class='ocrx_word' id='word_1_101' title='bbox 632 2577 703 2655; x_wconf 92' lang='lat' dir='ltr'>sibi</span> <span class='ocrx_word' id='word_1_102' title='bbox 718 2579 912 2656; x_wconf 89' lang='lat' dir='ltr'>traderent</span> <span class='ocrx_word' id='word_1_103' title='bbox 925 2607 967 2655; x_wconf 93' lang='lat' dir='ltr'>ac</span> <span class='ocrx_word' id='word_1_104' title='bbox 982 2579 1101 2655; x_wconf 89' lang='lat' dir='ltr'>eciam</span> <span class='ocrx_word' id='word_1_105' title='bbox 1116 2577 1338 2667; x_wconf 80' lang='lat' dir='ltr'>liberarent3</span> <span class='ocrx_word' id='word_1_106' title='bbox 1354 2579 1418 2683; x_wconf 92' lang='lat' dir='ltr'>qui</span> <span class='ocrx_word' id='word_1_107' title='bbox 1435 2578 1557 2684; x_wconf 86' lang='lat' dir='ltr'>major</span> <span class='ocrx_word' id='word_1_108' title='bbox 1572 2594 1611 2653; x_wconf 89' lang='lat' dir='ltr'>et</span> <span class='ocrx_word' id='word_1_109' title='bbox 1625 2578 1798 2655; x_wconf 88' lang='lat' dir='ltr'>consules</span> <span class='ocrx_word' id='word_1_110' title='bbox 1812 2579 1913 2658; x_wconf 91' lang='lat' dir='ltr'>dicto</span> <span class='ocrx_word' id='word_1_111' title='bbox 1928 2581 2057 2689; x_wconf 85' lang='lat' dir='ltr'>bajulo</span> 
     </span>
     <span class='ocr_line' id='line_1_13' title="bbox 632 2707 2057 2814; baseline 0.006 -32"><span class='ocrx_word' id='word_1_112' title='bbox 632 2725 762 2787; x_wconf 87' lang='lat' dir='ltr'>nostro</span> <span class='ocrx_word' id='word_1_113' title='bbox 783 2707 938 2786; x_wconf 91' lang='lat' dir='ltr'>obedire</span> <span class='ocrx_word' id='word_1_114' title='bbox 955 2724 1273 2813; x_wconf 88' lang='lat' dir='ltr'>contempserunt.</span> <span class='ocrx_word' id='word_1_115' title='bbox 1294 2709 1405 2795; x_wconf 88' lang='lat' dir='ltr'>Item,</span> <span class='ocrx_word' id='word_1_116' title='bbox 1429 2736 1516 2783; x_wconf 91' lang='lat' dir='ltr'>cum</span> <span class='ocrx_word' id='word_1_117' title='bbox 1535 2723 1621 2814; x_wconf 90' lang='lat' dir='ltr'>post</span> <span class='ocrx_word' id='word_1_118' title='bbox 1635 2708 1821 2811; x_wconf 85' lang='lat' dir='ltr'>predicta,</span> <span class='ocrx_word' id='word_1_119' title='bbox 1844 2709 1976 2789; x_wconf 89' lang='lat' dir='ltr'>eadem</span> <span class='ocrx_word' id='word_1_120' title='bbox 1995 2714 2057 2790; x_wconf 89' lang='lat' dir='ltr'>die</span> 
     </span>
     <span class='ocr_line' id='line_1_14' title="bbox 634 2835 2058 2946; baseline 0.002 -31"><span class='ocrx_word' id='word_1_121' title='bbox 634 2854 671 2915; x_wconf 91' lang='lat' dir='ltr'>et</span> <span class='ocrx_word' id='word_1_122' title='bbox 692 2838 832 2928; x_wconf 87' lang='lat' dir='ltr'>statim,</span> <span class='ocrx_word' id='word_1_123' title='bbox 853 2837 1020 2944; x_wconf 81' lang='lat' dir='ltr'>prefatus</span> <span class='ocrx_word' id='word_1_124' title='bbox 1038 2835 1189 2946; x_wconf 90' lang='lat' dir='ltr'>bajulus</span> <span class='ocrx_word' id='word_1_125' title='bbox 1209 2852 1349 2927; x_wconf 88' lang='lat' dir='ltr'>noster,</span> <span class='ocrx_word' id='word_1_126' title='bbox 1372 2838 1525 2917; x_wconf 86' lang='lat' dir='ltr'>Petrum</span> <span class='ocrx_word' id='word_1_127' title='bbox 1546 2836 1701 2924; x_wconf 87' lang='lat' dir='ltr'>Medici,</span> <span class='ocrx_word' id='word_1_128' title='bbox 1723 2864 1765 2911; x_wconf 89' lang='lat' dir='ltr'>ac</span> <span class='ocrx_word' id='word_1_129' title='bbox 1784 2840 1938 2914; x_wconf 87' lang='lat' dir='ltr'>Petrum</span> <span class='ocrx_word' id='word_1_130' title='bbox 1958 2842 2058 2918; x_wconf 89' lang='lat' dir='ltr'>Mar-</span> 
     </span>
     <span class='ocr_line' id='line_1_15' title="bbox 633 2966 2057 3077; baseline 0.005 -34"><span class='ocrx_word' id='word_1_131' title='bbox 633 2968 721 3057; x_wconf 89' lang='lat' dir='ltr'>tini,</span> <span class='ocrx_word' id='word_1_132' title='bbox 744 2970 943 3077; x_wconf 84' lang='lat' dir='ltr'>majorem,</span> <span class='ocrx_word' id='word_1_133' title='bbox 964 2984 1119 3075; x_wconf 91' lang='lat' dir='ltr'>propter</span> <span class='ocrx_word' id='word_1_134' title='bbox 1140 2966 1330 3073; x_wconf 90' lang='lat' dir='ltr'>predictos</span> <span class='ocrx_word' id='word_1_135' title='bbox 1350 2994 1537 3057; x_wconf 82' lang='lat' dir='ltr'>excessus,</span> <span class='ocrx_word' id='word_1_136' title='bbox 1557 2966 1758 3045; x_wconf 76' lang='lat' dir='ltr'>violentias</span> <span class='ocrx_word' id='word_1_137' title='bbox 1777 2984 1816 3045; x_wconf 92' lang='lat' dir='ltr'>et</span> <span class='ocrx_word' id='word_1_138' title='bbox 1833 2967 2057 3049; x_wconf 90' lang='lat' dir='ltr'>inobedien-</span> 
     </span>
     <span class='ocr_line' id='line_1_16' title="bbox 633 3097 2057 3210; baseline 0.005 -35"><span class='ocrx_word' id='word_1_139' title='bbox 633 3097 723 3191; x_wconf 88' lang='lat' dir='ltr'>cias,</span> <span class='ocrx_word' id='word_1_140' title='bbox 738 3099 776 3174; x_wconf 91' lang='lat' dir='ltr'>in</span> <span class='ocrx_word' id='word_1_141' title='bbox 791 3099 890 3175; x_wconf 88' lang='lat' dir='ltr'>dicta</span> <span class='ocrx_word' id='word_1_142' title='bbox 904 3097 989 3173; x_wconf 89' lang='lat' dir='ltr'>villa</span> <span class='ocrx_word' id='word_1_143' title='bbox 1006 3114 1220 3176; x_wconf 88' lang='lat' dir='ltr'>arrestasset</span> <span class='ocrx_word' id='word_1_144' title='bbox 1239 3114 1278 3175; x_wconf 93' lang='lat' dir='ltr'>et</span> <span class='ocrx_word' id='word_1_145' title='bbox 1295 3097 1470 3205; x_wconf 88' lang='lat' dir='ltr'>cepisset,</span> <span class='ocrx_word' id='word_1_146' title='bbox 1486 3126 1529 3174; x_wconf 92' lang='lat' dir='ltr'>ac</span> <span class='ocrx_word' id='word_1_147' title='bbox 1545 3098 1646 3204; x_wconf 89' lang='lat' dir='ltr'>ipsos</span> <span class='ocrx_word' id='word_1_148' title='bbox 1660 3115 1859 3179; x_wconf 85' lang='lat' dir='ltr'>arrestatos</span> <span class='ocrx_word' id='word_1_149' title='bbox 1878 3118 1917 3181; x_wconf 90' lang='lat' dir='ltr'>et</span> <span class='ocrx_word' id='word_1_150' title='bbox 1931 3120 2057 3210; x_wconf 85' lang='lat' dir='ltr'>captos</span> 
     </span>
     <span class='ocr_line' id='line_1_17' title="bbox 633 3226 2056 3316; baseline 0.005 -12"><span class='ocrx_word' id='word_1_151' title='bbox 633 3229 681 3304; x_wconf 92' lang='lat' dir='ltr'>ad</span> <span class='ocrx_word' id='word_1_152' title='bbox 701 3246 870 3306; x_wconf 88' lang='lat' dir='ltr'>nostrum</span> <span class='ocrx_word' id='word_1_153' title='bbox 892 3256 1077 3305; x_wconf 88' lang='lat' dir='ltr'>carcerem</span> <span class='ocrx_word' id='word_1_154' title='bbox 1096 3254 1224 3304; x_wconf 90' lang='lat' dir='ltr'>secum</span> <span class='ocrx_word' id='word_1_155' title='bbox 1244 3227 1384 3304; x_wconf 86' lang='lat' dir='ltr'>ducere</span> <span class='ocrx_word' id='word_1_156' title='bbox 1405 3227 1511 3303; x_wconf 87' lang='lat' dir='ltr'>nisus</span> <span class='ocrx_word' id='word_1_157' title='bbox 1524 3226 1670 3316; x_wconf 85' lang='lat' dir='ltr'>fuisset,</span> <span class='ocrx_word' id='word_1_158' title='bbox 1692 3230 1912 3308; x_wconf 89' lang='lat' dir='ltr'>auctoritate</span> <span class='ocrx_word' id='word_1_159' title='bbox 1932 3252 2056 3313; x_wconf 91' lang='lat' dir='ltr'>nostra</span> 
     </span>
     <span class='ocr_line' id='line_1_18' title="bbox 633 3357 2057 3467; baseline 0.006 -33"><span class='ocrx_word' id='word_1_160' title='bbox 633 3359 777 3438; x_wconf 89' lang='lat' dir='ltr'>eisdem</span> <span class='ocrx_word' id='word_1_161' title='bbox 803 3358 1044 3467; x_wconf 88' lang='lat' dir='ltr'>precipiendo</span> <span class='ocrx_word' id='word_1_162' title='bbox 1070 3374 1108 3433; x_wconf 88' lang='lat' dir='ltr'>et</span> <span class='ocrx_word' id='word_1_163' title='bbox 1132 3357 1368 3464; x_wconf 84' lang='lat' dir='ltr'>injungendo</span> <span class='ocrx_word' id='word_1_164' title='bbox 1393 3374 1435 3433; x_wconf 91' lang='lat' dir='ltr'>ut</span> <span class='ocrx_word' id='word_1_165' title='bbox 1460 3385 1598 3451; x_wconf 31' lang='lat' dir='ltr'>secum,</span> <span class='ocrx_word' id='word_1_166' title='bbox 1611 3358 1659 3433; x_wconf 88' lang='lat' dir='ltr'>ad</span> <span class='ocrx_word' id='word_1_167' title='bbox 1678 3374 1850 3437; x_wconf 90' lang='lat' dir='ltr'>nostrum</span> <span class='ocrx_word' id='word_1_168' title='bbox 1871 3389 2057 3442; x_wconf 86' lang='lat' dir='ltr'>carcerem</span> 
     </span>
     <span class='ocr_line' id='line_1_19' title="bbox 505 3484 2058 3598; baseline 0.003 -32"><span class='ocrx_word' id='word_1_169' title='bbox 505 3550 508 3555; x_wconf 85' lang='lat'>.</span> <span class='ocrx_word' id='word_1_170' title='bbox 632 3492 818 3581; x_wconf 84' lang='lat' dir='ltr'>venirent,</span> <span class='ocrx_word' id='word_1_171' title='bbox 839 3488 928 3567; x_wconf 85' lang='lat' dir='ltr'>dicti</span> <span class='ocrx_word' id='word_1_172' title='bbox 940 3490 1074 3566; x_wconf 91' lang='lat' dir='ltr'>Petrus</span> <span class='ocrx_word' id='word_1_173' title='bbox 1090 3486 1241 3565; x_wconf 90' lang='lat' dir='ltr'>Martini</span> <span class='ocrx_word' id='word_1_174' title='bbox 1258 3504 1296 3565; x_wconf 88' lang='lat' dir='ltr'>et</span> <span class='ocrx_word' id='word_1_175' title='bbox 1308 3487 1441 3598; x_wconf 84' lang='lat' dir='ltr'>Petrus</span> <span class='ocrx_word' id='word_1_176' title='bbox 1458 3484 1598 3564; x_wconf 89' lang='lat' dir='ltr'>Medici</span> <span class='ocrx_word' id='word_1_177' title='bbox 1613 3486 1768 3564; x_wconf 88' lang='lat' dir='ltr'>obedire</span> <span class='ocrx_word' id='word_1_178' title='bbox 1781 3488 1907 3567; x_wconf 89' lang='lat' dir='ltr'>eidem</span> <span class='ocrx_word' id='word_1_179' title='bbox 1922 3492 2058 3571; x_wconf 91' lang='lat' dir='ltr'>nolue-</span> 
     </span>
     <span class='ocr_line' id='line_1_20' title="bbox 632 3617 2060 3732; baseline 0.002 -34"><span class='ocrx_word' id='word_1_180' title='bbox 632 3638 739 3713; x_wconf 86' lang='lat' dir='ltr'>runt,</span> <span class='ocrx_word' id='word_1_181' title='bbox 762 3622 880 3697; x_wconf 90' lang='lat' dir='ltr'>immo</span> <span class='ocrx_word' id='word_1_182' title='bbox 906 3620 953 3695; x_wconf 93' lang='lat' dir='ltr'>de</span> <span class='ocrx_word' id='word_1_183' title='bbox 975 3620 1056 3727; x_wconf 90' lang='lat' dir='ltr'>ejus</span> <span class='ocrx_word' id='word_1_184' title='bbox 1080 3619 1254 3695; x_wconf 90' lang='lat' dir='ltr'>manibus</span> <span class='ocrx_word' id='word_1_185' title='bbox 1273 3617 1461 3696; x_wconf 82' lang='lat' dir='ltr'>violenter</span> <span class='ocrx_word' id='word_1_186' title='bbox 1484 3648 1524 3696; x_wconf 88' lang='lat' dir='ltr'>se</span> <span class='ocrx_word' id='word_1_187' title='bbox 1549 3636 1824 3712; x_wconf 67' lang='lat' dir='ltr'>resonuerunt,</span> <span class='ocrx_word' id='word_1_188' title='bbox 1846 3640 1884 3701; x_wconf 87' lang='lat' dir='ltr'>ct</span> <span class='ocrx_word' id='word_1_189' title='bbox 1905 3623 2060 3732; x_wconf 83' lang='lat' dir='ltr'>insuper</span> 
     </span>
     <span class='ocr_line' id='line_1_21' title="bbox 632 3748 2059 3857; baseline 0.004 -30"><span class='ocrx_word' id='word_1_190' title='bbox 632 3750 835 3830; x_wconf 90' lang='lat' dir='ltr'>nonnullas</span> <span class='ocrx_word' id='word_1_191' title='bbox 854 3748 942 3827; x_wconf 89' lang='lat' dir='ltr'>alias</span> <span class='ocrx_word' id='word_1_192' title='bbox 962 3749 1244 3828; x_wconf 89' lang='lat' dir='ltr'>inobediencias</span> <span class='ocrx_word' id='word_1_193' title='bbox 1265 3766 1392 3826; x_wconf 86' lang='lat' dir='ltr'>contra</span> <span class='ocrx_word' id='word_1_194' title='bbox 1413 3778 1482 3827; x_wconf 89' lang='lat' dir='ltr'>nos</span> <span class='ocrx_word' id='word_1_195' title='bbox 1503 3766 1541 3827; x_wconf 90' lang='lat' dir='ltr'>et</span> <span class='ocrx_word' id='word_1_196' title='bbox 1556 3748 1735 3827; x_wconf 88' lang='lat' dir='ltr'>officiales</span> <span class='ocrx_word' id='word_1_197' title='bbox 1753 3767 1902 3830; x_wconf 88' lang='lat' dir='ltr'>nostros</span> <span class='ocrx_word' id='word_1_198' title='bbox 1917 3753 2059 3857; x_wconf 89' lang='lat' dir='ltr'>pluries</span> 
     </span>
     <span class='ocr_line' id='line_1_22' title="bbox 634 3879 2058 3988; baseline 0.001 -30"><span class='ocrx_word' id='word_1_199' title='bbox 634 3900 672 3959; x_wconf 88' lang='lat' dir='ltr'>et</span> <span class='ocrx_word' id='word_1_200' title='bbox 685 3881 853 3960; x_wconf 87' lang='lat' dir='ltr'>indebite</span> <span class='ocrx_word' id='word_1_201' title='bbox 869 3883 1157 3971; x_wconf 89' lang='lat' dir='ltr'>commiserunt,</span> <span class='ocrx_word' id='word_1_202' title='bbox 1178 3898 1332 3987; x_wconf 91' lang='lat' dir='ltr'>propter</span> <span class='ocrx_word' id='word_1_203' title='bbox 1352 3908 1445 3988; x_wconf 89' lang='lat' dir='ltr'>quas</span> <span class='ocrx_word' id='word_1_204' title='bbox 1466 3879 1611 3986; x_wconf 80' lang='lat' dir='ltr'>pixides</span> <span class='ocrx_word' id='word_1_205' title='bbox 1630 3908 1699 3956; x_wconf 89' lang='lat' dir='ltr'>seu</span> <span class='ocrx_word' id='word_1_206' title='bbox 1716 3879 1870 3957; x_wconf 82' lang='lat' dir='ltr'>boistias</span> <span class='ocrx_word' id='word_1_207' title='bbox 1889 3909 2058 3960; x_wconf 90' lang='lat' dir='ltr'>commu-</span> 
     </span>
     <span class='ocr_line' id='line_1_23' title="bbox 633 4008 2058 4120; baseline 0.001 -31"><span class='ocrx_word' id='word_1_208' title='bbox 633 4040 702 4090; x_wconf 88' lang='lat' dir='ltr'>nes</span> <span class='ocrx_word' id='word_1_209' title='bbox 722 4012 939 4099; x_wconf 72' lang='lat' dir='ltr'>dinteville,</span> <span class='ocrx_word' id='word_1_210' title='bbox 958 4013 996 4088; x_wconf 89' lang='lat' dir='ltr'>in</span> <span class='ocrx_word' id='word_1_211' title='bbox 1021 4012 1159 4120; x_wconf 89' lang='lat' dir='ltr'>quibus</span> <span class='ocrx_word' id='word_1_212' title='bbox 1180 4010 1340 4117; x_wconf 91' lang='lat' dir='ltr'>pecunia</span> <span class='ocrx_word' id='word_1_213' title='bbox 1362 4010 1577 4089; x_wconf 88' lang='lat' dir='ltr'>communis</span> <span class='ocrx_word' id='word_1_214' title='bbox 1597 4009 1694 4086; x_wconf 91' lang='lat' dir='ltr'>dicte</span> <span class='ocrx_word' id='word_1_215' title='bbox 1709 4008 1796 4086; x_wconf 88' lang='lat' dir='ltr'>ville</span> <span class='ocrx_word' id='word_1_216' title='bbox 1816 4011 1948 4117; x_wconf 90' lang='lat' dir='ltr'>reponi</span> <span class='ocrx_word' id='word_1_217' title='bbox 1969 4041 2058 4092; x_wconf 87' lang='lat' dir='ltr'>con-</span> 
     </span>
     <span class='ocr_line' id='line_1_24' title="bbox 634 4141 2056 4248; baseline -0.001 -27"><span class='ocrx_word' id='word_1_218' title='bbox 634 4143 769 4233; x_wconf 83' lang='lat' dir='ltr'>suevit,</span> <span class='ocrx_word' id='word_1_219' title='bbox 795 4144 843 4220; x_wconf 88' lang='lat' dir='ltr'>ad</span> <span class='ocrx_word' id='word_1_220' title='bbox 861 4170 1017 4221; x_wconf 92' lang='lat' dir='ltr'>manum</span> <span class='ocrx_word' id='word_1_221' title='bbox 1038 4160 1204 4221; x_wconf 90' lang='lat' dir='ltr'>nostram</span> <span class='ocrx_word' id='word_1_222' title='bbox 1230 4141 1442 4248; x_wconf 88' lang='lat' dir='ltr'>posuimus,</span> <span class='ocrx_word' id='word_1_223' title='bbox 1466 4167 1579 4245; x_wconf 87' lang='lat' dir='ltr'>quam</span> <span class='ocrx_word' id='word_1_224' title='bbox 1600 4168 1756 4217; x_wconf 89' lang='lat' dir='ltr'>manum</span> <span class='ocrx_word' id='word_1_225' title='bbox 1780 4158 1946 4219; x_wconf 89' lang='lat' dir='ltr'>nostram</span> <span class='ocrx_word' id='word_1_226' title='bbox 1967 4144 2056 4222; x_wconf 91' lang='lat' dir='ltr'>dicti</span> 
     </span>
     <span class='ocr_line' id='line_1_25' title="bbox 634 4270 2058 4381; baseline 0.002 -31"><span class='ocrx_word' id='word_1_227' title='bbox 634 4275 754 4381; x_wconf 90' lang='lat' dir='ltr'>major</span> <span class='ocrx_word' id='word_1_228' title='bbox 771 4289 810 4349; x_wconf 89' lang='lat' dir='ltr'>et</span> <span class='ocrx_word' id='word_1_229' title='bbox 825 4273 999 4351; x_wconf 89' lang='lat' dir='ltr'>consules</span> <span class='ocrx_word' id='word_1_230' title='bbox 1017 4304 1102 4351; x_wconf 92' lang='lat' dir='ltr'>cum</span> <span class='ocrx_word' id='word_1_231' title='bbox 1122 4272 1300 4349; x_wconf 85' lang='lat' dir='ltr'>instancia</span> <span class='ocrx_word' id='word_1_232' title='bbox 1319 4270 1499 4377; x_wconf 86' lang='lat' dir='ltr'>petebant</span> <span class='ocrx_word' id='word_1_233' title='bbox 1518 4270 1699 4360; x_wconf 77' lang='lat' dir='ltr'>amoveri3</span> <span class='ocrx_word' id='word_1_234' title='bbox 1714 4289 1955 4377; x_wconf 87' lang='lat' dir='ltr'>procuratore</span> <span class='ocrx_word' id='word_1_235' title='bbox 1976 4302 2058 4354; x_wconf 81' lang='lat' dir='ltr'>nos</span> 
     </span>
     <span class='ocr_line' id='line_1_26' title="bbox 633 4400 2057 4509; baseline 0.003 -29"><span class='ocrx_word' id='word_1_236' title='bbox 633 4421 693 4481; x_wconf 87' lang='lat' dir='ltr'>tro</span> <span class='ocrx_word' id='word_1_237' title='bbox 721 4419 759 4479; x_wconf 91' lang='lat' dir='ltr'>et</span> <span class='ocrx_word' id='word_1_238' title='bbox 784 4402 866 4479; x_wconf 87' lang='lat' dir='ltr'>aliis</span> <span class='ocrx_word' id='word_1_239' title='bbox 893 4402 1036 4480; x_wconf 84' lang='lat' dir='ltr'>civibus</span> <span class='ocrx_word' id='word_1_240' title='bbox 1061 4421 1098 4480; x_wconf 86' lang='lat' dir='ltr'>et</span> <span class='ocrx_word' id='word_1_241' title='bbox 1126 4402 1371 4509; x_wconf 91' lang='lat' dir='ltr'>popularibus</span> <span class='ocrx_word' id='word_1_242' title='bbox 1399 4400 1624 4507; x_wconf 90' lang='lat' dir='ltr'>supradictis</span> <span class='ocrx_word' id='word_1_243' title='bbox 1649 4400 1994 4483; x_wconf 86' lang='lat' dir='ltr'>contradicentibus</span> <span class='ocrx_word' id='word_1_244' title='bbox 2020 4425 2057 4483; x_wconf 88' lang='lat' dir='ltr'>et</span> 
     </span>
     <span class='ocr_line' id='line_1_27' title="bbox 635 4531 2058 4641; baseline 0.004 -31"><span class='ocrx_word' id='word_1_245' title='bbox 635 4533 895 4639; x_wconf 86' lang='lat' dir='ltr'>multipliciter</span> <span class='ocrx_word' id='word_1_246' title='bbox 913 4562 953 4612; x_wconf 90' lang='lat' dir='ltr'>se</span> <span class='ocrx_word' id='word_1_247' title='bbox 974 4533 1256 4641; x_wconf 89' lang='lat' dir='ltr'>opponentibus</span> <span class='ocrx_word' id='word_1_248' title='bbox 1277 4562 1321 4610; x_wconf 80' lang='lat' dir='ltr'>ex</span> <span class='ocrx_word' id='word_1_249' title='bbox 1341 4533 1521 4619; x_wconf 68' lang='lat' dir='ltr'>adversm</span> <span class='ocrx_word' id='word_1_250' title='bbox 1541 4531 1713 4622; x_wconf 88' lang='lat' dir='ltr'>tandem,</span> <span class='ocrx_word' id='word_1_251' title='bbox 1735 4560 1850 4641; x_wconf 90' lang='lat' dir='ltr'>super</span> <span class='ocrx_word' id='word_1_252' title='bbox 1867 4537 2058 4639; x_wconf 87' lang='lat' dir='ltr'>premissis</span> 
     </span>
     <span class='ocr_line' id='line_1_28' title="bbox 635 4663 2058 4774; baseline 0.005 -35"><span class='ocrx_word' id='word_1_253' title='bbox 635 4663 773 4743; x_wconf 90' lang='lat' dir='ltr'>auditis</span> <span class='ocrx_word' id='word_1_254' title='bbox 794 4666 901 4743; x_wconf 87' lang='lat' dir='ltr'>dictis</span> <span class='ocrx_word' id='word_1_255' title='bbox 921 4663 1108 4771; x_wconf 85' lang='lat' dir='ltr'>partibus,</span> <span class='ocrx_word' id='word_1_256' title='bbox 1130 4692 1198 4771; x_wconf 91' lang='lat' dir='ltr'>per</span> <span class='ocrx_word' id='word_1_257' title='bbox 1217 4663 1358 4743; x_wconf 91' lang='lat' dir='ltr'>curiam</span> <span class='ocrx_word' id='word_1_258' title='bbox 1380 4680 1547 4740; x_wconf 90' lang='lat' dir='ltr'>nostram</span> <span class='ocrx_word' id='word_1_259' title='bbox 1572 4663 1695 4739; x_wconf 82' lang='lat' dir='ltr'>extitit</span> <span class='ocrx_word' id='word_1_260' title='bbox 1713 4664 1928 4742; x_wconf 87' lang='lat' dir='ltr'>ordinatum</span> <span class='ocrx_word' id='word_1_261' title='bbox 1951 4667 2058 4774; x_wconf 89' lang='lat' dir='ltr'>quod</span> 
     </span>
     <span class='ocr_line' id='line_1_29' title="bbox 634 4794 2057 4903; baseline 0.004 -29"><span class='ocrx_word' id='word_1_262' title='bbox 634 4823 749 4903; x_wconf 88' lang='lat' dir='ltr'>super</span> <span class='ocrx_word' id='word_1_263' title='bbox 765 4796 944 4903; x_wconf 89' lang='lat' dir='ltr'>predictis</span> <span class='ocrx_word' id='word_1_264' title='bbox 959 4795 1093 4874; x_wconf 85' lang='lat' dir='ltr'>veritas</span> <span class='ocrx_word' id='word_1_265' title='bbox 1107 4795 1256 4902; x_wconf 88' lang='lat' dir='ltr'>plenius</span> <span class='ocrx_word' id='word_1_266' title='bbox 1277 4794 1535 4902; x_wconf 92' lang='lat' dir='ltr'>inquireretur</span> <span class='ocrx_word' id='word_1_267' title='bbox 1551 4810 1590 4871; x_wconf 88' lang='lat' dir='ltr'>et</span> <span class='ocrx_word' id='word_1_268' title='bbox 1603 4794 1715 4872; x_wconf 91' lang='lat' dir='ltr'>nobis</span> <span class='ocrx_word' id='word_1_269' title='bbox 1729 4823 1797 4873; x_wconf 87' lang='lat' dir='ltr'>seu</span> <span class='ocrx_word' id='word_1_270' title='bbox 1812 4796 1916 4873; x_wconf 87' lang='lat' dir='ltr'>curie</span> <span class='ocrx_word' id='word_1_271' title='bbox 1930 4816 2057 4879; x_wconf 89' lang='lat' dir='ltr'>nostre</span> 
     </span>
     <span class='ocr_line' id='line_1_30' title="bbox 634 4924 2060 5037; baseline 0.001 -32"><span class='ocrx_word' id='word_1_272' title='bbox 634 4927 857 5005; x_wconf 83' lang='lat' dir='ltr'>referretur:</span> <span class='ocrx_word' id='word_1_273' title='bbox 878 4930 1053 5035; x_wconf 84' lang='lat' dir='ltr'>lnquesta</span> <span class='ocrx_word' id='word_1_274' title='bbox 1074 4928 1186 5037; x_wconf 86' lang='lat' dir='ltr'>igitur</span> <span class='ocrx_word' id='word_1_275' title='bbox 1205 4954 1320 5032; x_wconf 85' lang='lat' dir='ltr'>super</span> <span class='ocrx_word' id='word_1_276' title='bbox 1338 4924 1548 5031; x_wconf 86' lang='lat' dir='ltr'>premissis,</span> <span class='ocrx_word' id='word_1_277' title='bbox 1573 4941 1613 5002; x_wconf 89' lang='lat' dir='ltr'>et</span> <span class='ocrx_word' id='word_1_278' title='bbox 1630 4924 1777 5003; x_wconf 89' lang='lat' dir='ltr'>auditis·</span> <span class='ocrx_word' id='word_1_279' title='bbox 1788 4926 2003 5007; x_wconf 87' lang='lat' dir='ltr'>racionibus</span> <span class='ocrx_word' id='word_1_280' title='bbox 2022 4948 2060 5007; x_wconf 90' lang='lat' dir='ltr'>et</span> 
     </span>
     <span class='ocr_line' id='line_1_31' title="bbox 637 5056 2059 5167; baseline 0.001 -32"><span class='ocrx_word' id='word_1_281' title='bbox 637 5056 934 5150; x_wconf 81' lang='lat' dir='ltr'>defensionibus,</span> <span class='ocrx_word' id='word_1_282' title='bbox 956 5059 1123 5165; x_wconf 88' lang='lat' dir='ltr'>parcium</span> <span class='ocrx_word' id='word_1_283' title='bbox 1142 5058 1417 5167; x_wconf 86' lang='lat' dir='ltr'>predictarum,</span> <span class='ocrx_word' id='word_1_284' title='bbox 1440 5056 1686 5135; x_wconf 88' lang='lat' dir='ltr'>demandato</span> <span class='ocrx_word' id='word_1_285' title='bbox 1704 5074 1834 5137; x_wconf 85' lang='lat' dir='ltr'>nostro</span> <span class='ocrx_word' id='word_1_286' title='bbox 1853 5056 1963 5149; x_wconf 87' lang='lat' dir='ltr'>facta,</span> <span class='ocrx_word' id='word_1_287' title='bbox 1983 5061 2059 5137; x_wconf 81' lang='lat' dir='ltr'>visa</span> 
     </span>
     <span class='ocr_line' id='line_1_32' title="bbox 637 5185 2060 5296; baseline 0.001 -31"><span class='ocrx_word' id='word_1_288' title='bbox 637 5205 674 5265; x_wconf 90' lang='lat' dir='ltr'>et</span> <span class='ocrx_word' id='word_1_289' title='bbox 695 5186 895 5296; x_wconf 84' lang='lat' dir='ltr'>diligenter</span> <span class='ocrx_word' id='word_1_290' title='bbox 915 5189 1139 5278; x_wconf 85' lang='lat' dir='ltr'>examinata,</span> <span class='ocrx_word' id='word_1_291' title='bbox 1161 5190 1266 5296; x_wconf 90' lang='lat' dir='ltr'>qnia,</span> <span class='ocrx_word' id='word_1_292' title='bbox 1288 5216 1357 5294; x_wconf 93' lang='lat' dir='ltr'>per</span> <span class='ocrx_word' id='word_1_293' title='bbox 1374 5204 1491 5265; x_wconf 87' lang='lat' dir='ltr'>testes</span> <span class='ocrx_word' id='word_1_294' title='bbox 1514 5185 1593 5264; x_wconf 83' lang='lat' dir='ltr'>fide</span> <span class='ocrx_word' id='word_1_295' title='bbox 1616 5188 1766 5296; x_wconf 84' lang='lat' dir='ltr'>dignos,</span> <span class='ocrx_word' id='word_1_296' title='bbox 1789 5206 1982 5296; x_wconf 85' lang='lat' dir='ltr'>repertum</span> <span class='ocrx_word' id='word_1_297' title='bbox 2003 5208 2060 5269; x_wconf 89' lang='lat' dir='ltr'>est</span> 
     </span>
     <span class='ocr_line' id='line_1_33' title="bbox 638 5318 2059 5427; baseline 0.001 -32"><span class='ocrx_word' id='word_1_298' title='bbox 638 5318 756 5395; x_wconf 89' lang='lat' dir='ltr'>dictos</span> <span class='ocrx_word' id='word_1_299' title='bbox 771 5319 954 5427; x_wconf 89' lang='lat' dir='ltr'>majorem</span> <span class='ocrx_word' id='word_1_300' title='bbox 968 5338 1005 5397; x_wconf 88' lang='lat' dir='ltr'>et</span> <span class='ocrx_word' id='word_1_301' title='bbox 1021 5319 1210 5409; x_wconf 85' lang='lat' dir='ltr'>consules,</span> <span class='ocrx_word' id='word_1_302' title='bbox 1228 5320 1294 5426; x_wconf 89' lang='lat' dir='ltr'>qui</span> <span class='ocrx_word' id='word_1_303' title='bbox 1311 5348 1332 5395; x_wconf 93' lang='lat' dir='ltr'>a</span> <span class='ocrx_word' id='word_1_304' title='bbox 1347 5318 1448 5397; x_wconf 90' lang='lat' dir='ltr'>dicto</span> <span class='ocrx_word' id='word_1_305' title='bbox 1463 5335 1635 5426; x_wconf 88' lang='lat' dir='ltr'>tempore</span> <span class='ocrx_word' id='word_1_306' title='bbox 1651 5319 1743 5397; x_wconf 86' lang='lat' dir='ltr'>eitra</span> <span class='ocrx_word' id='word_1_307' title='bbox 1754 5319 1909 5399; x_wconf 86' lang='lat' dir='ltr'>fuerunt</span> <span class='ocrx_word' id='word_1_308' title='bbox 1923 5321 1962 5397; x_wconf 94' lang='lat' dir='ltr'>in</span> <span class='ocrx_word' id='word_1_309' title='bbox 1973 5318 2059 5396; x_wconf 80' lang='lat' dir='ltr'>villa</span> 
     </span>
     <span class='ocr_line' id='line_1_34' title="bbox 638 5446 2060 5556; baseline 0.002 -33"><span class='ocrx_word' id='word_1_310' title='bbox 638 5447 817 5550; x_wconf 84' lang='lat' dir='ltr'>predicta,</span> <span class='ocrx_word' id='word_1_311' title='bbox 840 5478 915 5526; x_wconf 89' lang='lat' dir='ltr'>nna</span> <span class='ocrx_word' id='word_1_312' title='bbox 936 5478 1022 5527; x_wconf 91' lang='lat' dir='ltr'>cum</span> <span class='ocrx_word' id='word_1_313' title='bbox 1045 5450 1122 5529; x_wconf 90' lang='lat' dir='ltr'>suis</span> <span class='ocrx_word' id='word_1_314' title='bbox 1143 5446 1391 5556; x_wconf 87' lang='lat' dir='ltr'>complicibus</span> <span class='ocrx_word' id='word_1_315' title='bbox 1413 5466 1452 5527; x_wconf 87' lang='lat' dir='ltr'>et</span> <span class='ocrx_word' id='word_1_316' title='bbox 1471 5448 1719 5529; x_wconf 83' lang='lat' dir='ltr'>confederatis</span> <span class='ocrx_word' id='word_1_317' title='bbox 1739 5466 1778 5526; x_wconf 89' lang='lat' dir='ltr'>et</span> <span class='ocrx_word' id='word_1_318' title='bbox 1795 5448 1878 5526; x_wconf 89' lang='lat' dir='ltr'>aliis</span> <span class='ocrx_word' id='word_1_319' title='bbox 1895 5475 2060 5555; x_wconf 80' lang='lat' dir='ltr'>quorum</span> 
     </span>
    </p>
   </div>
   <div class='ocr_carea' id='block_1_3' title="bbox 724 5612 1929 5693">
    <p class='ocr_par' dir='ltr' id='par_1_3' title="bbox 724 5612 1929 5693">
     <span class='ocr_line' id='line_1_35' title="bbox 724 5612 1929 5693; baseline 0.007 -26"><span class='ocrx_word' id='word_1_320' title='bbox 724 5628 777 5670; x_wconf 81' lang='lat' dir='ltr'>nes</span> <span class='ocrx_word' id='word_1_321' title='bbox 798 5630 881 5672; x_wconf 85' lang='grc' dir='ltr'><strong>οιιιι.</strong></span> <span class='ocrx_word' id='word_1_322' title='bbox 905 5632 949 5673; x_wconf 93' lang='grc' dir='ltr'><strong>ιιι.</strong></span> <span class='ocrx_word' id='word_1_323' title='bbox 1890 5612 1929 5693; x_wconf 68' lang='lat' dir='ltr'>dy</span> 
     </span>
    </p>
   </div>
   <div class='ocr_carea' id='block_1_4' title="bbox 0 0 2917 7284">
    <p class='ocr_par' dir='ltr' id='par_1_4' title="bbox 0 0 2917 7284">
     <span class='ocr_line' id='line_1_36' title="bbox 0 0 2917 7284; baseline 0 0"><span class='ocrx_word' id='word_1_324' title='bbox 0 0 2917 7284; x_wconf 95' lang='lat' dir='ltr'> </span> 
     </span>
    </p>
   </div>
  </div>
 </body>
</html>
