5817 7292
891 1089 964 1164 1176
1463 1084 1553 1158 tus
1594 1082 1731 1158 OLIM.

666 1245 796 1299 rmum
809 1241 852 1306 Ν.
889 1230 1046 1310 Domini
1064 1226 1264 1310 millesimo
1284 1224 1549 1305 trecentesimo
1563 1240 1685 1313 sexto,
1697 1239 1743 1300 ut
1755 1222 1962 1313 dicebatur,
1984 1253 2030 1303 ex
2048 1225 2179 1319 altera,
2193 1259 2308 1340 super

728 1335 792 1378 1800.

892 1389 936 1440 eo
955 1361 1061 1469 quod
1077 1361 1251 1439 dicebant
1265 1358 1354 1436 dicti
1370 1359 1504 1434 Petrus
1517 1372 1556 1433 et
1568 1354 1796 1434 Guillelmus
1810 1354 1915 1461 quod
1928 1357 1998 1462 ipsi
2011 1381 2306 1452 recensuerant,

892 1492 1107 1602 agentibus
1127 1491 1291 1598 episcopi
1312 1487 1549 1578 Pictovensis,
1573 1513 1671 1563 anno
1691 1514 1768 1592 quo
1787 1513 1919 1591 supra,
1944 1488 2108 1568 decimus
2133 1511 2172 1570 et
2193 1511 2310 1574 terre-

892 1629 951 1732 gia
964 1623 1011 1701 de
1028 1621 1209 1728 Conpella
1225 1636 1262 1696 et
1276 1617 1402 1710 Malla,
1415 1646 1501 1695 cum
1516 1645 1646 1694 earum
1659 1616 1918 1722 pertinenciis,
1929 1637 2043 1722 prout
2055 1621 2144 1700 alias
2159 1642 2216 1700 est
2228 1625 2311 1706 fieri

894 1771 1133 1840 consuetum,
1145 1779 1214 1858 pro
1230 1750 1355 1857 precio
1370 1747 1728 1855 quadringentarum
1746 1748 1935 1825 minarum
1951 1751 1999 1827 de
2015 1769 2179 1859 quatuor
2188 1755 2312 1836 bladis

894 1888 942 1966 ad
962 1912 1176 1964 mensuram
1201 1883 1386 1960 dictonrnt
1405 1879 1592 1967 looorum3
1614 1879 1723 1966 item,
1744 1879 1851 1985 quod
1872 1881 2004 1958 Petrus
2026 1899 2065 1960 et
2082 1881 2312 1966 Guillelmus

895 2017 1052 2126 predicti
1072 2015 1257 2093 solverant
1270 2010 1444 2120 gentibus
1458 2010 1549 2086 dicti
1564 2008 1746 2117 episcopi,
1758 2010 1806 2086 de
1820 2010 1988 2117 predicta
1999 2041 2165 2103 accensa,
2177 2017 2313 2096 ducen-

893 2169 949 2228 tas
967 2166 1007 2227 et
1025 2147 1175 2255 triginta
1194 2145 1313 2222 minas
1333 2171 1420 2220 cum
1440 2141 1563 2219 tribus
1581 2138 1786 2228 boissellis,
1807 2157 2010 2248 antequam
2024 2146 2214 2249 predictus
2231 2181 2311 2228 sna·

895 2281 1009 2390 gister
1031 2278 1117 2358 Odo
1142 2276 1284 2354 veniret
1307 2273 1354 2350 ad
1382 2273 1524 2350 dictum
1549 2271 1675 2356 locum
1701 2271 1896 2377 prodicta
1921 2273 2057 2379 regalia
2082 2275 2309 2386 colligenda3

896 2413 1005 2498 item,
1023 2408 1142 2516 quod,
1158 2406 1310 2512 quando
1324 2402 1704 2509 predictusmsgister
1714 2402 1802 2480 Odo
1818 2401 1867 2478 de
1882 2430 1995 2496 novo,
2009 2405 2111 2482 veuit
2122 2407 2173 2484 ad
2184 2409 2311 2488 locum

896 2542 1124 2649 predictum,
1145 2540 1224 2644 ipse
1238 2536 1327 2614 lecit
1344 2533 1466 2612 vocari
1486 2560 1612 2611 coram
1631 2561 1672 2612 sc
1690 2534 1812 2610 dictos
1825 2537 1978 2612 Petrum
1993 2553 2031 2614 et
2045 2536 2307 2631 Guillelmum,

897 2689 940 2752 ut
961 2669 1008 2748 de
1028 2669 1195 2778 predicta
1220 2691 1369 2745 accensa
1389 2663 1461 2740 sibi
1485 2663 1689 2740 redderent
1708 2660 1915 2756 racionem
1937 2667 2160 2772 qiiiquidem
2181 2671 2312 2750 Petrus

898 2822 936 2881 et
957 2800 1185 2882 Guillelmus
1205 2795 1516 2904 computaverunt
1536 2794 1661 2872 eidem
1681 2793 1799 2872 dictes
1819 2795 1998 2874 ducentas
2015 2816 2055 2875 et
2072 2801 2223 2907 triginta
2242 2805 2313 2878 mi-

896 2963 963 3012 nas
977 2961 1063 3010 cum
1075 2930 1196 3007 tribus
1208 2926 1409 3014 boissellis‚
1425 2954 1519 3031 quas
1529 2925 1718 3004 ⁴solverunt
1729 2928 1906 3034 gentibus
1917 2930 2081 3037 episcopi
2092 2933 2311 3039 supradicti,

897 3085 934 3144 et
959 3061 1230 3172 quinquaginta
1251 3060 1370 3136 minas
1398 3087 1491 3164 quas
1519 3057 1707 3138 solverant
1732 3061 1921 3166 preposito
1948 3061 2119 3169 d'Angle‚
2146 3064 2195 3141 de
2217 3093 2317 3142 man.

896 3198 982 3274 dato
1003 3193 1173 3302 ejusdem
1194 3190 1360 3298 magistri
1381 3189 1547 3278 Odonis3
1566 3189 1680 3281 item,
1701 3189 1805 3295 (prod
1824 3192 2012 3298 predictus
2032 3195 2209 3301 magister
2227 3189 2313 3273 Odo

894 3325 1012 3404 saisiri
1032 3323 1120 3401 lecit
1138 3321 1333 3401 residuum
1353 3320 1442 3396 dicti
1458 3319 1577 3408 bladi,
1601 3336 1639 3395 et
1657 3321 1868 3428 grangiam,
1886 3321 1952 3397 ubi
1970 3339 2049 3399 erat
2068 3323 2211 3400 dictum
2230 3322 2313 3400 bla-

897 3459 1008 3546 dum,
1025 3453 1166 3534 firmari
1184 3481 1227 3530 sc
1245 3452 1361 3529 eciam
1373 3450 1526 3561 sigillari
1540 3450 1642 3542 fecit,
1660 3480 1757 3529 anno
1771 3451 1926 3529 Domini
1945 3451 2153 3550 millesimo¹
2166 3470 2313 3532 trecen-

895 3588 1031 3666 tesimo
1044 3586 1229 3693 septimo,
1247 3585 1347 3662 dicto
1362 3582 1477 3661 blado
1494 3584 1673 3689 primitus
1683 3599 1914 3674 mensurato,
1925 3601 2148 3692 repertaque
2163 3612 2313 3662 summa

895 3716 1077 3798 dictamni
1091 3717 1451 3823 quadringentarum
1470 3715 1678 3804 minam
1699 3732 1754 3802 et,
1770 3715 1869 3792 ultra
1882 3742 2070 3792 summam
2087 3715 2309 3821 predictam,

894 3851 1023 3958 uiginti
1040 3850 1134 3927 duas
1148 3849 1267 3926 minas
1287 3847 1387 3926 bladi
1408 3849 1633 3924 invenerunt
1648 3844 1811 3937 ibidem,
1822 3863 2037 3952 computata
2052 3873 2201 3926 summe
2211 3849 2316 3954 prius

894 4012 962 4089 per
974 3982 1075 4087 ipsos
1094 3980 1279 4060 firmarios
1295 3980 1418 4058 soluta
1425 4013 1434 4068 ς
1455 3979 1563 4065 item,
1581 3979 1687 4083 quod
1700 3978 1893 4084 predictus
1905 3978 2083 4085 magister
2096 3977 2183 4057 Odo
2198 3978 2316 4058 claves

893 4113 1050 4219 predicti
1067 4111 1170 4190 bladi
1185 4139 1301 4220 penes
1319 4139 1358 4190 se
1369 4111 1503 4201 hahuit
1511 4169 1525 4199 ,1
1544 4128 1582 4186 et
1600 4125 1822 4186 arrestatum
1833 4109 1957 4188 tenuit
1975 4109 2121 4186 dictum
2138 4110 2311 4200 bladum,

894 4244 944 4320 ita
962 4244 1066 4351 quod
1084 4243 1174 4322 dicti
1192 4242 1346 4321 firmarii
1363 4259 1492 4349 postea
1507 4266 1585 4318 nou
1599 4257 1808 4347 potuerunt
1821 4241 1985 4349 gaudere
1999 4239 2048 4318 de
2063 4241 2166 4319 dicto
2182 4241 2311 4329 bledo,

892 4402 961 4452 nec
977 4375 1119 4454 solvere
1135 4375 1240 4480 quod
1258 4374 1447 4454 debebant
1464 4371 1540 4449 illis
1551 4373 1694 4478 quibus
1711 4371 1950 4461 tenebantur,
1968 4373 2139 4450 terminis
2158 4399 2315 4451 consue·

892 4506 941 4584 tis
961 4521 998 4582 et
1011 4507 1174 4595 statutis,
1191 4522 1228 4582 et
1240 4505 1346 4611 quod
1365 4505 1580 4609 residuum,
1593 4503 1700 4609 quod
1710 4503 1890 4582 remansit
1901 4504 1942 4579 in
1956 4503 2056 4580 dicta
2070 4503 2239 4611 grangia,
2250 4531 2315 4608 pe·

895 4634 996 4712 nitus
1016 4635 1135 4712 extitit
1152 4634 1422 4741 putrefactum
1444 4635 1555 4724 item,
1571 4633 1675 4739 quod
1692 4632 1885 4739 predictus
1898 4634 2076 4741 magister
2085 4633 2172 4712 0do
2188 4635 2313 4709 minus

888 4767 990 4874 juste
1001 4765 1183 4871 compulit
1195 4765 1313 4843 dictos
1328 4765 1514 4845 firmarios
1528 4766 1577 4841 ad
1591 4763 1814 4842 solvendum
1828 4763 1953 4842 eidem
1964 4765 2092 4872 viginti
2106 4763 2221 4841 libras
2235 4763 2314 4841 Tu-

893 4925 1091 4985 ronenses‚
1112 4926 1180 5003 pro
1201 4926 1247 4976 eo
1268 4901 1371 5004 quod
1396 4898 1475 5005 ipse
1495 4896 1646 4975 dicebat
1665 4896 1809 4974 dictum
1828 4895 1987 4974 bladum
2005 4923 2083 4974 non
2107 4922 2188 4976 esse
2209 4894 2314 4973 suffi-

893 5030 1009 5118 ciens,
1030 5028 1139 5104 dictis
1161 5027 1335 5106 firmariis
1358 5027 1659 5135 proponentibus
1678 5056 1718 5106 se
1737 5028 1786 5105 ad
1804 5026 2040 5105 solucionem
2061 5027 2246 5106 dictum
2260 5027 2314 5103 vi-

891 5159 985 5268 g'nti
1004 5158 1188 5236 librarum
1208 5159 1365 5236 minime
1383 5160 1523 5251 teneri,
1539 5160 1734 5238 occasione
1754 5159 2061 5252 deterioracionis
2079 5157 2169 5236 dicti
2188 5157 2311 5249 bladi,

891 5317 978 5370 cum
993 5305 1147 5398 propter
1163 5319 1269 5368 suam
1285 5289 1458 5368 saisinam
1474 5291 1681 5398 predictam
1694 5291 1769 5369 hoc
1781 5290 1914 5397 pocius
1929 5289 2162 5397 contigisset,
2176 5305 2215 5366 et
2229 5286 2315 5393 plu-

892 5422 998 5504 ribus
1009 5420 1318 5498 aliisracionibus
1332 5420 1378 5498 ab
1394 5421 1483 5526 ipsis
1494 5422 1712 5527 propositis,
1729 5420 1869 5527 quibps
1884 5421 2036 5526 spretis,
2053 5420 2176 5497 dictos
2187 5417 2314 5494 linne-
