5817 7292
920 1097 992 1171 701
1492 1095 1583 1168 LES
1619 1092 1762 1166 OLIM.

682 1252 813 1305 Parnm
832 1248 877 1310 tv,
917 1259 955 1319 ct
967 1244 1139 1331 Petrum,
1152 1238 1275 1317 filium
1291 1236 1440 1316 Renerii
1453 1236 1677 1322 Secourion,
1698 1233 1779 1342 ejus
1795 1237 2131 1343 consanguineum,
2147 1268 2192 1317 ex
2204 1242 2339 1324 altera-

752 1340 816 1384 1³11.

917 1402 1043 1452 coram
1063 1372 1203 1480 majore
1225 1388 1262 1447 01
1283 1370 1443 1448 scabinis
1464 1369 1551 1447 ville
1570 1366 1893 1457 Sancti-Richarii,
1916 1385 2018 1446 mota
2036 1367 2102 1446 lite
2121 1399 2236 1478 super
2254 1378 2338 1483 qui-

915 1504 1074 1583 busdam
1087 1505 1201 1581 rebus
1216 1501 1423 1581 mobilibus
1434 1530 1528 1608 quas
1540 1499 1662 1578 dictus
1672 1498 1934 1593 Petrus,'filius
1949 1499 2104 1580 Galterii
2116 1502 2336 1600 Secourion,

915 1635 1063 1713 dicebat
1081 1664 1101 1711 a
1120 1632 1343 1722 Laurencio,
1365 1630 1551 1709 avunculo
1572 1658 1658 1720 suo,
1677 1630 1725 1713 in
1743 1658 1809 1707 sua
1823 1630 1957 1707 ultima
1971 1630 2162 1710 voluntate
2177 1634 2250 1714 sibi
2270 1638 2338 1715 do-

916 1783 1018 1843 natas
1047 1765 1178 1853 luisse,
1202 1764 1292 1841 dicti
1321 1752 1499 1871 major'et
1527 1760 1685 1850 scabini,
1707 1788 1775 1868 pro
1803 1760 1904 1839 dicto
1926 1764 2037 1840 Petro
2058 1761 2140 1840 filio
2160 1764 2335 1859 Galterii,

915 1913 1044 1975 contra
1063 1895 1206 1973 dictum
1221 1896 1392 1981 Petrum,
1410 1890 1534 1970 filium
1552 1892 1719 1980 Renerii‚
1736 1892 1949 1999 judicatum
1962 1922 2073 1970 suum
2085 1894 2279 1987 tulissent,
2300 1918 2339 1977 01

915 2027 1017 2104 idem
1029 2027 1178 2113 Petrus,
1197 2023 1298 2101 lilius
1313 2024 1479 2114 Renerii,
1497 2052 1517 2099 a
1532 2024 1634 2101 dicto
1645 2022 1827 2131 judicato,
1844 2040 2037 2130 tamquam
2051 2022 2144 2103 salso
2160 2041 2198 2102 01
2209 2055 2333 2133 pravo,

915 2158 962 2235 ad
977 2174 1140 2235 nostram
1156 2156 1298 2233 curiam
1319 2154 1564 2262 appellasset:
1586 2153 1810 2233 Constitutis
1828 2153 1986 2231 incuria
2005 2172 2147 2246 nostra,
2169 2156 2207 2232 in
2223 2186 2335 2236 causa

916 2288 1014 2365 dicte
1034 2286 1317 2394 appellacionis,
1339 2287 1448 2365 dictis
1465 2284 1651 2392 partibus,
1678 2302 1716 2361 et
1735 2284 1874 2383 auditis
1893 2284 1982 2361 binc
2005 2285 2093 2361 inde
2111 2289 2332 2394 propositis,

914 2419 1068 2525 visoque
1089 2444 1266 2523 processu
1286 2416 1469 2494 dictarum
1490 2416 1677 2522 parcium,
1701 2414 1803 2490 curie
1824 2432 1950 2493 nostre
1968 2415 2007 2491 in
2026 2416 2170 2523 scriptis
2181 2420 2333 2513 tradito,

915 2566 953 2625 et
979 2576 1092 2654 super
1120 2565 1251 2625 tenore
1281 2547 1370 2624 dicti
1398 2547 1556 2655 judicati
1585 2546 1663 2625 visa
1690 2545 1877 2624 relacione
1907 2544 2092 2623 dictorum
2122 2548 2275 2656 majoris
2298 2569 2338 2629 et

914 2678 1163 2767 scabinorum,
1185 2708 1253 2785 per
1270 2677 1449 2757 ballivum
1464 2677 1773 2771 ambianensem,
1795 2677 1891 2754 sicut
1910 2677 1946 2753 ei
1959 2678 2180 2757 mandatum
2199 2680 2335 2776 luerat,

915 2809 1016 2886 curie
1035 2827 1163 2887 nostre
1183 2808 1313 2898 missa,
1336 2809 1395 2885 cui
1414 2807 1593 2886 relacioni
1614 2808 1712 2886 dicte
1730 2824 1855 2914 partes
1874 2806 1989 2885 fidem
2011 2809 2192 2888 adbibere
2211 2812 2339 2891 volue-

915 2958 1021 3029 runt,
1046 2940 1145 3043 inter
1176 2958 1296 3018 cetera
1321 2940 1537 3019 continente
1561 2939 1668 3047 quod
1690 2939 1790 3016 dicte
1813 2946 1954 3046 partes,
1982 2968 2108 3017 coram
2132 2942 2272 3049 majore
2300 2961 2339 3022 et

915 3072 1074 3149 scabinis
1101 3072 1244 3149 eisdem
1269 3072 1549 3178 requisiverunt
1572 3070 1643 3151 sibi
1662 3072 1726 3180 jus
1746 3071 1829 3147 lieri
1853 3100 1968 3178 super
1988 3071 2097 3151 dictis
2116 3046 2231 3153 rebus
2250 3105 2340 3154 con-

914 3203 1106 3295 tenciosis,
1136 3220 1214 3279 tam
1234 3203 1273 3279 in
1294 3204 1427 3281 saisina
1447 3232 1561 3310 quam
1581 3202 1619 3278 in
1639 3202 1884 3308 proprietate,
1906 3202 2085 3310 quodque
2107 3205 2195 3281 dicti
2215 3207 2339 3315 major

916 3350 953 3410 01
972 3333 1127 3422 scabini,
1151 3361 1221 3439 pro
1249 3332 1349 3410 dicto
1377 3334 1508 3422 Petro,
1536 3332 1616 3409 lilio
1646 3331 1817 3422 Galterii,
1840 3350 1968 3410 contra
1994 3334 2135 3411 dictum
2159 3337 2332 3429 Petrum,

785 3558 790 3565 ἡ
915 3463 1035 3540 filium
1054 3463 1220 3554 Renerii,
1243 3490 1357 3567 super
1374 3462 1483 3539 dictis
1500 3463 1613 3540 rebus
1630 3463 1894 3554 contensiosis,
1910 3479 1987 3541 tam
2005 3464 2043 3541 in
2061 3465 2197 3541 saisina
2216 3495 2334 3572 quam

915 3594 954 3669 in
971 3592 1216 3699 proprietate,
1229 3592 1440 3700 judicatum
1458 3622 1570 3671 suum
1585 3594 1773 3684 tulerunt,
1790 3622 1858 3699 per
1872 3596 1975 3672 curie
1989 3612 2113 3672 nostre
2121 3596 2329 3702 judicium,

916 3724 1058 3801 dictum
1083 3724 1155 3800 suit
1177 3721 1366 3829 predictos
1393 3723 1575 3830 majorem
1601 3741 1639 3801 01
1667 3724 1838 3801 scabinos
1866 3724 1964 3801 bane
1984 3724 2170 3832 judicasse
2195 3743 2233 3801 et
2256 3725 2337 3803 (110-

915 3871 997 3932 tum
1011 3856 1179 3945 Petrum,
1198 3851 1321 3931 filium
1334 3853 1499 3943 bonerii,
1514 3854 1611 3933 male
1623 3853 1844 3961 appellasse,
1860 3869 1899 3932 et
1909 3855 2015 3961 qnod
2031 3855 2110 3962 ipse
2123 3855 2197 3933 boc
2212 3883 2338 3936 emen—

914 3986 1032 4063 dabit.

970 4118 1147 4194 Mercurii
1168 4120 1208 4195 in
1228 4120 1354 4227 vigilia
1370 4120 1619 4202 Ascensionis.

969 4384 1108 4464 LXVII.
1140 4386 1262 4492 Super
1273 4385 1502 4493 quibusdam
1517 4385 1666 4493 injuriis
1679 4402 1717 4464 et
1733 4383 1904 4492 dampnis
1917 4385 1965 4462 de
1980 4386 2119 4493 quibus
2130 4413 2338 4494 conquere-

914 4513 1025 4591 batur
1039 4516 1172 4593 Pctrus
1189 4514 1376 4604 Gonterii‚
1397 4515 1467 4593 sibi
1489 4514 1616 4604 illatis,
1634 4533 1678 4593 ut
1693 4515 1856 4607 dicebat,
1873 4545 1941 4623 per
1956 4516 2167 4594 iohannem
2183 4518 2332 4625 Dartys,

913 4643 1088 4733 militem,
1105 4663 1142 4722 et
1149 4646 1338 4753 quendam
1349 4646 1429 4753 ejus
1441 4644 1661 4724 scutiferum
1673 4646 1721 4723 de
1732 4646 1947 4752 Piquardia,
1960 4648 2134 4755 inquesta
2143 4646 2253 4737 lacta,
2265 4675 2335 4753 per

913 4774 1147 4882 prepositum
1172 4776 1432 4867 Parisiensem‚
1457 4805 1524 4855 seu
1544 4776 1592 4852 de
1615 4777 1790 4855 mandato
1810 4777 1946 4882 ipsius,
1967 4778 2104 4856 auditis
2122 4777 2334 4855 nacionibus

913 4934 1006 5012 quas
1021 4906 1142 4984 dictus
1156 4906 1280 4997 miles,
1294 4937 1364 5014 pro
1380 4937 1435 4999 se,
1454 4937 1499 4987 ex
1513 4936 1588 4985 una
1601 4925 1723 5014 parte,
1741 4926 1779 4986 01
1794 4909 1915 4988 dictus
1928 4911 2077 4999 Petrus,
2093 4939 2136 4986 01
2145 4909 2229 4999 alia,
2243 4936 2336 5015 pro-

911 5064 1053 5143 ponere
1069 5036 1287 5131 voluernnt,
1304 5040 1455 5147 visaque
1474 5040 1646 5146 inquesta
1661 5039 1829 5145 predicta
1844 5056 1883 5117 01
1898 5068 2076 5146 processu
2092 5066 2211 5117 coram
2226 5036 2333 5115 dicto

912 5168 1102 5274 preposito
1123 5196 1236 5275 super
1259 5168 1333 5245 hoc
1352 5169 1482 5248 habito
1506 5171 1604 5247 inter
1623 5171 1741 5276 ipsos,
1763 5200 1831 5277 per
1854 5171 1958 5249 curie
1982 5188 2110 5250 nostre
2124 5169 2333 5278 judicium,

914 5295 1035 5375 dictus
1055 5297 1165 5377 miles
1185 5299 1479 5407 condempnatus
1498 5299 1570 5378 luit
1588 5301 1636 5381 ad
1654 5300 1892 5379 reddendum
1914 5302 2015 5379 dicto
2043 5303 2154 5378 Petro
2170 5300 2337 5378 valorem

915 5428 1002 5535 equi
1024 5430 1084 5508 sui
1112 5430 1238 5521 occisi,
1267 5430 1358 5509 scito
1382 5430 1487 5537 prius
1506 5432 1608 5510 dicto
1626 5432 1751 5511 valore
1774 5460 1842 5538 per
1865 5432 2007 5510 dictum
2027 5431 2263 5539 prepositum
2288 5431 2337 5508 de
