5817 7292
854 1157 903 1236 lb
1410 1161 1501 1236 LES
1532 1161 1673 1237 oum.

617 1256 814 1383 ¹turmulv,
852 1301 949 1381 dum·
966 1301 1190 1408 quominus,
1210 1330 1279 1414 per
1303 1325 1342 1380 se
1370 1302 1429 1381 rel
1454 1331 1523 1410 per
1541 1302 1682 1392 ulium,
1703 1303 1848 1381 dictum
1874 1303 2064 1382 decanum
2092 1305 2274 1410 impediat

689 1409 753 1458 Μ’
851 1433 891 1512 in
915 1432 1049 1512 saisina
1077 1431 1350 1538 jurisdictionis
1377 1434 1603 1514 omnimode
1625 1434 1910 1541 parrochiarum
1933 1433 2208 1544 predictorum,
2237 1454 2276 1516 et

850 1563 1121 1669 impedimenta
1149 1591 1219 1675 por
1244 1565 1409 1644 eundern
1436 1565 1686 1673 Reginaldum
1713 1592 1781 1649 seu
1805 1583 1937 1681 gentes
1961 1595 2047 1648 suan
2070 1566 2278 1677 superbiis

849 1693 1034 1802 oppositu,
1055 1695 1220 1772 amoveri
1241 1713 1279 1774 et
1298 1723 1441 1778 cessare
1461 1696 1613 1779 debore.

906 1827 1036 1906 Mense
1054 1824 1243 1908 Jenuario.

905 2094 950 2170 X.
980 2093 1077 2169 Cum
1114 2071 1279 2170 decanus
1312 2094 1360 2170 de
1389 2095 1562 2201 Yssignco
1596 2094 1709 2171 nobis
1742 2111 1970 2200 conquestus
2006 2094 2140 2171 fuisset
2170 2097 2274 2201 quod

849 2220 1078 2328 Reginaldus
1105 2221 1153 2300 de
1172 2226 1306 2314 Ponte,
1330 2223 1509 2302 dominus
1531 2224 1757 2331 Brageriaci,
1779 2224 1967 2302 Arnaldus
1992 2225 2039 2301 de
2059 2225 2272 2313 Montibus,

850 2351 974 2441 miles,
1002 2355 1234 2433 Bertrandns
1259 2356 1340 2462 ejus
1354 2354 1487 2442 lilius,
1516 2355 1759 2462 Raymoudus
1787 2356 1931 2443 Bunda,
1959 2354 2153 2434 Rolandus
2177 2356 2275 2432 Ran-

849 2481 1001 2586 nulphi‘,
1037 2480 1226 2561 Oliverius
1257 2483 1462 2589 Prepositi,
1497 2482 1701 2561 Galterius·
1726 2500 1764 2560 et
1796 2482 2041 2590 boymundus
2071 2483 2273 2588 Propositi‚

848 2610 1079 2690 Guillelmus
1100 2615 1146 2689 de
1167 2613 1296 2700 Silvia,
1320 2613 1508 2694 Arnaldus
1527 2614 1679 2705 bnassa,
1695 2613 1942 2692 Grimoaldus
1959 2614 2008 2691 de
2022 2615 2188 2704 Merens,
2208 2614 2277 2692 Ar·

848 2741 985 2817 nnldus
1017 2742 1054 2818 le
1085 2741 1230 2820 Clavier
1257 2743 1382 2820 dictus
1408 2745 1561 2850 Jarpres,
1593 2741 1824 2821 Gnillelmus
1853 2743 1901 2820 de
1928 2746 2061 2833 Lossa,
2088 2743 2277 2821 Geruldus

849 2873 1052 2960 ancisci,
1068 2872 1315 2981 Raynrundus
1333 2873 1381 2949 de
1398 2873 1708 2959 PodioPetroso,
1719 2875 1969 2980 ·Raymundus
1985 2871 2159 2964 Gibrani,
2174 2872 2279 2952 Guil-

847 3002 986 3082 lelmus
1005 3005 1051 3080 de
1069 3003 1202 3095 Felen‚
1227 3003 1354 3082 Guido
1374 3004 1422 3080 de
1443 3005 1587 3112 beuga,
1608 3003 1839 3082 Guillelmus
1854 3005 1972 3096 Petri,
1994 3005 2129 3082 Petrus
2149 3022 2188 3082 et
2205 3005 2278 3083 lle-

849 3132 925 3238 lyas
938 3135 986 3210 de
1001 3134 1172 3221 Verdon,
1189 3133 1402 3240 Stephanus
1416 3151 1454 3210 et
1471 3133 1703 3212 Guillclmus
1720 3135 1839 3222 Petri,
1856 3152 1896 3212 et
1910 3134 2040 3242 plures
2053 3134 2136 3225 alii,
2156 3163 2276 3240 usque

850 3264 897 3339 ad
915 3291 1118 3340 numerum
1137 3281 1397 3342 sexcentorum
1419 3264 1640 3353 bominum,
1661 3282 1739 3342 tarn
1760 3267 1932 3374 equitum
1952 3293 2066 3373 quam
2085 3265 2274 3372 peditum,

851 3420 955 3470 moro
977 3391 1105 3470 hostili
1131 3423 1216 3470 cum
1238 3395 1367 3487 armis,
1386 3413 1515 3472 contra
1535 3396 1636 3502 pacis
1656 3413 1793 3475 statuta
1811 3415 1849 3474 et
1864 3399 1988 3477 bonos
2006 3421 2132 3473 mores
2149 3395 2272 3502 regni,

852 3522 899 3600 de
919 3540 1050 3611 nocte,
1076 3553 1159 3602 cum
1180 3525 1392 3630 pulsaretur
1417 3526 1465 3603 ad
1486 3527 1707 3621 matutinas,
1730 3529 1925 3606 ad-locum
1944 3529 1992 3604 de
2009 3526 2180 3634 Yssigaco
2199 3525 2275 3602 sive

849 3653 976 3732 villam
998 3674 1253 3745 accesserunt,
1275 3674 1313 3734 et
1330 3659 1424 3734 circa
1445 3685 1620 3736 auroram
1640 3659 1715 3738 diei
1735 3661 1941 3766 sequentis,
1962 3685 2070 3766 posse
2091 3683 2202 3734 suum
2221 3655 2276 3733 fo-

851 3785 990 3866 eientes
1005 3786 1056 3863 do
1071 3787 1246 3866 intrando
1262 3789 1400 3867 dictam
1415 3788 1558 3879 villam,
1577 3791 1766 3868 hostiliter
1780 3788 2035 3877 debellarunt,
2056 3787 2274 3866 clamando:

850 3917 1042 4024 Bnrgeracl
1066 3918 1113 3995 ad
1138 3923 1319 3996 morteml
1344 3921 1393 3997 ad
1417 3919 1562 4027 igneml
1582 3922 1631 3997 ad
1650 3919 1917 3999 molendinum
1937 3921 2031 4031 dicti
2051 3919 2183 3997 decani
2202 3935 2278 3996 tra-

853 4047 980 4126 hendo
1010 4048 1102 4139 tela,
1128 4050 1353 4159 qnarrellos‚
1380 4051 1531 4159 sagittas
1556 4070 1594 4129 et
1623 4051 1767 4159 lapides
1795 4052 2017 4158 proiciendo
2046 4051 2096 4130 ad
2117 4069 2158 4128 et
2182 4050 2278 4130 infra

852 4178 989 4256 dictam
1010 4181 1153 4271 uillam,
1173 4182 1378 4292 ignemque
1392 4182 1575 4262 inscientes
1587 4213 1655 4262 seu
1680 4183 1825 4262 ibidem
1851 4184 2118 4272 immittentes,
2137 4181 2277 4261 barrius

853 4309 950 4387 dicte
967 4310 1056 4388 ville
1076 4329 1115 4390 et
1141 4313 1411 4422 quinquaginta
1435 4315 1588 4407 domos,
1612 4342 1761 4393 necnon
1787 4315 2053 4395 molendinum
2077 4315 2193 4420 ipsius
2214 4313 2279 4392 de·

852 4439 990 4516 caniet
1021 4442 1138 4547 ipsius
1161 4443 1329 4537 surches,
1362 4473 1446 4522 cum
1477 4447 1634 4524 duobus
1653 4447 1800 4524 ibidem
1823 4449 2031 4555 suspensis,
2060 4443 2276 4533 diruerunt,

851 4567 1045 4676 fregerunt
1072 4602 1113 4649 ac
1139 4575 1256 4652 eciam
1285 4569 1574 4671 combuxerunt,
1595 4597 1759 4688 'propter
1783 4581 1891 4688 quod
1916 4579 2081 4656 incendii
2107 4572 2276 4682 periculo

850 4699 925 4778 fuit
949 4701 1066 4806 posita
1092 4719 1170 4779 tota
1193 4702 1296 4795 villas
1321 4705 1413 4782 item
1435 4705 1579 4814 aliquos
1603 4709 1779 4789 homines
1802 4711 1946 4788 ibidem
1970 4707 2272 4787 vulneramus

850 4829 1028 4920 bacones,
1060 4859 1188 4912 carnes
1217 4834 1345 4928 salsas,
1375 4836 1534 4944 gallinas
1560 4856 1599 4917 et
1626 4841 1740 4949 plura
1755 4841 1838 4918 ulia
1862 4841 1961 4916 mon
1990 4863 2067 4944 que·
2086 4833 2139 4912 ibi
2169 4849 2275 4909 erant

853 4963 1144 5052 combuxerunt,
1167 4982 1204 5043 ot
1222 4964 1333 5073 plur'a
1356 4987 1564 5077 rapuerunt
1582 4988 1622 5050 et
1644 4999 1773 5050 secum
1791 4983 2052 5076 portaverunt;
2073 4964 2275 5071 pluresque

852 5092 1023 5200 injurias,
1038 5093 1241 5176 violencias
1254 5116 1292 5175 et
1311 5127 1483 5179 excessus
1496 5100 1641 5180 ibidem
1659 5098 1951 5187 committendo,
1968 5098 2008 5174 in
2021 5124 2129 5205 gravo
2144 5095 2277 5200 damp-
2350 5205 2353 5210 .

852 5251 946 5303 num
967 5242 1005 5304 et
1029 5225 1282 5334 prejudicium
1308 5231 1397 5308 dieti
1426 5229 1577 5322 deensi,
1606 5231 1762 5310 ecclesie
1786 5255 1855 5306 sne
1879 5246 1917 5307 et
1943 5229 2144 5306 bominum
2167 5224 2278 5333 justi·

851 5355 1044 5435 ciubilium
1066 5385 1241 5452 suorum,
1265 5391 1413 5440 necnon
1433 5363 1472 5438 in
1498 5363 1674 5470 injurium
1692 5379 1730 5439 et
1751 5376 2012 5467 contemptum
2038 5377 2278 5437 nostrumne

846 5488 1117 5596 jurisdictionis
1137 5509 1175 5572 et
1193 5491 1306 5604 garde
1326 5510 1454 5574 nostre
1471 5491 1657 5603 specialis,
1681 5508 1724 5570 ut
1741 5489 1908 5585 dicebat,
1927 5492 2114 5602 nobisque
2132 5487 2278 5602 snppli-
