5817 7292
873 1105 944 1176 128
1449 1097 1541 1168 LES
1573 1095 1712 1169 OLIM.

642 1259 830 1319 Pmuurlv.
864 1244 1079 1349 dictamque
1101 1240 1260 1318 domum
1280 1239 1330 1315 ad
1348 1240 1449 1345 ipsos
1468 1239 1554 1346 jure
1577 1235 1815 1344 proprietatis
1840 1253 1879 1314 et
1897 1235 2057 1314 dominii
2083 1241 2289 1345 pertinere,

706 1354 770 1394 ΗΜ.

866 1391 906 1451 et
930 1401 1000 1480 per
1027 1372 1131 1449 idem
1150 1369 1340 1479 judicium
1367 1368 1456 1446 dicti
1484 1368 1645 1446 Michael
1670 1384 1709 1444 et
1731 1365 1814 1473 ejus
1838 1395 1943 1455 uxor,
1975 1395 2089 1474 super
2113 1372 2292 1476 predictis

865 1521 995 1583 contra
1021 1504 1122 1610 ipsos
1151 1502 1295 1609 petitis,
1325 1529 1404 1577 non
1436 1499 1672 1578 obstantibus
1699 1498 1902 1605 propositis
1930 1527 1952 1576 a
1981 1517 2087 1606 parte
2120 1503 2289 1595 adversa,

864 1635 1020 1713 fuerunt
1039 1631 1317 1710 sentencialiter
1335 1630 1509 1707 absoluti.

920 1764 1021 1844 lovis
1040 1779 1126 1841 ante
1146 1762 1414 1852 Candelosam,
1435 1787 1537 1837 anno
1557 1760 1822 1840 trecentesimo
1841 1761 1971 1840 tercio.

918 2028 1012 2104 XIX.
1043 2027 1165 2132 Super
1184 2024 1318 2102 saisina
1336 2022 1505 2101 donandi
1526 2021 1769 2129 capellaniam
1793 2022 2050 2120 Sancti-Petri
2075 2024 2114 2101 in
2135 2027 2289 2106 ecclesia

864 2155 1263 2237 Sancti-Bartholomei
1290 2155 1338 2231 de
1363 2153 1570 2242 Bethunia‚
1598 2181 1666 2230 seu
1691 2155 1934 2260 presentandi
1960 2155 2010 2233 ad
2031 2157 2208 2246 eandem,
2240 2160 2287 2236 de

863 2317 937 2394 qua
967 2304 1023 2364 est
1052 2285 1302 2364 controversia
1330 2284 1430 2360 inter
1456 2282 1661 2389 capitulum
1694 2282 1813 2388 ipsius
1839 2285 1992 2368 ecclesie
2021 2303 2059 2364 et
2086 2287 2285 2366 dominum

864 2436 1035 2496 nostrum
1054 2421 1219 2524 Regem:
1239 2417 1335 2497 Visis
1356 2413 1661 2522 deposicionihus
1685 2415 1840 2492 testium
1868 2416 2065 2496 hincinde
2084 2419 2288 2525 producto-

863 2579 966 2640 rum,
978 2565 1017 2625 et
1032 2548 1261 2653 quibusdam
1276 2547 1411 2624 litteris
1428 2544 1592 2652 episcopi
1604 2543 1889 2637 Attrabatensis‚
1901 2577 1970 2654 per
1983 2549 2124 2626 curiam
2143 2550 2287 2628 dictum

864 2679 936 2756 luit
959 2678 1065 2784 quod
1089 2705 1168 2755 non
1188 2676 1408 2754 consuletur
1427 2675 1583 2752 domino
1603 2676 1696 2782 Regi
1708 2677 1813 2783 quod
1833 2677 1911 2784 ipse
1932 2678 2096 2756 dimittat
2115 2680 2287 2757 saisinam

863 2810 903 2886 in
918 2837 994 2914 qua
1008 2824 1203 2914 repertum
1218 2823 1290 2897 est,
1308 2836 1375 2914 per
1388 2805 1573 2912 predicta,
1587 2806 1712 2914 ipsum
1729 2835 1808 2886 esse
1829 2809 1995 2886 donandi
2012 2809 2151 2887 dictam
2166 2810 2288 2916 capel·

864 2941 1025 3029 laniem,
1047 2940 1123 3016 sive
1145 2939 1390 3045 presentandi
1408 2937 1457 3016 ad
1475 2938 1653 3028 eandem,
1675 2938 1776 3018 salvo
1792 2939 1880 3048 jure
1900 2969 2013 3049 super
2032 2940 2106 3020 hoc
2130 2941 2170 3018 in
2192 2941 2288 3047 peti-

864 3072 963 3148 torio
984 3071 1085 3147 dicto
1106 3068 1286 3176 capitulo,
1308 3069 1339 3146 si
1357 3067 1494 3146 viderit
1512 3069 1699 3176 expedire.

922 3202 1053 3284 Martis
1072 3217 1157 3279 ante
1176 3198 1455 3291 Assensionem
1477 3228 1575 3277 auno
1594 3201 1859 3280 trecentesimo
1874 3220 2018 3310 quarto.

921 3463 1000 3538 XX.
1031 3463 1208 3569 lnquesta
1234 3490 1304 3569 pro
1330 3461 1460 3571 regina
1477 3463 1634 3542 Navarre
1658 3463 1767 3552 facta,
1790 3491 1904 3570 super
1921 3479 2083 3542 ressorto
2108 3464 2217 3542 castri
2237 3463 2286 3542 de

867 3592 1097 3687 Soullaines,
1118 3621 1196 3670 non
1214 3593 1288 3671 fnit
1296 3594 1479 3702 judicata,
1501 3595 1588 3702 quia
1608 3593 1821 3672 commissio
1840 3620 1919 3672 non
1936 3594 2160 3672 extendebat
2178 3621 2218 3672 se
2238 3595 2287 3672 ad

866 3723 960 3813 hoc,
981 3750 1051 3800 nec
1070 3722 1256 3801 invenitur
1275 3723 1380 3830 quod
1397 3727 1473 3802 Rex
1491 3723 1606 3802 suerit
1618 3741 1781 3802 vocatus.

922 3986 1015 4061 XXI.
1046 3985 1146 4064 Cum
1163 4003 1267 4064 mota
1282 3988 1469 4067 discordia
1484 4015 1609 4066 coram
1625 3987 1817 4095 preposito
1832 4003 1962 4066 nostro
1979 3981 2176 4064 Parisiensi
2191 3986 2288 4064 inter

864 4115 1097 4196 Bertaudum
1120 4116 1156 4192 le
1176 4118 1355 4196 Flauteiu
1374 4137 1412 4196 et
1425 4118 1678 4225 Margaritam‚
1696 4117 1777 4226 ejus
1792 4143 1947 4194 uxorem
1961 4144 2078 4206 nnnc,
2095 4117 2285 4225 quondam

865 4271 952 4321 vero
977 4274 1134 4322 uxorem
1158 4247 1327 4327 defuncti
1346 4250 1527 4328 Bertaudi
1549 4248 1716 4336 Arrode,
1731 4247 1917 4354 junioris,
1943 4264 2226 4354 erumpente,
2251 4238 2288 4323 et

866 4371 1092 4453 Gausridum
1106 4379 1362 4458 Touche-Feu
1376 4408 1419 4456 ac
1434 4378 1630 4456 Nicolaum
1647 4376 1834 4466 Boucelli‚
1854 4394 2096 4460 executorem
2114 4377 2286 4458 defuncte

864 4500 1019 4610 Agnetis
1038 4503 1200 4597 duodo,
1221 4509 1302 4617 ejus
1321 4510 1515 4617 qnondam
1531 4508 1672 4599 uxoris,
1691 4524 1730 4584 et
1748 4523 1915 4588 tutorem
1937 4534 2005 4585 seu
2023 4524 2234 4586 curatorem
2250 4525 2287 4586 et

865 4632 1094 4739 legittimum
1113 4637 1456 4717 administratorem
1475 4639 1669 4729 lobannis,
1686 4637 1754 4717 filii
1771 4639 1847 4729 sui,
1864 4638 2022 4716 minoris
2036 4639 2160 4728 annis,
2178 4654 2216 4714 et
2229 4666 2287 4744 ga-

865 4765 1105 4843 rantissorem
1129 4767 1218 4845 dicti
1245 4769 1432 4861 Gansridi,
1461 4771 1544 4876 qui,
1569 4770 1609 4846 in
1633 4770 1919 4878 garantissorem
1942 4770 2118 4848 adventus
2141 4795 2162 4843 a
2185 4767 2285 4844 dicto

864 4892 1048 4977 Gaufrido
1074 4924 1200 4973 coram
1225 4899 1422 5008 Parisiensi
1447 4898 1656 5006 preposito,
1679 4900 1762 5008 ejus
1784 4897 2001 5006 garandiam
2027 4897 2166 4975 dicitur
2184 4925 2288 4976 rece·

864 5025 978 5128 pisse,
992 5054 1063 5102 suo
1080 5044 1118 5104 et
1130 5029 1388 5134 predictorum
1403 5030 1575 5120 nomine,
1591 5029 1782 5119 exaltem,
1799 5057 1968 5136 supereo
1980 5028 2086 5136 quod
2098 5028 2189 5106 dicti
2204 5055 2288 5106 con·
2380 5125 2383 5134 .

859 5153 991 5260 juges,
1012 5158 1161 5238 racione
1187 5158 1287 5237 dicte
1306 5160 1527 5269 Margarita,
1553 5187 1622 5266 pro
1647 5188 1716 5240 suo
1737 5159 1935 5252 dotalicio,
1954 5160 2154 5266 petebant,
2175 5187 2287 5265 supra

865 5282 1025 5366 domum
1044 5287 1134 5366 dicti
1154 5287 1346 5378 Gaulridi,
1367 5291 1418 5368 de
1434 5319 1510 5398 qua
1530 5290 1697 5370 ostencio
1715 5289 1788 5368 suit
1805 5289 1919 5381 lacta,
1941 5291 2186 5369 medietatem
2205 5317 2287 5396 sep-
2341 5361 2344 5368 .

864 5431 942 5491 tem
963 5414 1146 5496 librarum
1165 5448 1252 5498 cnm
1272 5421 1405 5498 decem
1427 5419 1560 5498 solidis
1580 5420 1851 5504 Parisiensibus
1874 5449 2008 5502 census
2026 5449 2094 5500 seu
2114 5418 2286 5498 redditus
