5817 7292
853 1117 901 1190 90
1433 1121 1524 1194 Lus
1554 1119 1697 1194 OLIM.

632 1269 815 1332 Pnnrmtt.
853 1283 912 1335 ees
931 1256 1131 1364 predictas,
1158 1259 1238 1338 sine
1264 1289 1373 1340 causa
1395 1261 1632 1354 racionabili,
1656 1261 1845 1341 saisiverat
1866 1279 1905 1341 et
1926 1277 2104 1371 punierat
2126 1259 2175 1340 ad
2194 1289 2273 1343 ma·

691 1361 753 1404 Μ’
854 1417 947 1466 num
972 1418 1095 1482 suam,
1123 1411 1345 1503 peteretque
1374 1393 1492 1473 dictas
1518 1425 1578 1473 res
1606 1395 1678 1474 sibi
1709 1393 1909 1473 deliberari
1937 1411 1976 1473 et
2001 1393 2129 1484 reddi,
2152 1392 2275 1473 dictus

853 1547 940 1598 vero
960 1549 1086 1600 comes
1107 1526 1347 1620 econtrario,
1370 1526 1546 1632 pluribus
1566 1525 1799 1617 racionibus,
1818 1541 1964 1633 peteret
1988 1525 2107 1605 dictas
2124 1554 2187 1602 res
2204 1524 2275 1603 sibi

852 1650 949 1727 tradi
966 1669 1004 1729 et
1021 1653 1237 1749 deliberari,
1255 1657 1460 1763 quamdam
1476 1655 1659 1734 exbibens
1676 1656 1841 1734 litteram
1856 1657 1903 1735 ad
1918 1654 2158 1764 probandum
2172 1653 2277 1762 quod

851 1781 969 1860 Fulco
999 1782 1047 1860 de
1080 1785 1434 1877 Monte-Andronis,
1457 1785 1581 1878 miles,
1607 1787 1764 1865 maritus
1792 1786 1891 1866 dicte
1921 1785 2094 1875 domine,
2120 1803 2275 1864 centum

851 1909 966 1989 libras
979 1913 1095 1992 annui
1113 1917 1286 1996 redditus
1301 1915 1426 1996 eidem
1442 1917 1570 1996 comiti
1585 1917 1802 2010 donaverat,
1817 1933 1856 1995 et
1867 1945 1929 1996 eas
1943 1915 2016 1996 sibi
2030 1913 2278 2023 assignaverat

850 2071 964 2150 super
983 2043 1085 2122 dicto
1107 2047 1275 2124 manerio
1292 2045 1339 2124 de
1356 2049 1454 2156 Faya
1474 2065 1513 2126 et
1529 2045 1770 2155 pertinenciis
1787 2048 1958 2157 ejusdem
1973 2077 1983 2123 ε
2000 2047 2190 2137 Tandem,
2208 2073 2276 2124 eu·

851 2171 939 2250 ditis
959 2173 1048 2251 binc
1073 2174 1162 2252 inde
1188 2176 1402 2256 racionibus
1424 2178 1594 2285 parcium
1617 2175 1887 2285 predictarum,
1908 2177 2059 2283 visaque
2083 2177 2273 2282 inqueste,

850 2332 964 2410 super
987 2306 1079 2395 hoc,
1108 2305 1355 2386 demandato
1384 2309 1487 2386 curie
1515 2325 1660 2400 nostre,
1688 2305 1800 2398 facta,
1820 2306 1908 2386 visis
1927 2308 2045 2386 eciam
2072 2303 2207 2385 litteris
2235 2323 2274 2384 et

851 2435 960 2512 emtis
978 2463 1022 2512 ex
1036 2453 1195 2543 utraque
1210 2454 1315 2544 parte
1329 2437 1539 2544 productis,
1556 2466 1626 2546 per
1640 2438 1743 2516 curie
1762 2453 1891 2518 nostre
1905 2436 2113 2546 judicium,
2129 2435 2273 2516 dictum

850 2567 924 2644 fuit
936 2565 1193 2674 predictorum
1212 2567 1403 2646 bonorum
1417 2570 1591 2648 omniurn
1605 2568 1796 2663 saisinam,
1813 2598 1962 2648 necnon
1981 2568 2124 2646 fructus
2138 2567 2273 2646 exinde

849 2713 1045 2806 perceptos
1063 2727 1084 2774 a
1101 2714 1273 2805 tempore
1296 2727 1373 2807 quo
1395 2699 1517 2778 dictus
1545 2699 1773 2779 senescallus
1792 2698 1927 2778 eadem
1948 2699 2048 2777 bona
2072 2697 2201 2804 posuit
2227 2695 2275 2773 ad

850 2857 1006 2908 manum
1028 2847 1213 2918 nostram,
1236 2857 1316 2909 esse
1339 2829 1558 2908 reddendos
1571 2845 1610 2908 et
1630 2830 1896 2908 deliberandos
1915 2831 2071 2910 domine
2087 2827 2273 2937 predicte,

848 2960 947 3040 salve
967 2960 1067 3039 dicto
1087 2961 1217 3040 comiti
1235 2961 1434 3069 questione
1454 2962 1695 3069 proprietatis
1713 2961 1754 3039 in
1774 2959 1966 3069 predictis.

906 3091 1072 3170 sabbato
1093 3108 1180 3199 post
1197 3091 1428 3170 Brandoues.

904 3224 954 3300 M.
975 3224 1015 3300 P.
1039 3223 1086 3300 de
1107 3223 1228 3302 Menti
1245 3222 1457 3329 reportavit.

905 3481 1047 3562 XXXV.
1079 3482 1176 3562 Cum
1192 3479 1290 3561 inter
1304 3481 1499 3593 religiosos
1512 3481 1611 3563 viros
1630 3481 1860 3563 abbatemet
1878 3497 2104 3562 conventum
2122 3479 2273 3561 Sancte·

848 3613 1049 3707 Geneteie,
1063 3613 1295 3705 Parisiensis,
1311 3645 1355 3694 ex
1367 3645 1442 3694 une
1457 3633 1578 3723 parte,
1597 3634 1637 3696 et
1648 3617 1822 3696 abbatem
1839 3635 1877 3694 et
1891 3633 2116 3694 conventum
2128 3615 2273 3694 Sancti·

846 3745 1008 3824 Victoris
1021 3745 1253 3846 Parisiensis,
1270 3775 1314 3826 cx
1328 3746 1459 3842 altera,
1474 3750 1674 3827 contencio
1689 3760 1788 3826 esset
1801 3764 1904 3824 mota
1917 3773 2032 3853 super
2045 3741 2273 3852 proprietate

730 3967 733 3974 ¹
843 3875 995 3984 justicie
1015 3877 1131 3956 clausi
1157 3876 1255 3957 dicte
1281 3879 1433 3958 abbacie
1454 3878 1755 3960 Sancti-Victoris
1775 3906 1816 3956 ac
1833 3877 2153 3986 pertinenciarnm
2173 3874 2275 3984 ejus·

849 4007 936 4088 dem
957 4009 1091 4100 clausi,
1113 4028 1227 4117 prout
1249 4039 1289 4090 se
1311 4026 1551 4119 comportant
1572 4039 1693 4118 usque
1716 4005 1765 4086 ad
1788 4009 1956 4088 clausum
1982 4004 2162 4115 Tyronis;
2181 4007 2275 4086 item

847 4141 950 4218 curie
966 4141 1138 4249 ejusdem
1155 4141 1307 4221 abbacie
1330 4142 1651 4234 Sancti-Victoris,
1666 4169 1736 4249 pm
1749 4159 1876 4248 perte,
1891 4138 2071 4247 predicu's
2089 4137 2275 4246 religiosis

845 4270 955 4350 beate
972 4272 1178 4366 Genovele,
1197 4274 1373 4382 pluribus
1387 4273 1508 4353 causis
1523 4291 1562 4351 et
1574 4273 1808 4363 redonibus,
1825 4271 2127 4379 proponentibus
2145 4297 2187 4346 ac
2206 4295 2274 4376 pe-

847 4401 1015 4481 tentibus
1033 4434 1102 4510 per
1121 4404 1356 4484 diffinitivam
1386 4405 1615 4485 sentenciam
1639 4403 1712 4482 dici
1742 4421 1779 4480 et
1805 4399 1982 4481 declarari
2005 4402 2273 4509 proprietatem

842 4529 993 4637 justicie
1017 4533 1188 4611 locorum
1207 4537 1464 4641 predictorum
1490 4537 1538 4614 ad
1561 4535 1679 4642 ipsos,
1701 4549 1741 4613 et
1758 4562 1837 4612 non
1861 4533 1910 4610 ad
1934 4533 2055 4611 dictos
2077 4529 2275 4639 religiosos

849 4661 1169 4754 Sancti-Victoris,
1192 4667 1398 4770 pertinere,
1421 4681 1459 4743 et
1478 4663 1796 4774 impedimentum
1820 4693 1890 4771 per
1908 4663 2062 4742 eosdem
2079 4662 2274 4770 religiosos

849 4792 1169 4885 Sancti-Victoris,
1183 4795 1383 4903 injusticia
1398 4795 1658 4903 predictorum
1673 4796 1846 4874 locorum
1863 4795 2075 4902 appositum
2090 4790 2271 4880 amoveri,

850 4923 958 5002 dictis
989 4923 1175 5032 religiosis
1201 4925 1504 5008 Sancti-Victoris
1529 4925 1704 5035 pluribus
1729 4925 1851 5003 musis
1876 4942 1915 5002 et
1942 4920 2160 5002 racionibus
2183 4949 2275 4999 con·

847 5055 1004 5134 trarium
1023 5057 1288 5148 asserentibus,
1311 5073 1350 5136 et
1367 5088 1388 5135 a
1408 5059 1587 5165 predictis
1604 5055 1823 5165 petentibus
1839 5083 1879 5134 se
1897 5055 2040 5136 absolvi
2054 5085 2065 5132 r
2081 5053 2269 5142 Tandem,

845 5185 932 5264 visis
956 5188 1140 5296 inquestis
1166 5217 1280 5296 super
1301 5189 1483 5297 predictis
1501 5190 1623 5280 factis,
1647 5215 1795 5267 necnon
1818 5187 2025 5296 privilegiis
2045 5201 2084 5264 et
2106 5184 2189 5264 aliis
2212 5180 2273 5262 lit-

846 5319 937 5396 teris
961 5337 1000 5398 et
1017 5320 1280 5399 instrumentis
1306 5349 1350 5400 ex
1368 5338 1528 5429 utraqne
1548 5339 1653 5428 parte
1679 5317 1892 5428 productis,
1910 5318 1999 5396 visis
2016 5335 2056 5396 et
2074 5313 2275 5424 diligenter

846 5452 1079 5543 examinatis,
1101 5481 1169 5559 per
1186 5452 1291 5530 curie
1311 5469 1437 5531 nostre
1454 5449 1662 5561 judicium,
1683 5451 1977 5558 pronunciatum
1997 5448 2071 5527 tuit
2089 5464 2128 5526 et
2150 5443 2273 5527 derla-
