5817 7292
895 1097 969 1171 ott
1472 1093 1563 1167 LES
1593 1091 1733 1166 OLIM.

668 1252 799 1306 rrum
810 1249 855 1314 rt,
893 1235 1001 1344 quod
1013 1233 1214 1313 defunctus
1225 1232 1457 1334 Guillelmus
1471 1233 1673 1314 Norrnanni
1686 1230 1828 1339 junior,
1846 1246 1885 1306 et
1899 1227 2101 1318 Genovefa,
2120 1231 2314 1336 quondam

730 1341 794 1386 ’ω’
894 1394 990 1446 uxor
1008 1366 1097 1444 dicti
1127 1366 1292 1474 magistri
1312 1365 1510 1446 Guillelmi
1530 1363 1686 1452 Juliani,
1718 1361 1867 1440 luerunt
1885 1359 2017 1438 fratres
2045 1377 2083 1439 et
2106 1389 2254 1440 sorores
2272 1383 2311 1443 et

893 1498 1003 1578 liberi
1027 1495 1225 1576 Guillelmi
1250 1497 1455 1574 Normenoi
1481 1495 1656 1582 senioris,
1682 1491 1865 1600 procreati
1887 1520 1933 1569 ex
1956 1491 2169 1583 Hodeardi,
2191 1493 2313 1600 prima

850 1618 853 1623 ¹
893 1657 1007 1708 uxore
1017 1627 1107 1705 dicti
1118 1625 1331 1716 Guillelmi,
1348 1644 1388 1703 et
1401 1657 1446 1706 ex
1457 1623 1776 1714 defuncteAelidi,
1789 1639 1910 1700 matre
1923 1621 2021 1700 dicte
2037 1621 2241 1715 Genovefe,
2256 1654 2316 1702 se-

762 1759 766 1766 ’
893 1760 1016 1838 cunda
1029 1786 1145 1836 uxore
1158 1757 1248 1834 dicti
1257 1756 1453 1834 Guillelmi
1466 1757 1640 1848 senioris,
1654 1782 1741 1832 cum
1755 1783 1831 1860 qua
1841 1753 1979 1843 Aelidi,
1996 1771 2115 1831 matre
2131 1753 2230 1832 dicte
2240 1754 2315 1835 Ge-

893 1888 1025 1968 novele
1043 1906 1082 1966 et
1098 1915 1255 1966 noverca
1272 1888 1362 1964 dicti
1377 1886 1574 1966 Guillelmi
1587 1885 1768 1994 junioris,
1784 1884 1909 1962 dictus
1924 1883 2154 1964 Guillelmus
2173 1887 2309 1976 senior,
2390 1935 2392 1940 ·

892 2019 1175 2119 matrimonium
1204 2019 1401 2109 contraxit,
1427 2037 1513 2125 post
1536 2035 1697 2096 mortem
1725 2016 1824 2094 dicte
1844 2014 2076 2106 Hodeardis;
2103 2015 2203 2094 dicta
2226 2043 2312 2096 vero

894 2151 1116 2240 laurencia,
1133 2176 1227 2226 uror
1246 2147 1335 2226 dicti
1353 2148 1452 2226 Petri
1475 2149 1524 2226 de
1537 2148 1747 2236 Pontisara,
1768 2145 1891 2224 fuerat
1909 2144 1987 2222 lilia
2006 2145 2097 2222 dicti
2116 2145 2310 2226 Guillelmi

889 2280 1069 2388 junioris,
1086 2298 1124 2357 ct
1142 2280 1257 2357 heres
1274 2278 1461 2386 ejusdem3
1479 2279 1543 2385 qui
1556 2278 1711 2384 quidem
1727 2275 1957 2355 Gnillelmus
1972 2275 2109 2381 junior,
2130 2293 2168 2354 et
2184 2277 2312 2357 Geno-

893 2412 974 2490 vela
992 2411 1142 2488 fuerant
1165 2409 1326 2486 heredes
1351 2409 1440 2484 dicti
1467 2407 1662 2487 Guillelmi
1687 2406 1861 2495 senioris,
1884 2434 1960 2484 una
1983 2435 2071 2484 cum
2089 2407 2197 2484 Petro
2218 2407 2312 2486 Nor·

894 2541 1034 2628 manni,
1056 2538 1137 2616 lilio
1157 2538 1247 2616 dicti
1266 2537 1465 2617 Guillelmi
1490 2537 1665 2626 senioris,
1686 2552 1880 2643 procreato
1899 2565 1944 2614 ex
1970 2535 2068 2614 dicta
2085 2535 2226 2632 Aelidi3
2246 2538 2310 2644 qui

894 2669 1124 2750 Guillclmus
1143 2685 1182 2748 et
1200 2668 1358 2756 Aelidis,
1380 2685 1572 2746 constante
1587 2668 1828 2746 matrimonio
1849 2667 1947 2744 inter
1958 2665 2071 2773 ipsos,
2088 2666 2197 2773 plura
2213 2667 2313 2746 bona

893 2800 1050 2878 mobilia
1060 2818 1099 2879 et
1109 2799 1322 2878 immobilia
1336 2827 1457 2907 usque
1470 2799 1519 2876 ad
1531 2827 1704 2906 magnam
1712 2797 1962 2906 quantitatem
1975 2798 2262 2907 acquisiverant,
2277 2818 2314 2877 et

893 2932 1022 3037 plures
1046 2932 1273 3010 hereditates
1293 2931 1382 3010 sitas
1404 2929 1551 3010 invilla
1572 2931 1620 3008 dc
1643 2929 1949 3019 Romana-Villa,
1973 2930 2022 3007 de
2043 2929 2251 3037 bagnoleto
2275 2948 2315 3008 et

892 3063 1091 3142 territoriis
1107 3063 1293 3169 ipsarum,
1312 3081 1351 3140 et
1365 3061 1577 3169 specialiter
1592 3089 1707 3143 unam
1723 3062 1899 3151 domum,
1919 3061 2019 3140 sicut
2031 3089 2071 3140 se
2086 3080 2311 3168 comportat,

894 3193 1003 3272 sitam
1021 3193 1200 3284 Parisios,
1221 3222 1334 3300 supra
1352 3195 1730 3300 Magnum-Pontem,
1756 3192 1994 3298 contiguam,
2017 3220 2060 3271 ex
2088 3221 2163 3270 una
2194 3210 2310 3300 parte,

895 3323 1029 3402 domui
1043 3326 1225 3404 lobannis
1242 3323 1393 3414 Martel,
1408 3342 1464 3415 et,
1478 3352 1520 3402 ex
1536 3324 1669 3414 altera,
1688 3323 1820 3402 domui
1835 3323 2002 3405 defuncti
2016 3325 2055 3400 P.
2071 3323 2206 3410 Gilart,
2223 3350 2312 3400 one·

895 3468 1013 3530 ratam
1031 3453 1072 3532 io
1088 3454 1216 3560 viginti
1235 3469 1272 3531 et
1295 3453 1418 3532 tribus
1436 3453 1544 3534 libris
1562 3482 1696 3533 census
1714 3482 1782 3532 seu
1802 3453 1969 3532 redditus
1987 3479 2055 3558 per
2072 3481 2236 3542 annum,
2261 3453 2311 3530 de

895 3611 971 3689 qua
1000 3581 1116 3661 domo
1145 3597 1184 3660 et
1210 3582 1454 3690 pertinenciis
1480 3585 1562 3691 ejus
1585 3585 1695 3664 idem
1725 3583 1950 3664 Guillclmus
1976 3582 2112 3671 senior,
2138 3600 2312 3664 mortuus

894 3711 1016 3790 fuerat
1035 3713 1183 3792 saisitus
1199 3713 1298 3791 sicut
1316 3715 1364 3791 de
1383 3742 1424 3793 re
1448 3743 1516 3793 sna
1532 3715 1683 3822 propria
1702 3731 1741 3792 et
1759 3715 1807 3793 de
1822 3742 1890 3794 suo
1910 3714 2064 3821 proprio
2084 3731 2311 3820 conquestu,

895 3860 935 3921 et
946 3843 995 3920 de
1006 3843 1115 3924 dictis
1123 3843 1234 3923 bonis
1246 3844 1462 3935 mobilibus,
1476 3845 1719 3954 conjunctim,
1731 3873 1801 3950 pro
1809 3843 2067 3932 indiviso,una
2077 3872 2165 3922 cum
2175 3843 2310 3934 Aelidi,

798 3995 805 4004 ’
895 3977 1059 4053 secunda
1075 4004 1191 4054 uxore
1206 4004 1285 4066 sua,
1299 3992 1413 4082 prout
1423 3976 1463 4053 in
1479 3977 1667 4082 peticione
1683 3976 1871 4054 dictorum
1888 3991 2058 4054 actorum
2072 3975 2208 4054 clarius
2223 4003 2314 4054 con·

895 4107 1055 4196 tinctor,
1072 4135 1188 4212 quare
1202 4107 1353 4212 petebat
1366 4107 1489 4185 dictus
1500 4109 1643 4197 Petrus,
1656 4108 1809 4186 nomine
1820 4135 1895 4214 quo
1906 4135 2030 4213 supra,
2044 4105 2261 4215 porcionem
2276 4123 2316 4184 ct

895 4254 1011 4314 ratam
1034 4236 1222 4315 bonorum
1239 4254 1279 4314 et
1294 4239 1430 4316 domus
1448 4238 1617 4344 predicte
1640 4239 1763 4346 ipsum
1783 4240 2083 4346 contingentem,
2101 4253 2140 4314 et
2156 4236 2229 4317 tale
2249 4236 2314 4343 jus

897 4383 935 4444 et
958 4366 1132 4444 saisinam
1158 4395 1250 4474 quas
1269 4367 1432 4445 habebat
1458 4368 1582 4448 dictus
1600 4367 1828 4447 Guillelmus
1847 4367 1974 4448 senior
1995 4368 2035 4444 in
2057 4366 2168 4448 bonis
2192 4365 2316 4444 mobi-

896 4497 997 4576 libus
1017 4515 1055 4576 et
1071 4500 1184 4578 domo
1202 4499 1400 4608 predictis,
1421 4516 1593 4607 tempore
1612 4527 1688 4608 quo
1713 4500 1887 4588 decessit,
1914 4500 2068 4578 nomine
2087 4526 2164 4606 quo
2184 4525 2311 4604 supra,

895 4630 968 4708 sibi
982 4630 1204 4738 adjudicari,
1218 4628 1456 4738 petebatque,
1474 4659 1543 4737 pro
1560 4631 1691 4709 liberis
1706 4631 1804 4710 dicte
1824 4629 2031 4720 Genovelc,
2049 4630 2199 4716 racione
2214 4627 2311 4705 dicte

894 4759 1053 4851 Aelidis,
1074 4761 1135 4837 cui
1151 4760 1276 4839 Aelidi
1302 4761 1400 4838 dicta
1420 4760 1626 4851 Generosa,
1639 4778 1758 4840 mater
1771 4762 2030 4869 predictorum
2050 4760 2258 4839 liberorum
2274 4775 2314 4834 et

894 4891 974 4970 filia
987 4890 1104 4997 ipsius
1118 4890 1331 4971 Genovole¹
1347 4892 1540 4980 successit,
1559 4910 1730 4998 quartum
1748 4883 2009 5000 partem‘dicte
2022 4893 2157 4971 domus
2177 4906 2214 4966 et
2227 4915 2316 4992 par-

894 5038 972 5099 tem
988 5038 1027 5100 et
1044 5021 1265 5126 porcionem
1281 5023 1400 5130 ipsam
1419 5022 1703 5130 contingentem
1723 5024 1763 5100 in
1781 5023 1893 5103 bonis
1907 5021 2109 5103 mobilibus
2131 5015 2314 5125 predictis

894 5153 1145 5246 eidemPetro,
1158 5153 1320 5232 curatori
1329 5153 1402 5232 sibi
1410 5153 1593 5260 predicto,
1605 5155 1792 5234 curatorio
1803 5155 1969 5246 nomine,
1982 5149 2312 5254 deliberari3parte

890 5284 1047 5363 ‘adversa
1059 5283 1187 5389 plores
1206 5285 1375 5364 raciones
1389 5286 1427 5363 in
1447 5285 1677 5372 contrarium
1696 5303 1947 5393 proponente,
1966 5301 2003 5364 et
2021 5280 2183 5360 maxime
2205 5279 2311 5384 quod

936 5439 945 5470 ¹
968 5440 1049 5501 Licea
1062 5439 1176 5501 elelidir.
1806 5433 1809 5439 ’
