5817 7292
884 1127 959 1200 288
1467 1123 1556 1197 LES
1586 1121 1726 1195 OLIM.

657 1283 787 1336 Parnm
800 1281 842 1343 tv,
891 1284 931 1344 et
949 1267 1122 1374 inquesta
1141 1293 1255 1372 super
1276 1264 1349 1340 hoc
1369 1263 1462 1341 facta
1482 1263 1529 1340 ad
1551 1261 1690 1340 curiam
1707 1277 1873 1368 nostram
1888 1277 2092 1369 reportata,
2109 1263 2184 1341 visa
2197 1283 2236 1344 et
2254 1271 2310 1346 di-

718 1374 781 1416 ¹³⁰⁸'
889 1399 1054 1506 ligenter
1066 1396 1287 1485 examinata,
1305 1423 1373 1501 per
1387 1395 1488 1472 curie
1502 1411 1629 1473 nostre
1641 1391 1845 1501 judicium,
1861 1391 2005 1470 dictum
2017 1391 2090 1471 luit
2102 1397 2308 1500 predictam

890 1529 1084 1608 dominam
1104 1527 1223 1606 nichil
1244 1525 1458 1633 probavisse
1478 1554 1593 1633 quare
1608 1523 1770 1633 judicari
1787 1552 1862 1601 non
1882 1525 2018 1603 debeat
2035 1527 2209 1633 inquesta
2226 1558 2310 1635 pre-

889 1661 1006 1748 dicta,
1030 1676 1068 1736 et
1089 1658 1210 1765 quod,
1235 1685 1313 1733 non
1338 1656 1573 1734 obstantibus
1595 1672 1765 1760 exparte
1787 1655 1885 1733 dicte
1912 1655 2066 1734 domine
2088 1659 2306 1764 propositis,

888 1792 990 1869 curia
1010 1806 1136 1868 nostra
1149 1786 1336 1897 judicabit
1350 1788 1562 1894 inquestam
1580 1785 1800 1892 predictam.

905 1925 912 1934 ’
940 1921 1041 1999 Iovis
1059 1936 1145 2026 post
1163 1916 1425 1996 Candelosam.

939 2049 1163 2158 Pasquerius
1181 2053 1394 2155 reportavit.

941 2315 1066 2390 XXIII.
1097 2313 1196 2392 Cum
1214 2329 1317 2389 mota
1336 2311 1467 2389 luisset
1486 2309 1673 2389 discordia
1690 2337 1815 2387 coram
1833 2308 1971 2389 ballivo
1992 2311 2133 2389 domini
2150 2311 2307 2390 Montis-

886 2443 1126 2533 Morenciaci,
1151 2443 1250 2520 inter
1268 2442 1506 2520 Bochardum
1529 2441 1577 2518 de
1597 2440 1748 2529 La-Val,
1769 2441 1946 2531 militem,
1971 2469 2014 2518 ex
2032 2470 2106 2518 una
2127 2459 2248 2548 parte,
2270 2461 2307 2520 et

886 2575 1079 2653 dominam
1097 2574 1144 2651 de
1160 2573 1416 2661 Harou-Villa,
1433 2600 1478 2649 ex
1492 2571 1623 2659 altera,
1639 2599 1752 2677 super
1767 2600 1812 2650 eo
1827 2572 1933 2678 quod
1949 2571 2070 2651 dictus
2091 2573 2200 2650 miles
2217 2603 2307 2679 pro·

885 2705 1049 2810 ponebat
1063 2734 1103 2781 se
1121 2721 1159 2780 et
1172 2703 1458 2810 predecessores
1478 2729 1566 2780 suos
1585 2701 1699 2779 luisse
1714 2701 2012 2810 longotempore
2031 2720 2068 2780 et
2083 2733 2161 2781 esse
2181 2704 2221 2781 in
2242 2705 2309 2781 sai-

885 2834 965 2912 sina
975 2835 1128 2941 pacifica
1138 2834 1371 2941 percipiendi
1384 2850 1422 2910 et
1431 2833 1613 2921 habendi,
1629 2833 1802 2938 quolibet
1814 2862 1928 2924 anno,
1943 2835 2186 2943 quadraginta
2197 2834 2309 2913 libras

886 2967 999 3044 annui
1019 2962 1191 3043 redditus
1205 2993 1318 3070 super
1332 2965 1484 3074 grangia
1500 2981 1538 3042 et
1550 2963 1636 3042 villa
1656 2965 1704 3041 de
1722 2964 1963 3045 Harou-Villa
1973 2983 2012 3042 et
2028 2965 2109 3073 ejus
2125 2967 2310 3073 pertinen-

886 3098 969 3188 ciis,
988 3114 1026 3172 et
1040 3096 1146 3203 quod
1159 3096 1257 3172 dicta
1278 3095 1432 3172 domina
1453 3095 1686 3202 impediebat
1702 3111 1740 3172 et
1753 3095 1996 3200 perturbabat
2011 3096 2135 3203 ipsum
2151 3097 2197 3174 de
2213 3125 2309 3174 novo

885 3229 925 3304 in
945 3228 1044 3304 dicta
1057 3228 1190 3303 saisina
1206 3227 1344 3332 injuste
1362 3243 1404 3302 et·
1416 3224 1495 3304 sine
1511 3253 1634 3314 causa,
1650 3226 1836 3334 predictas
1851 3227 2094 3335 quadraginta
2108 3227 2220 3304 libras
2235 3226 2309 3303 sol·

886 3386 987 3447 vere,
1004 3385 1073 3462 per
1090 3357 1287 3434 biennium
1305 3356 1543 3465 denegando,
1561 3357 1658 3433 dicta
1671 3357 1825 3434 domina
1843 3359 1915 3434 hoc
1935 3375 2109 3462 negante,
2135 3373 2171 3432 et
2189 3356 2307 3432 multa

887 3487 982 3564 facta
993 3487 1174 3564 contraria
1189 3487 1235 3562 ad
1252 3486 1310 3562 sui
1326 3485 1586 3565 defensionem
1595 3505 1848 3594 proponente;
1864 3485 2122 3594 postmodum,
2136 3485 2308 3592 inquesta

887 3618 997 3709 lacta,
1011 3618 1059 3694 de
1072 3620 1248 3697 mandato
1260 3618 1350 3695 dicti
1359 3617 1505 3708 ballivi,
1519 3647 1631 3724 super
1641 3619 1841 3724 propositis
1853 3617 1992 3695 adictis
2003 3617 2171 3723 partibus
2182 3644 2307 3693 coram

888 3777 952 3842 eo,
968 3767 1006 3825 et
1015 3748 1081 3827 lite
1095 3749 1220 3826 adhuc
1233 3750 1440 3855 pendente,
1457 3749 1663 3827 inhibitum
1676 3749 1762 3838 fuit,
1780 3777 1823 3825 ex
1838 3766 1941 3856 parte
1957 3765 2099 3836 nostra,
2113 3747 2214 3824 dicto
2228 3745 2308 3825 bal·

886 3879 976 3969 livo,
1000 3907 1043 3956 ex
1062 3897 1163 3957 certa
1181 3907 1307 3972 causa,
1329 3909 1379 3956 ne
1398 3880 1445 3957 de
1462 3880 1684 3958 dictacausa
1702 3879 1863 3985 amplius
1880 3895 2135 3986 cognosceret,
2153 3894 2209 3967 et,
2232 3877 2309 3953 dic·

884 4010 933 4085 tis
951 4010 1138 4114 partibus,
1161 4039 1210 4086 ne
1231 4010 1279 4086 de
1300 4009 1399 4087 dicta
1419 4037 1527 4087 causa
1549 4036 1673 4087 coram
1690 4037 1735 4086 eo
1755 4009 1966 4116 litigarent,
1987 4037 2062 4116 qua
2076 4007 2307 4085 inhibicione

885 4168 964 4218 non
979 4142 1166 4233 obstante,
1180 4141 1302 4219 dictus
1316 4139 1476 4218 ballivus
1492 4141 1531 4216 in
1549 4134 1654 4218 dicta¹
1668 4169 1776 4218 causa
1791 4139 2016 4245 procedens,
2036 4140 2175 4216 dictam,
2194 4139 2308 4216 domi·

886 4299 973 4346 nam
985 4274 1114 4377 posuit
1128 4271 1165 4347 in
1182 4271 1349 4361 delectu,
1365 4288 1402 4349 et
1416 4271 1551 4378 ipsam,
1568 4299 1762 4377 persuum
1772 4271 2002 4379 judicatum,
2017 4269 2203 4377 reputavit
2218 4296 2307 4346 con·

884 4416 1094 4494 tumacem3
1117 4431 1232 4509 aquo
1251 4403 1439 4510 judicato,
1459 4419 1652 4510 tamquam
1672 4431 1693 4478 a
1712 4400 1805 4479 salso
1832 4419 1869 4478 et
1886 4429 2015 4507 pravo,
2039 4401 2137 4477 dicta
2155 4401 2308 4478 domina

887 4530 934 4607 ad
954 4549 1118 4608 nostram
1139 4533 1283 4609 curiam
1302 4533 1518 4638 appellavit;
1537 4533 1706 4640 partibus
1725 4560 1812 4610 vero
1829 4532 1967 4609 auditis
1987 4533 2026 4608 in
2044 4533 2147 4608 curia
2164 4548 2303 4619 nostra,

886 4662 925 4737 in
944 4689 1052 4739 causa
1067 4661 1330 4768 appellacionis
1349 4663 1535 4769 predicte,
1557 4664 1849 4771 pronunciatum
1867 4663 1955 4753 fuit,
1970 4691 2039 4769 per
2059 4662 2160 4738 curie
2181 4677 2305 4738 nostre

880 4791 1086 4900 judicium,
1100 4793 1243 4870 dictum
1262 4793 1443 4870 ballivum
1459 4794 1555 4872 male
1567 4795 1773 4903 judicasse,
1789 4813 1826 4872 et
1841 4793 1978 4872 dictam
1999 4792 2189 4870 dominam
2207 4791 2306 4868 bene
2336 4779 2342 4792 ’

886 4922 1109 5029 appellasse,
1132 4940 1170 5001 et
1184 4952 1253 5032 per
1272 4925 1374 5002 idem
1386 4925 1574 5034 judicium
1595 4926 1737 5004 dictum
1758 4925 1832 5004 fuit
1847 4925 1983 5002 dictam
2005 4952 2151 5002 causam
2170 4922 2307 5030 priuci-

886 5053 1009 5160 palem
1031 5054 1169 5132 debere
1190 5085 1258 5160 per
1273 5074 1440 5134 nostram
1462 5058 1604 5134 curiam
1617 5057 1779 5167 judicari
1801 5089 1810 5132 :
1829 5057 2023 5145 Tandem,
2048 5056 2123 5133 visa
2139 5056 2308 5162 inquesta

884 5182 984 5260 dicte
1004 5212 1112 5262 cause
1131 5185 1364 5291 principalis,
1385 5187 1473 5266 visis
1492 5187 1610 5265 eciam
1629 5188 1712 5266 aliis
1731 5187 1966 5296 processibus
1986 5185 2198 5271 antedictis,
2220 5211 2308 5289 pro-

884 5315 1102 5392 nunciatum
1113 5314 1195 5408 luit,
1207 5345 1275 5423 per
1284 5319 1387 5395 curie
1399 5337 1527 5396 nostre
1532 5319 1738 5428 judicium,
1752 5319 2067 5424 impedimentum
2075 5315 2305 5423 predictum,

885 5447 1097 5554 appositum
1117 5446 1156 5524 in
1171 5447 1349 5552 predictis
1367 5477 1436 5553 per
1450 5449 1588 5525 dictam
1603 5449 1814 5540 dominam,
1831 5446 1971 5526 debere
1987 5445 2168 5536 amoveri,
2184 5461 2223 5523 et
2235 5443 2309 5522 dic-
