5817 7292
1012 1076 1277 1184 saoneres
1303 1097 1367 1168 ar
1394 1079 1606 1170 esoces,
1946 1096 2016 1170 aar

596 1233 842 1342 peIIacionem
858 1262 970 1314 suam·
981 1236 1205 1345 predictam,
1222 1238 1271 1315 ad
1282 1254 1422 1316 statum
1438 1236 1610 1315 debitum
1621 1236 1869 1330 reducentun
1884 1256 1938 1328 et,
1955 1267 2022 1346 per
2058 1252 2188 1308 enarrer
2201 1255 2245 1320 tv,

596 1366 699 1444 idem
707 1364 913 1475 judicium,
930 1367 1002 1447 fuit
1021 1369 1143 1448 dictus
1159 1395 1285 1448 comes
1300 1369 1601 1476 condempnatus
1614 1367 1662 1446 ad
1674 1367 1900 1448 solvendum
1913 1369 2024 1448 nobis
2120 1345 2183 1390 Μ’

597 1499 776 1576 meantes
800 1496 914 1579 libras
936 1503 1194 1592 Turonenscs,
1224 1527 1294 1610 pro
1319 1500 1531 1580 excessibus
1555 1499 1796 1608 supradictis,
1824 1501 2023 1608 dimusqne

521 1685 522 1690 ,
594 1629 850 1709 Lambertusa
864 1633 1051 1738 peticione
1064 1635 1230 1740 predicta
1249 1634 1502 1742 dampnorum
1524 1649 1563 1710 et
1580 1632 1759 1710 interesse
1773 1634 1863 1711 dicti
1876 1632 2024 1712 comitis

596 1757 716 1839 extitit
733 1761 938 1842 absolutus.

652 1892 807 1972 Veneris
826 1911 912 1973 ante
930 1897 1067 1974 Remos
1084 1897 1307 1974 PaImarum.

653 2022 760 2101 Creci
777 2027 991 2132 reportavit.

636 2285 826 2363 LXXVIII.
857 2285 941 2362 Lite
951 2286 1235 2374 mota‚incnria
1246 2303 1390 2379 nosue,
1403 2282 1756 2394 interRaanpbnm
1765 2289 1887 2379 Dotu,
1900 2290 2023 2370 filiunt

594 2429 632 2490 et
651 2415 831 2493 heredem
850 2417 1045 2522 quondam
1065 2415 1253 2524 Radqubi
1273 2417 1397 2509 Dntu,
1417 2446 1461 2495 ex
1481 2445 1558 2495 una
1577 2435 1698 2524 parte,
1718 2436 1758 2496 et
1775 2419 2024 2527 Reginaldutn

594 2544 643 2622 de
662 2546 900 2635 Monstrelet,
924 2549 1122 2656 enneltera,
1143 2575 1259 2654 super
1276 2576 1321 2626 eo
1341 2548 1445 2654 quod
1467 2548 1591 2625 dictus
1608 2547 1830 2654 hadulphus
1847 2552 1950 2630 Dotu
1967 2553 2026 2629 di-

594 2675 701 2754 cebat
725 2678 830 2784 quod
858 2677 981 2756 dictus
1005 2677 1236 2786 Reginaldus
1262 2679 1451 2756 consensit
1473 2705 1660 2784 expresse,
1688 2705 1765 2757 non
1793 2698 1960 2770 coactus,
1987 2701 2025 2760 et

594 2808 768 2886 convenit
782 2837 871 2886 cum
891 2810 1028 2887 eodem
1053 2806 1254 2916 Radulpbo
1273 2809 1375 2887 Dotu
1395 2810 1501 2916 quod
1519 2827 1638 2887 totam
1656 2826 1795 2886 terram
1813 2827 1853 2887 et
1871 2811 2024 2889 heredi-

593 2940 736 3046 tagium
755 2967 831 3047 que
850 2939 1000 3018 fueraut
1026 2939 1219 3048 quondam
1242 2939 1450 3046 Radqubi,
1473 2941 1589 3046 patris
1609 2939 1700 3017 dicti
1723 2939 1932 3046 Radulphi,
1955 2943 2024 3019 sita

594 3068 633 3146 in
653 3071 842 3148 territorio
863 3069 910 3148 de
930 3073 1150 3162 Vinaconrt,
1169 3088 1296 3178 etque
1314 3087 1493 3149 tenentur
1511 3099 1532 3148 a
1553 3071 1714 3148 domino
1734 3070 1783 3148 de
1801 3072 1965 3149 Varenes
1984 3074 2023 3148 in
2113 3096 2115 3099 ’

592 3199 771 3292 feodum,
800 3233 875 3311 que
901 3203 1003 3282 bona
1029 3205 1152 3283 dictus
1179 3203 1409 3312 Reginaldus
1432 3202 1720 3292 tunctenebat,
1748 3203 1909 3280 heredes
1934 3203 2024 3282 dicti

592 3331 779 3440 Radqubi
795 3334 979 3412 haberent
997 3335 1278 3441 imperpetuum
1300 3333 1469 3439 pacifice,
1490 3350 1639 3410 retento
1656 3351 1784 3410 tamen
1803 3334 1843 3408 in
1864 3335 1919 3410 eis
1933 3363 2024 3411 usu-

593 3464 719 3544 Iructu
742 3464 869 3543 eidem
894 3464 1103 3574 Reginaldo
1124 3483 1162 3543 et
1186 3467 1269 3574 ejus
1293 3465 1419 3558 uxori,
1446 3464 1630 3572 quamdiu
1651 3463 1834 3555 viverent,
1855 3482 1895 3541 et
1916 3464 2025 3542 alteri

593 3624 726 3676 comm
740 3597 877 3677 ultim
887 3598 1155 3706 supervivere,
1167 3597 1349 3704 qnodque
1362 3597 1485 3674 dictus
1494 3595 1725 3705 Reginaidus
1735 3596 1909 3703 promisit
1919 3599 2025 3703 qnod

595 3727 642 3806 de
661 3729 841 3833 predictis
867 3745 965 3806 terra
988 3747 1027 3806 et
1046 3728 1282 3834 bereditagio
1302 3728 1380 3832 ipse
1401 3744 1440 3804 et
1462 3755 1558 3806 uxor
1581 3756 1648 3804 sua
1663 3755 1703 3804 se
1724 3727 1964 3804 dessaisirent
1984 3728 2025 3803 in

596 3883 711 3933 manu
732 3857 822 3934 dicti
843 3857 988 3936 domini
1011 3859 1057 3936 de
1073 3859 1256 3946 Vereoes,
1276 3885 1345 3963 pro
1365 3853 1571 3935 heredibus
1591 3855 1790 3933 antedictis
1808 3853 2021 3943 reiciendis,

595 4003 743 4067 retento
769 3988 871 4066 dicto
893 3987 1109 4077 usufructu,
1130 4005 1175 4066 ut
1194 3987 1368 4094 superius
1393 4005 1450 4064 est
1476 4012 1711 4094 expressum3
1733 4013 1847 4092 quam
1867 3983 2025 4092 quidem

597 4120 888 4198 convencionem
905 4119 1028 4198 dimus
1047 4117 1277 4224 Reginaldns
1298 4117 1474 4196 nundum
1495 4113 1732 4223 adimplevit,
1754 4132 1798 4192 nt
1818 4114 2022 4204 dicebatur,

494 4345 500 4354 ι
597 4251 699 4328 unde
726 4250 876 4358 petebat
898 4250 1022 4358 ipsum
1043 4249 1220 4356 compelli
1242 4249 1289 4327 ad
1310 4247 1550 4356 implendum
1569 4249 1864 4326 convencioncm
1879 4247 2027 4354 predic·

596 4380 968 4489 tam3Reginaldode
981 4381 1207 4462 Monstrelet
1218 4381 1410 4459 antedicto
1422 4380 1552 4488 piures
1561 4379 1731 4458 raciones
1743 4380 1783 4456 in
1796 4377 2026 4456 contrarium

597 4529 851 4619 proponente,
873 4541 915 4589 ac
944 4513 1091 4590 dicente
1115 4539 1156 4590 se
1183 4509 1320 4595 deam
1346 4512 1640 4590 convencionem
1661 4537 1739 4588 non
1757 4510 1880 4587 teneri
1904 4509 2027 4586 adim·

597 4643 719 4750 plere,
740 4671 810 4750 pro
830 4671 875 4721 eo
896 4643 1001 4751 quod
1021 4643 1135 4722 abbae
1156 4641 1544 4723 Sancti-lobannisde
1560 4641 1747 4718 Landnno
1768 4659 1807 4720 et
1825 4640 1957 4718 Petms
1978 4642 2027 4718 de

596 4775 863 4868 Cbancvieres,
885 4775 1010 4866 miles,
1032 4793 1124 4854 tunc
1143 4775 1387 4883 inquisitores
1398 4804 1421 4851 a
1434 4774 1544 4854 nobis
1562 4775 1604 4850 in
1617 4768 1766 4851 baIliria
1782 4768 2025 4850 Ambianensi

598 4907 765 5015 depatati
785 4935 902 5016 super
920 4889 1132 4987 secessibus
1151 4937 1172 4985 a
1191 4907 1368 4996 belliviis,
1385 4905 1601 5014 prepositis,
1621 4904 1869 4983 servientibus
1889 4922 1927 4982 et
1946 4904 2027 4983 aliis

597 5040 733 5126 nostris
753 5039 976 5120 officialibus
1000 5041 1240 5147 perpetratis,
1263 5037 1474 5147 predictum
1496 5035 1746 5146 ReginaIdnm
1767 5036 1951 5117 violenter
1965 5065 2028 5115 co-

598 5197 676 5249 ram
701 5173 754 5248 eis
780 5171 917 5250 adduci
937 5169 1121 5260 Iecernnt,
1149 5188 1193 5248 ut
1215 5169 1422 5248 heredibus
1440 5169 1642 5248 antedictis
1664 5169 1715 5248 de
1732 5169 1910 5277 predictis
1927 5186 2027 5246 terra

599 5318 637 5378 ct
650 5299 882 5410 hereditagio
898 5300 1145 5410 responderet
1165 5327 1292 5381 coram
1307 5301 1385 5390 eise
1402 5301 1504 5379 dicto
1519 5299 1729 5410 Reginaldo
1743 5299 1892 5378 dicente
1908 5325 1948 5376 ae
1965 5323 2027 5376 co·

600 5457 678 5528 mm
699 5435 751 5512 eis
769 5459 846 5510 non
866 5435 986 5514 teneri
1007 5461 1077 5512 nec
1098 5433 1236 5512 debere
1258 5432 1506 5541 respondere,
1520 5433 1820 5539 presertim‘cum
1837 5455 1914 5506 non
1929 5441 2026 5502 essct
