5817 7292
1052 1141 1314 1256 ruousrns
1340 1166 1402 1242 nr
1429 1143 1634 1242 moces.
2005 1166 2054 1245 ts

634 1307 823 1418 inquesta,
844 1308 918 1386 visa
945 1323 983 1385 et
1006 1306 1207 1418 diligenter
1231 1309 1454 1403 examinata,
1479 1310 1565 1386 visis
1584 1310 1702 1386 eciam
1724 1312 1879 1419 objectis
1903 1309 1994 1390 hine
2017 1329 2057 1391 et
2094 1321 2281 1386 retrorsit,

635 1443 724 1519 inde
740 1437 951 1546 propositis
975 1455 1105 1517 contra
1120 1455 1249 1530 testes,
1269 1439 1409 1518 auditis
1430 1439 1547 1516 eciam
1566 1439 1782 1518 racionibus
1800 1442 1889 1519 hinc
1908 1461 1947 1519 et
1964 1443 2057 1521 inde
2157 1414 2220 1456 Μ’

633 1569 854 1677 propositis,
875 1567 1168 1673 pronunciatum
1186 1568 1274 1657 luit,
1293 1597 1360 1675 per
1380 1569 1483 1646 curie
1504 1586 1631 1646 nostre
1649 1569 1855 1676 judicium,
1876 1599 1955 1648 non
1975 1601 2057 1650 esse

635 1703 846 1790 inventum,
867 1698 1068 1804 probatum
1084 1700 1191 1806 quod
1207 1700 1366 1806 predicti
1386 1701 1550 1778 decanus
1565 1718 1603 1778 et
1622 1701 1829 1807 capitulum
1843 1702 1989 1809 aliquas
2002 1703 2057 1781 le-

635 1833 754 1910 cerint
777 1829 965 1908 indebitas
983 1827 1166 1908 novitates
1185 1830 1224 1907 in
1245 1829 1406 1908 claustro
1432 1848 1471 1908 et
1490 1831 1635 1910 civitate
1650 1832 1829 1938 predictis
1849 1833 2057 1938 insignum

635 1958 901 2042 novimercati.
1171 1943 1176 1950 ⁶

691 2092 867 2174 Mercurii
885 2108 970 2196 post
990 2090 1140 2170 octabas
1158 2091 1363 2170 Natiuitatis
1378 2090 1543 2171 Domini.

688 2351 748 2432 lX.
779 2353 876 2432 Cum
896 2349 1141 2462 significasset
1161 2349 1273 2432 nobis
1291 2349 1454 2433 decenus
1475 2351 1523 2433 de
1544 2353 1750 2463 Yssigiaco,
1771 2357 1986 2435 monasterii
2008 2356 2056 2435 de

634 2484 793 2572 sarlato,
815 2484 1025 2590 quodcum
1044 2485 1123 2591 ipse
1146 2501 1184 2561 et
1204 2485 1491 2591 predecessores
1513 2487 1588 2576 sui,
1616 2489 1770 2564 nomine
1792 2488 1947 2565 ecclesie
1971 2516 2054 2576 sue,

633 2630 756 2691 essent
772 2631 809 2690 et
830 2613 988 2690 luissent
1011 2615 1049 2690 in
1072 2614 1307 2719 possessione
1330 2613 1388 2690 vcl
1408 2616 1515 2719 quasi
1535 2617 1630 2691 meri
1654 2633 1692 2691 et
1713 2617 1818 2693 mixti
1844 2617 1993 2722 imperii
2015 2648 2057 2694 ac

627 2742 901 2850 jurisdictionis
921 2743 1143 2819 omnimode
1161 2742 1234 2819 alte
1256 2760 1294 2818 et
1307 2743 1415 2820 basse
1430 2745 1713 2848 parrochiarum
1733 2745 1781 2822 de
1801 2747 2054 2839 Monte-Alto,

632 2870 982 2977 Sancti-Pardulphi
1004 2889 1042 2947 et
1065 2871 1412 2979 Montis-Seguelli,
1436 2870 1539 2948 idem
1560 2873 1664 2949 leodi
1689 2889 1727 2950 et
1744 2873 1949 2972 retroleodi
1972 2905 2057 2983 par·

632 3003 761 3082 rochie
781 3002 829 3079 de
850 3001 1081 3093 Ribanhaco,
1104 3017 1257 3107 excepto
1279 3018 1500 3079 tenemento
1520 3003 1568 3079 de
1586 3005 1848 3093 Bono-Fonte,
1870 3006 1975 3113 quod
2000 3025 2058 3084 est

633 3132 680 3210 de
706 3133 805 3209 dicta
828 3131 1025 3237 parrochia
1044 3129 1379 3236 Montis-Siguelli3
1401 3147 1440 3208 et
1461 3159 1504 3208 ea
1529 3134 1589 3209 usi
1612 3152 1737 3243 essent
1761 3136 1981 3241 perdecem
2001 3140 2057 3214 ri-

629 3264 722 3372 ginti
750 3280 788 3340 et
811 3261 962 3369 triginta
988 3289 1107 3338 annos
1131 3258 1283 3366 pacifice
1310 3277 1347 3337 et
1367 3260 1512 3365 quiete,
1534 3280 1573 3339 et
1597 3262 1646 3338 de
1670 3265 1849 3369 predictis
1869 3286 1993 3344 essent
2016 3269 2055 3344 in

630 3411 757 3472 nostra
777 3393 905 3501 gardia
922 3391 1091 3498 speciali3
1116 3408 1154 3468 et
1172 3389 1434 3496 multipliciter
1450 3390 1698 3497 impediretur
1717 3395 1821 3472 idem
1838 3394 2001 3475 decanus
2014 3401 2055 3476 in

630 3525 763 3604 saisina
776 3521 1051 3630 jurisdictionis
1069 3521 1237 3629 predicte
1260 3549 1329 3628 per
1352 3520 1602 3630 Reginaldum
1625 3523 1674 3601 de
1695 3527 1832 3618 Ponte,
1856 3527 2056 3606 domiuum

628 3655 853 3764 Bmgeriaci,
882 3672 920 3732 et
945 3683 1013 3760 per
1037 3670 1167 3761 gentes
1187 3681 1286 3740 suas,
1314 3653 1394 3758 ipso
1414 3651 1619 3732 mandante
1641 3655 1701 3732 vel
1722 3673 1847 3734 ratum
1870 3659 2052 3748 habente,

629 3786 677 3864 de
700 3814 797 3864 novo
821 3802 859 3862 et
879 3785 960 3862 sine
984 3813 1092 3862 causa
1111 3783 1348 3872 racionabili‚
1372 3783 1411 3862 in
1436 3785 1554 3888 ipsius
1573 3787 1723 3875 decani,
1748 3789 1903 3867 ecclesie
1924 3817 1993 3867 sue
2013 3820 2057 3868 ac

631 3915 728 3991 dicte
744 3915 857 4022 garde
877 3931 1004 3994 nostre
1023 3914 1289 4022 prejudicium,
1306 3930 1350 3992 ut
1365 3913 1531 4003 dicebet3
1549 3932 1769 4023 peteretque
1786 3918 1927 3996 dictum
1947 3921 2057 4030 Regi·

631 4043 788 4122 naldum
808 4063 846 4124 et
858 4064 989 4155 gentes
1004 4076 1088 4126 suas
1102 4045 1295 4152 prohiberi
1305 4073 1362 4130 ,ne
1378 4045 1522 4122 dictum
1538 4043 1726 4124 decanum
1740 4076 1808 4124 seu
1826 4066 1957 4155 gentes
1970 4081 2056 4129 suas

631 4175 670 4250 in
691 4175 824 4252 saisina
836 4177 1004 4282 predicte
1014 4175 1290 4283 jurisdictionis
1309 4175 1447 4252 amodo
1468 4176 1692 4279 perturbent
1704 4174 1764 4251 vel
1778 4175 2002 4284 inquietent,
2017 4198 2056 4257 et

632 4335 652 4382 a
674 4306 851 4412 predictis
877 4305 1159 4410 impedimentis
1181 4321 1328 4384 cessent
1348 4303 1517 4381 totaliter
1536 4320 1574 4380 et
1595 4305 1793 4392 desistant,
1816 4305 2058 4415 dampnaque

630 4464 698 4543 per
718 4437 791 4514 hoc
812 4436 885 4514 sibi
908 4437 1010 4514 illota
1024 4437 1187 4514 reddant
1200 4462 1321 4542 usque
1342 4432 1589 4512 adducentes
1603 4436 1772 4514 marchas
1791 4439 1953 4546 argenti3
1969 4467 2055 4518 nos-

631 4596 708 4674 que
727 4596 839 4674 super
856 4566 1033 4673 predictis
1052 4564 1352 4644 mandaverimus
1372 4565 1532 4673 inquiri,
1551 4567 1690 4646 vocatis
1710 4569 1898 4672 partibus,
1920 4572 2054 4648 verita-

629 4713 731 4777 tem:
751 4700 942 4788 Tandem,
964 4699 1040 4777 visa
1062 4699 1235 4806 inquestn
1254 4726 1366 4804 super
1387 4699 1461 4777 hoc
1480 4696 1589 4788 lacta,
1615 4698 1810 4776 inventum
1831 4719 1888 4778 est
1910 4701 2055 4781 dimum

632 4831 818 4908 decanum
840 4846 879 4906 et
894 4829 1181 4934 predecessores
1198 4855 1286 4908 suos
1304 4856 1393 4906 usos
1413 4855 1493 4908 esse
1511 4844 1550 4904 et
1564 4826 1678 4906 luisse
1690 4829 1954 4936 jurisdictione
1972 4860 2056 4937 pre-

633 4959 747 5047 dicta,
780 4977 818 5037 et
844 4989 883 5037 se
905 4989 986 5040 esse
1011 4978 1049 5038 et
1070 4959 1184 5040 luisse
1210 4959 1325 5070 longo
1345 4976 1516 5066 tempore
1544 4959 1741 5037 in·saisina
1766 4962 1861 5040 meri
1884 4979 1922 5038 et
1949 4963 2057 5040 mixti

632 5091 782 5198 imperii
808 5120 850 5168 ac
869 5089 1144 5198 jurisdictionis
1164 5090 1385 5170 omnimode
1410 5087 1692 5195 parrochiarum
1719 5091 1992 5196 predictarum,
2018 5111 2056 5170 et

633 5222 798 5302 eundem
831 5223 1016 5300 decanum
1045 5220 1306 5328 multipliciter
1330 5219 1558 5327 impeditum
1585 5219 1626 5296 in
1653 5221 1786 5298 eadem
1816 5250 1884 5328 per
1911 5223 2055 5301 dictum

633 5353 882 5460 Reginaldum
896 5372 933 5432 et
950 5371 1081 5462 gentes
1096 5382 1180 5433 suas
1189 5385 1201 5444 ;-
1214 5368 1370 5460 propter
1383 5350 1506 5458 quod,
1520 5378 1589 5457 per
1601 5351 1704 5428 curie
1716 5368 1843 5430 nostre
1848 5351 2037 5460 judicium
2043 5332 2059 5439 ,⁵

635 5481 777 5562 dictum
800 5485 870 5564 fuit
891 5503 928 5564 et
947 5485 1239 5593 pronunciatum
1258 5483 1473 5602 predictum
1491 5483 1744 5594 Regineldum
1758 5512 1839 5562 esse
1853 5480 2057 5588 probiben-
