<?xml version="1.0" encoding="UTF-8"?>
<!DOCTYPE html PUBLIC "-//W3C//DTD XHTML 1.0 Transitional//EN"
    "http://www.w3.org/TR/xhtml1/DTD/xhtml1-transitional.dtd">
<html xmlns="http://www.w3.org/1999/xhtml" xml:lang="en" lang="en">
 <head>
  <title>
</title>
<meta http-equiv="Content-Type" content="text/html;charset=utf-8" />
  <meta name='ocr-system' content='tesseract 3.04.00' />
  <meta name='ocr-capabilities' content='ocr_page ocr_carea ocr_par ocr_line ocrx_word'/>
</head>
<body>
  <div class='ocr_page' id='page_1' title='image "./lesolimouregist00pargoog_0171.png"; bbox 0 0 5817 7292; ppageno 0'>
   <div class='ocr_carea' id='block_1_1' title="bbox 1042 1161 2044 1267">
    <p class='ocr_par' dir='ltr' id='par_1_1' title="bbox 1042 1161 2044 1267">
     <span class='ocr_line' id='line_1_1' title="bbox 1042 1161 2044 1267; baseline -0.005 -19"><span class='ocrx_word' id='word_1_1' title='bbox 1042 1161 1309 1267; x_wconf 79' lang='lat' dir='ltr'><strong>nnootrns</strong></span> <span class='ocrx_word' id='word_1_2' title='bbox 1335 1177 1397 1250; x_wconf 80' lang='lat' dir='ltr'><strong>rr</strong></span> <span class='ocrx_word' id='word_1_3' title='bbox 1423 1161 1627 1253; x_wconf 72' lang='lat' dir='ltr'><strong>esoces.</strong></span> <span class='ocrx_word' id='word_1_4' title='bbox 1997 1172 2044 1243; x_wconf 76' lang='lat' dir='ltr'><strong>rs</strong></span> 
     </span>
    </p>
   </div>
   <div class='ocr_carea' id='block_1_2' title="bbox 505 1305 2269 2346">
    <p class='ocr_par' dir='ltr' id='par_1_2' title="bbox 625 1305 2269 1558">
     <span class='ocr_line' id='line_1_2' title="bbox 625 1305 2269 1448; baseline 0.001 -57"><span class='ocrx_word' id='word_1_5' title='bbox 625 1317 791 1422; x_wconf 85' lang='lat' dir='ltr'><strong>recipere</strong></span> <span class='ocrx_word' id='word_1_6' title='bbox 815 1305 863 1394; x_wconf 82' lang='lat' dir='ltr'><strong>de</strong></span> <span class='ocrx_word' id='word_1_7' title='bbox 890 1334 1014 1395; x_wconf 86' lang='lat' dir='ltr'><strong>cetero</strong></span> <span class='ocrx_word' id='word_1_8' title='bbox 1031 1321 1272 1417; x_wconf 85' lang='lat' dir='ltr'><strong>tenebuntur</strong></span> <span class='ocrx_word' id='word_1_9' title='bbox 1297 1319 1434 1398; x_wconf 88' lang='lat' dir='ltr'><strong>dictam</strong></span> <span class='ocrx_word' id='word_1_10' title='bbox 1464 1350 1617 1399; x_wconf 84' lang='lat' dir='ltr'>avenam</span> <span class='ocrx_word' id='word_1_11' title='bbox 1647 1321 1694 1397; x_wconf 85' lang='lat' dir='ltr'><strong>ad</strong></span> <span class='ocrx_word' id='word_1_12' title='bbox 1723 1345 1938 1397; x_wconf 87' lang='lat' dir='ltr'><strong>mensuram</strong></span> <span class='ocrx_word' id='word_1_13' title='bbox 1965 1347 2048 1394; x_wconf 91' lang='lat' dir='ltr'><strong>om·</strong></span> <span class='ocrx_word' id='word_1_14' title='bbox 2083 1313 2269 1448; x_wconf 41' lang='lat' dir='ltr'><strong>reiparte</strong></span> 
     </span>
     <span class='ocr_line' id='line_1_3' title="bbox 625 1435 2208 1558; baseline 0.003 -37"><span class='ocrx_word' id='word_1_15' title='bbox 625 1447 717 1524; x_wconf 88' lang='lat' dir='ltr'><strong>nino</strong></span> <span class='ocrx_word' id='word_1_16' title='bbox 741 1447 904 1524; x_wconf 83' lang='lat' dir='ltr'><strong>similem</strong></span> <span class='ocrx_word' id='word_1_17' title='bbox 929 1465 967 1552; x_wconf 83' lang='lat' dir='ltr'><strong>et</strong></span> <span class='ocrx_word' id='word_1_18' title='bbox 988 1466 1161 1555; x_wconf 87' lang='lat' dir='ltr'><strong>equatam</strong></span> <span class='ocrx_word' id='word_1_19' title='bbox 1184 1451 1282 1527; x_wconf 87' lang='lat' dir='ltr'><strong>dicte</strong></span> <span class='ocrx_word' id='word_1_20' title='bbox 1306 1477 1482 1529; x_wconf 83' lang='lat' dir='ltr'><strong>mensure</strong></span> <span class='ocrx_word' id='word_1_21' title='bbox 1503 1452 1640 1558; x_wconf 90' lang='lat' dir='ltr'><strong>prioris</strong></span> <span class='ocrx_word' id='word_1_22' title='bbox 1661 1450 1839 1558; x_wconf 81' lang='lat' dir='ltr'>predicti,</span> <span class='ocrx_word' id='word_1_23' title='bbox 1864 1466 1901 1525; x_wconf 91' lang='lat' dir='ltr'><strong>et</strong></span> <span class='ocrx_word' id='word_1_24' title='bbox 1922 1448 2045 1554; x_wconf 86' lang='lat' dir='ltr'><strong>quod,</strong></span> <span class='ocrx_word' id='word_1_25' title='bbox 2201 1435 2208 1447; x_wconf 50' lang='lat'><em>⁶</em></span> 
     </span>
    </p>

    <p class='ocr_par' dir='ltr' id='par_1_3' title="bbox 505 1578 2047 2078">
     <span class='ocr_line' id='line_1_4' title="bbox 505 1578 2047 1689; baseline 0.002 -36"><span class='ocrx_word' id='word_1_26' title='bbox 505 1585 509 1592; x_wconf 83' lang='grc'><strong>’</strong></span> <span class='ocrx_word' id='word_1_27' title='bbox 626 1578 674 1654; x_wconf 84' lang='lat' dir='ltr'><strong>ad</strong></span> <span class='ocrx_word' id='word_1_28' title='bbox 702 1605 814 1654; x_wconf 90' lang='lat' dir='ltr'><strong>omne</strong></span> <span class='ocrx_word' id='word_1_29' title='bbox 842 1581 1061 1686; x_wconf 89' lang='lat' dir='ltr'><strong>scrupulum</strong></span> <span class='ocrx_word' id='word_1_30' title='bbox 1083 1609 1196 1687; x_wconf 88' lang='lat' dir='ltr'><strong>super</strong></span> <span class='ocrx_word' id='word_1_31' title='bbox 1216 1583 1287 1660; x_wconf 91' lang='lat' dir='ltr'><strong>hoc</strong></span> <span class='ocrx_word' id='word_1_32' title='bbox 1310 1583 1348 1658; x_wconf 91' lang='lat' dir='ltr'><strong>in</strong></span> <span class='ocrx_word' id='word_1_33' title='bbox 1374 1601 1570 1689; x_wconf 87' lang='lat' dir='ltr'><strong>posterum</strong></span> <span class='ocrx_word' id='word_1_34' title='bbox 1594 1582 1827 1672; x_wconf 82' lang='lat' dir='ltr'><strong>evitandum,</strong></span> <span class='ocrx_word' id='word_1_35' title='bbox 1857 1581 1931 1656; x_wconf 91' lang='lat' dir='ltr'><strong>due</strong></span> <span class='ocrx_word' id='word_1_36' title='bbox 1953 1579 2047 1658; x_wconf 83' lang='lat' dir='ltr'><strong>tales</strong></span> 
     </span>
     <span class='ocr_line' id='line_1_5' title="bbox 626 1707 2046 1820; baseline 0.001 -36"><span class='ocrx_word' id='word_1_37' title='bbox 626 1710 717 1786; x_wconf 86' lang='lat' dir='ltr'><strong>fient</strong></span> <span class='ocrx_word' id='word_1_38' title='bbox 741 1737 917 1786; x_wconf 83' lang='lat' dir='ltr'>mensure</span> <span class='ocrx_word' id='word_1_39' title='bbox 940 1711 1176 1799; x_wconf 86' lang='lat' dir='ltr'><strong>consimiles,</strong></span> <span class='ocrx_word' id='word_1_40' title='bbox 1198 1742 1358 1820; x_wconf 88' lang='lat' dir='ltr'><strong>quarum</strong></span> <span class='ocrx_word' id='word_1_41' title='bbox 1382 1742 1497 1790; x_wconf 88' lang='lat' dir='ltr'><strong>unam</strong></span> <span class='ocrx_word' id='word_1_42' title='bbox 1524 1714 1646 1791; x_wconf 88' lang='lat' dir='ltr'><strong>dictus</strong></span> <span class='ocrx_word' id='word_1_43' title='bbox 1664 1712 1856 1790; x_wconf 89' lang='lat' dir='ltr'><strong>Johannes</strong></span> <span class='ocrx_word' id='word_1_44' title='bbox 1875 1707 2046 1801; x_wconf 86' lang='lat' dir='ltr'><strong>habebit,</strong></span> 
     </span>
     <span class='ocr_line' id='line_1_6' title="bbox 628 1839 2047 1950; baseline 0 -36"><span class='ocrx_word' id='word_1_45' title='bbox 628 1839 803 1916; x_wconf 88' lang='lat' dir='ltr'><strong>etaltera</strong></span> <span class='ocrx_word' id='word_1_46' title='bbox 829 1841 869 1915; x_wconf 93' lang='lat' dir='ltr'><strong>in</strong></span> <span class='ocrx_word' id='word_1_47' title='bbox 897 1841 1098 1918; x_wconf 85' lang='lat' dir='ltr'><strong>Castelleto</strong></span> <span class='ocrx_word' id='word_1_48' title='bbox 1124 1843 1320 1920; x_wconf 88' lang='lat' dir='ltr'><strong>Parisiensi</strong></span> <span class='ocrx_word' id='word_1_49' title='bbox 1346 1842 1592 1922; x_wconf 88' lang='lat' dir='ltr'><strong>custodienda</strong></span> <span class='ocrx_word' id='word_1_50' title='bbox 1616 1860 1802 1950; x_wconf 88' lang='lat' dir='ltr'><strong>perpetuo</strong></span> <span class='ocrx_word' id='word_1_51' title='bbox 1825 1842 2047 1946; x_wconf 82' lang='lat' dir='ltr'><strong>deponetur.</strong></span> 
     </span>
     <span class='ocr_line' id='line_1_7' title="bbox 627 1971 902 2078; baseline 0.007 -34"><span class='ocrx_word' id='word_1_52' title='bbox 627 1971 668 2045; x_wconf 94' lang='lat' dir='ltr'><strong>In</strong></span> <span class='ocrx_word' id='word_1_53' title='bbox 689 1971 812 2078; x_wconf 87' lang='lat' dir='ltr'><strong>cujus,</strong></span> <span class='ocrx_word' id='word_1_54' title='bbox 833 1988 902 2048; x_wconf 88' lang='lat' dir='ltr'><strong>etc.</strong></span> 
     </span>
    </p>

    <p class='ocr_par' dir='ltr' id='par_1_4' title="bbox 566 2103 1575 2346">
     <span class='ocr_line' id='line_1_8' title="bbox 566 2103 1177 2212; baseline 0.013 -38"><span class='ocrx_word' id='word_1_55' title='bbox 566 2169 568 2174; x_wconf 89' lang='lat'><strong>.</strong></span> <span class='ocrx_word' id='word_1_56' title='bbox 684 2103 783 2179; x_wconf 90' lang='lat' dir='ltr'><strong>Jovis</strong></span> <span class='ocrx_word' id='word_1_57' title='bbox 801 2122 886 2209; x_wconf 84' lang='lat' dir='ltr'><strong>post</strong></span> <span class='ocrx_word' id='word_1_58' title='bbox 905 2104 1177 2212; x_wconf 84' lang='lat' dir='ltr'><strong>Magdalenam.</strong></span> 
     </span>
     <span class='ocr_line' id='line_1_9' title="bbox 682 2235 1575 2346; baseline 0.007 -36"><span class='ocrx_word' id='word_1_59' title='bbox 682 2235 859 2339; x_wconf 81' lang='lat' dir='ltr'><strong>Magister</strong></span> <span class='ocrx_word' id='word_1_60' title='bbox 877 2236 1080 2343; x_wconf 88' lang='lat' dir='ltr'><strong>Dyouisius</strong></span> <span class='ocrx_word' id='word_1_61' title='bbox 1101 2239 1148 2314; x_wconf 89' lang='lat' dir='ltr'><strong>de</strong></span> <span class='ocrx_word' id='word_1_62' title='bbox 1169 2239 1334 2316; x_wconf 87' lang='lat' dir='ltr'><strong>Senonio</strong></span> <span class='ocrx_word' id='word_1_63' title='bbox 1354 2241 1575 2346; x_wconf 78' lang='lat' dir='ltr'><strong>reportavit.¹</strong></span> 
     </span>
    </p>
   </div>
   <div class='ocr_carea' id='block_1_3' title="bbox 628 2497 2054 2869">
    <p class='ocr_par' dir='ltr' id='par_1_5' title="bbox 628 2497 2054 2869">
     <span class='ocr_line' id='line_1_10' title="bbox 684 2497 2054 2605; baseline 0.001 -32"><span class='ocrx_word' id='word_1_64' title='bbox 684 2497 759 2574; x_wconf 88' lang='lat' dir='ltr'><strong>XV.</strong></span> <span class='ocrx_word' id='word_1_65' title='bbox 791 2500 967 2605; x_wconf 86' lang='lat' dir='ltr'><strong>Inquesta</strong></span> <span class='ocrx_word' id='word_1_66' title='bbox 990 2497 1084 2576; x_wconf 79' lang='lat' dir='ltr'><strong>sacta</strong></span> <span class='ocrx_word' id='word_1_67' title='bbox 1110 2500 1210 2577; x_wconf 88' lang='lat' dir='ltr'><strong>inter</strong></span> <span class='ocrx_word' id='word_1_68' title='bbox 1236 2501 1436 2579; x_wconf 90' lang='lat' dir='ltr'><strong>dominum</strong></span> <span class='ocrx_word' id='word_1_69' title='bbox 1464 2501 1855 2580; x_wconf 85' lang='lat' dir='ltr'><strong>Montis-Morenciaci</strong></span> <span class='ocrx_word' id='word_1_70' title='bbox 1886 2518 1924 2577; x_wconf 93' lang='lat' dir='ltr'><strong>et</strong></span> <span class='ocrx_word' id='word_1_71' title='bbox 1946 2501 2054 2576; x_wconf 83' lang='lat' dir='ltr'><strong>halti-</strong></span> 
     </span>
     <span class='ocr_line' id='line_1_11' title="bbox 628 2627 2050 2738; baseline 0.005 -39"><span class='ocrx_word' id='word_1_72' title='bbox 628 2656 716 2704; x_wconf 92' lang='lat' dir='ltr'><strong>vum</strong></span> <span class='ocrx_word' id='word_1_73' title='bbox 736 2627 926 2736; x_wconf 86' lang='lat' dir='ltr'><strong>Gysorcii‚</strong></span> <span class='ocrx_word' id='word_1_74' title='bbox 953 2658 1067 2736; x_wconf 89' lang='lat' dir='ltr'><strong>super</strong></span> <span class='ocrx_word' id='word_1_75' title='bbox 1084 2631 1197 2737; x_wconf 85' lang='lat' dir='ltr'><strong>prisia</strong></span> <span class='ocrx_word' id='word_1_76' title='bbox 1218 2632 1379 2709; x_wconf 89' lang='lat' dir='ltr'><strong>duarum</strong></span> <span class='ocrx_word' id='word_1_77' title='bbox 1399 2632 1621 2722; x_wconf 84' lang='lat' dir='ltr'><strong>Judearum,</strong></span> <span class='ocrx_word' id='word_1_78' title='bbox 1649 2631 1795 2709; x_wconf 88' lang='lat' dir='ltr'><strong>reddita</strong></span> <span class='ocrx_word' id='word_1_79' title='bbox 1811 2648 1849 2708; x_wconf 90' lang='lat' dir='ltr'><strong>et</strong></span> <span class='ocrx_word' id='word_1_80' title='bbox 1864 2629 2050 2738; x_wconf 81' lang='lat' dir='ltr'><strong>expedita,</strong></span> 
     </span>
     <span class='ocr_line' id='line_1_12' title="bbox 629 2760 1570 2869; baseline 0.007 -36"><span class='ocrx_word' id='word_1_81' title='bbox 629 2777 743 2863; x_wconf 86' lang='lat' dir='ltr'><strong>prout</strong></span> <span class='ocrx_word' id='word_1_82' title='bbox 763 2760 978 2837; x_wconf 84' lang='lat' dir='ltr'><strong>continetur</strong></span> <span class='ocrx_word' id='word_1_83' title='bbox 998 2761 1036 2837; x_wconf 94' lang='lat' dir='ltr'><strong>in</strong></span> <span class='ocrx_word' id='word_1_84' title='bbox 1056 2761 1182 2838; x_wconf 84' lang='lat' dir='ltr'><strong>rotulo</strong></span> <span class='ocrx_word' id='word_1_85' title='bbox 1203 2764 1317 2868; x_wconf 91' lang='lat' dir='ltr'><strong>hujus</strong></span> <span class='ocrx_word' id='word_1_86' title='bbox 1336 2763 1570 2869; x_wconf 83' lang='lat' dir='ltr'><strong>parlamenti.</strong></span> 
     </span>
    </p>
   </div>
   <div class='ocr_carea' id='block_1_4' title="bbox 628 3021 2054 3520">
    <p class='ocr_par' dir='ltr' id='par_1_6' title="bbox 628 3021 2054 3392">
     <span class='ocr_line' id='line_1_13' title="bbox 684 3021 2054 3129; baseline 0.002 -33"><span class='ocrx_word' id='word_1_87' title='bbox 684 3022 777 3098; x_wconf 91' lang='lat' dir='ltr'><strong>XVI.</strong></span> <span class='ocrx_word' id='word_1_88' title='bbox 809 3024 984 3128; x_wconf 85' lang='lat' dir='ltr'><strong>lnquesta</strong></span> <span class='ocrx_word' id='word_1_89' title='bbox 1012 3023 1105 3100; x_wconf 88' lang='lat' dir='ltr'><strong>sacta</strong></span> <span class='ocrx_word' id='word_1_90' title='bbox 1137 3050 1206 3129; x_wconf 94' lang='lat' dir='ltr'><strong>pro</strong></span> <span class='ocrx_word' id='word_1_91' title='bbox 1239 3022 1374 3099; x_wconf 87' lang='lat' dir='ltr'><strong>abbate</strong></span> <span class='ocrx_word' id='word_1_92' title='bbox 1409 3023 1758 3114; x_wconf 67' lang='lat' dir='ltr'><strong>saneti-Maxentii,</strong></span> <span class='ocrx_word' id='word_1_93' title='bbox 1794 3049 1907 3129; x_wconf 92' lang='lat' dir='ltr'><strong>super</strong></span> <span class='ocrx_word' id='word_1_94' title='bbox 1940 3021 2054 3100; x_wconf 82' lang='lat' dir='ltr'><strong>feodo</strong></span> 
     </span>
     <span class='ocr_line' id='line_1_14' title="bbox 629 3133 2054 3260; baseline 0.002 -33"><span class='ocrx_word' id='word_1_95' title='bbox 629 3151 820 3240; x_wconf 83' lang='lat' dir='ltr'><strong>Amiable‚</strong></span> <span class='ocrx_word' id='word_1_96' title='bbox 839 3133 985 3228; x_wconf 68' lang='lat' dir='ltr'><strong>reddita</strong></span> <span class='ocrx_word' id='word_1_97' title='bbox 1002 3169 1039 3229; x_wconf 92' lang='lat' dir='ltr'><strong>et</strong></span> <span class='ocrx_word' id='word_1_98' title='bbox 1053 3179 1129 3230; x_wconf 92' lang='lat' dir='ltr'><strong>non</strong></span> <span class='ocrx_word' id='word_1_99' title='bbox 1147 3153 1219 3230; x_wconf 81' lang='lat' dir='ltr'><strong>suit</strong></span> <span class='ocrx_word' id='word_1_100' title='bbox 1226 3153 1409 3260; x_wconf 87' lang='lat' dir='ltr'><strong>judicata,</strong></span> <span class='ocrx_word' id='word_1_101' title='bbox 1428 3153 1516 3260; x_wconf 91' lang='lat' dir='ltr'><strong>quia</strong></span> <span class='ocrx_word' id='word_1_102' title='bbox 1533 3181 1610 3231; x_wconf 94' lang='lat' dir='ltr'><strong>non</strong></span> <span class='ocrx_word' id='word_1_103' title='bbox 1625 3153 1814 3230; x_wconf 82' lang='lat' dir='ltr'><strong>invenitur</strong></span> <span class='ocrx_word' id='word_1_104' title='bbox 1827 3154 1948 3259; x_wconf 85' lang='lat' dir='ltr'><strong>quod,</strong></span> <span class='ocrx_word' id='word_1_105' title='bbox 1968 3183 2054 3230; x_wconf 88' lang='lat' dir='ltr'><strong>cum</strong></span> 
     </span>
     <span class='ocr_line' id='line_1_15' title="bbox 628 3283 1936 3392; baseline 0.001 -34"><span class='ocrx_word' id='word_1_106' title='bbox 628 3298 755 3390; x_wconf 86' lang='lat' dir='ltr'><strong>tangat</strong></span> <span class='ocrx_word' id='word_1_107' title='bbox 774 3283 975 3360; x_wconf 87' lang='lat' dir='ltr'><strong>dominum</strong></span> <span class='ocrx_word' id='word_1_108' title='bbox 995 3285 1154 3392; x_wconf 84' lang='lat' dir='ltr'><strong>Regem,</strong></span> <span class='ocrx_word' id='word_1_109' title='bbox 1176 3301 1397 3389; x_wconf 90' lang='lat' dir='ltr'><strong>procurator</strong></span> <span class='ocrx_word' id='word_1_110' title='bbox 1417 3285 1497 3391; x_wconf 90' lang='lat' dir='ltr'><strong>ejus</strong></span> <span class='ocrx_word' id='word_1_111' title='bbox 1517 3284 1692 3361; x_wconf 77' lang='lat' dir='ltr'><strong>fueritin</strong></span> <span class='ocrx_word' id='word_1_112' title='bbox 1712 3312 1756 3360; x_wconf 85' lang='lat' dir='ltr'><strong>ea</strong></span> <span class='ocrx_word' id='word_1_113' title='bbox 1774 3302 1936 3362; x_wconf 81' lang='lat' dir='ltr'><strong>vocatus.</strong></span> 
     </span>
    </p>

    <p class='ocr_par' dir='ltr' id='par_1_7' title="bbox 686 3413 1480 3520">
     <span class='ocr_line' id='line_1_16' title="bbox 686 3413 1480 3520; baseline -0.003 -28"><span class='ocrx_word' id='word_1_114' title='bbox 686 3416 735 3492; x_wconf 88' lang='lat' dir='ltr'><strong>M.</strong></span> <span class='ocrx_word' id='word_1_115' title='bbox 759 3413 970 3491; x_wconf 89' lang='lat' dir='ltr'><strong>Ludovicus</strong></span> <span class='ocrx_word' id='word_1_116' title='bbox 992 3416 1039 3491; x_wconf 87' lang='lat' dir='ltr'><strong>de</strong></span> <span class='ocrx_word' id='word_1_117' title='bbox 1059 3414 1247 3492; x_wconf 90' lang='lat' dir='ltr'><strong>Voisserio</strong></span> <span class='ocrx_word' id='word_1_118' title='bbox 1267 3415 1480 3520; x_wconf 81' lang='lat' dir='ltr'><strong>reportavit.</strong></span> 
     </span>
    </p>
   </div>
   <div class='ocr_carea' id='block_1_5' title="bbox 948 4005 1749 4141">
    <p class='ocr_par' dir='ltr' id='par_1_8' title="bbox 948 4005 1749 4141">
     <span class='ocr_line' id='line_1_17' title="bbox 948 4005 1749 4141; baseline 0.002 -49"><span class='ocrx_word' id='word_1_119' title='bbox 948 4009 1253 4125; x_wconf 80' lang='lat' dir='ltr'><strong>moonsrn</strong></span> <span class='ocrx_word' id='word_1_120' title='bbox 1290 4009 1365 4094; x_wconf 86' lang='lat' dir='ltr'><strong>nr</strong></span> <span class='ocrx_word' id='word_1_121' title='bbox 1402 4005 1749 4141; x_wconf 74' lang='lat' dir='ltr'><strong>processus</strong></span> 
     </span>
    </p>
   </div>
   <div class='ocr_carea' id='block_1_6' title="bbox 825 4242 1876 4311">
    <p class='ocr_par' dir='ltr' id='par_1_9' title="bbox 825 4242 1876 4311">
     <span class='ocr_line' id='line_1_18' title="bbox 825 4242 1876 4311; baseline -0.002 -15"><span class='ocrx_word' id='word_1_122' title='bbox 825 4247 910 4311; x_wconf 81' lang='grc' dir='ltr'>ΔΗῙ,</span> <span class='ocrx_word' id='word_1_123' title='bbox 943 4249 1100 4300; x_wconf 74' lang='lat' dir='ltr'>JUDICATI</span> <span class='ocrx_word' id='word_1_124' title='bbox 1131 4251 1164 4299; x_wconf 84' lang='grc' dir='ltr'><strong>ΙΝ</strong></span> <span class='ocrx_word' id='word_1_125' title='bbox 1200 4245 1433 4299; x_wconf 70' lang='lat' dir='ltr'><strong>PARLAHENTO</strong></span> <span class='ocrx_word' id='word_1_126' title='bbox 1469 4242 1876 4306; x_wconf 72' lang='grc' dir='ltr'><strong>ΟΗΝΙΰΗ-δΔΝΟΤΟΒῦΙ,</strong></span> 
     </span>
    </p>
   </div>
   <div class='ocr_carea' id='block_1_7' title="bbox 1156 4461 1533 4506">
    <p class='ocr_par' dir='ltr' id='par_1_10' title="bbox 1156 4461 1533 4506">
     <span class='ocr_line' id='line_1_19' title="bbox 1156 4461 1533 4506; baseline -0.016 0"><span class='ocrx_word' id='word_1_127' title='bbox 1156 4463 1244 4506; x_wconf 72' lang='lat' dir='ltr'><strong>auito</strong></span> <span class='ocrx_word' id='word_1_128' title='bbox 1266 4461 1398 4506; x_wconf 70' lang='lat' dir='ltr'><strong>sortitu</strong></span> <span class='ocrx_word' id='word_1_129' title='bbox 1420 4461 1533 4505; x_wconf 68' lang='lat' dir='ltr'>HCCGL</span> 
     </span>
    </p>
   </div>
   <div class='ocr_carea' id='block_1_8' title="bbox 630 4715 2061 5617">
    <p class='ocr_par' dir='ltr' id='par_1_11' title="bbox 630 4715 2061 5617">
     <span class='ocr_line' id='line_1_20' title="bbox 688 4715 2058 4807; baseline -0.001 -12"><span class='ocrx_word' id='word_1_130' title='bbox 688 4720 715 4795; x_wconf 92' lang='grc' dir='ltr'><strong>Ι.</strong></span> <span class='ocrx_word' id='word_1_131' title='bbox 748 4718 847 4797; x_wconf 91' lang='lat' dir='ltr'><strong>Cum</strong></span> <span class='ocrx_word' id='word_1_132' title='bbox 874 4719 1035 4796; x_wconf 89' lang='lat' dir='ltr'><strong>dilectus</strong></span> <span class='ocrx_word' id='word_1_133' title='bbox 1063 4735 1101 4796; x_wconf 90' lang='lat' dir='ltr'><strong>et</strong></span> <span class='ocrx_word' id='word_1_134' title='bbox 1123 4717 1246 4796; x_wconf 86' lang='lat' dir='ltr'><strong>fidelis</strong></span> <span class='ocrx_word' id='word_1_135' title='bbox 1265 4735 1395 4796; x_wconf 88' lang='lat' dir='ltr'><strong>noster</strong></span> <span class='ocrx_word' id='word_1_136' title='bbox 1414 4716 1643 4807; x_wconf 84' lang='lat' dir='ltr'><strong>Ludovicus,</strong></span> <span class='ocrx_word' id='word_1_137' title='bbox 1664 4715 1902 4793; x_wconf 82' lang='lat' dir='ltr'><strong>Nivernensis</strong></span> <span class='ocrx_word' id='word_1_138' title='bbox 1930 4732 1967 4791; x_wconf 87' lang='lat' dir='ltr'><strong>et</strong></span> <span class='ocrx_word' id='word_1_139' title='bbox 1987 4717 2058 4793; x_wconf 87' lang='lat' dir='ltr'><strong>Re-</strong></span> 
     </span>
     <span class='ocr_line' id='line_1_21' title="bbox 630 4847 2058 4958; baseline -0.001 -32"><span class='ocrx_word' id='word_1_140' title='bbox 630 4851 841 4958; x_wconf 84' lang='lat' dir='ltr'><strong>gistetensis</strong></span> <span class='ocrx_word' id='word_1_141' title='bbox 860 4878 1001 4943; x_wconf 84' lang='lat' dir='ltr'><strong>comes,</strong></span> <span class='ocrx_word' id='word_1_142' title='bbox 1025 4879 1241 4958; x_wconf 89' lang='lat' dir='ltr'><strong>proponens</strong></span> <span class='ocrx_word' id='word_1_143' title='bbox 1261 4851 1422 4928; x_wconf 88' lang='lat' dir='ltr'><strong>voeriam</strong></span> <span class='ocrx_word' id='word_1_144' title='bbox 1446 4850 1494 4926; x_wconf 90' lang='lat' dir='ltr'><strong>de</strong></span> <span class='ocrx_word' id='word_1_145' title='bbox 1510 4847 1993 4953; x_wconf 86' lang='lat' dir='ltr'><strong>Doucheri·super-Mosam</strong></span> <span class='ocrx_word' id='word_1_146' title='bbox 2010 4849 2058 4924; x_wconf 88' lang='lat' dir='ltr'><strong>ad</strong></span> 
     </span>
     <span class='ocr_line' id='line_1_22' title="bbox 632 4979 2057 5092; baseline -0.001 -36"><span class='ocrx_word' id='word_1_147' title='bbox 632 4983 773 5088; x_wconf 85' lang='lat' dir='ltr'><strong>ipsum,</strong></span> <span class='ocrx_word' id='word_1_148' title='bbox 796 4983 945 5061; x_wconf 86' lang='lat' dir='ltr'><strong>racione</strong></span> <span class='ocrx_word' id='word_1_149' title='bbox 965 4983 1054 5060; x_wconf 85' lang='lat' dir='ltr'><strong>dicti</strong></span> <span class='ocrx_word' id='word_1_150' title='bbox 1075 4984 1271 5062; x_wconf 86' lang='lat' dir='ltr'><strong>comitatus</strong></span> <span class='ocrx_word' id='word_1_151' title='bbox 1291 4983 1348 5060; x_wconf 89' lang='lat' dir='ltr'><strong>sui</strong></span> <span class='ocrx_word' id='word_1_152' title='bbox 1369 4981 1651 5092; x_wconf 82' lang='lat' dir='ltr'><strong>Registetensis,</strong></span> <span class='ocrx_word' id='word_1_153' title='bbox 1670 4979 1875 5087; x_wconf 86' lang='lat' dir='ltr'><strong>pertinere,</strong></span> <span class='ocrx_word' id='word_1_154' title='bbox 1898 4980 2057 5056; x_wconf 81' lang='lat' dir='ltr'><strong>maxime</strong></span> 
     </span>
     <span class='ocr_line' id='line_1_23' title="bbox 634 5111 2057 5222; baseline -0.001 -33"><span class='ocrx_word' id='word_1_155' title='bbox 634 5141 720 5191; x_wconf 91' lang='lat' dir='ltr'><strong>cum</strong></span> <span class='ocrx_word' id='word_1_156' title='bbox 737 5115 940 5203; x_wconf 66' lang='lat' dir='ltr'><strong>liebertus,</strong></span> <span class='ocrx_word' id='word_1_157' title='bbox 961 5116 1153 5222; x_wconf 89' lang='lat' dir='ltr'><strong>quondam</strong></span> <span class='ocrx_word' id='word_1_158' title='bbox 1175 5143 1300 5191; x_wconf 89' lang='lat' dir='ltr'><strong>comes</strong></span> <span class='ocrx_word' id='word_1_159' title='bbox 1319 5113 1572 5200; x_wconf 83' lang='lat' dir='ltr'><strong>Nivernensis‚</strong></span> <span class='ocrx_word' id='word_1_160' title='bbox 1593 5111 1673 5217; x_wconf 87' lang='lat' dir='ltr'><strong>ejus</strong></span> <span class='ocrx_word' id='word_1_161' title='bbox 1697 5111 1856 5220; x_wconf 85' lang='lat' dir='ltr'><strong>genitor,</strong></span> <span class='ocrx_word' id='word_1_162' title='bbox 1883 5127 2057 5216; x_wconf 91' lang='lat' dir='ltr'><strong>tempore</strong></span> 
     </span>
     <span class='ocr_line' id='line_1_24' title="bbox 633 5240 2053 5351; baseline -0.004 -29"><span class='ocrx_word' id='word_1_163' title='bbox 633 5273 709 5350; x_wconf 86' lang='lat' dir='ltr'><strong>quo</strong></span> <span class='ocrx_word' id='word_1_164' title='bbox 724 5246 804 5351; x_wconf 88' lang='lat' dir='ltr'><strong>ipse</strong></span> <span class='ocrx_word' id='word_1_165' title='bbox 815 5244 962 5324; x_wconf 90' lang='lat' dir='ltr'><strong>ballum</strong></span> <span class='ocrx_word' id='word_1_166' title='bbox 979 5245 1069 5323; x_wconf 88' lang='lat' dir='ltr'><strong>dicti</strong></span> <span class='ocrx_word' id='word_1_167' title='bbox 1083 5245 1261 5323; x_wconf 89' lang='lat' dir='ltr'><strong>Ludovici</strong></span> <span class='ocrx_word' id='word_1_168' title='bbox 1276 5245 1446 5337; x_wconf 86' lang='lat' dir='ltr'><strong>tenebat,</strong></span> <span class='ocrx_word' id='word_1_169' title='bbox 1464 5243 1603 5320; x_wconf 86' lang='lat' dir='ltr'><strong>dictam</strong></span> <span class='ocrx_word' id='word_1_170' title='bbox 1613 5241 1778 5320; x_wconf 82' lang='lat' dir='ltr'><strong>voeriam</strong></span> <span class='ocrx_word' id='word_1_171' title='bbox 1788 5240 2053 5348; x_wconf 85' lang='lat' dir='ltr'><strong>acquisivisset,</strong></span> 
     </span>
     <span class='ocr_line' id='line_1_25' title="bbox 635 5371 2059 5484; baseline -0.001 -33"><span class='ocrx_word' id='word_1_172' title='bbox 635 5393 678 5452; x_wconf 91' lang='lat' dir='ltr'><strong>ut</strong></span> <span class='ocrx_word' id='word_1_173' title='bbox 698 5376 860 5466; x_wconf 86' lang='lat' dir='ltr'><strong>dicebat,</strong></span> <span class='ocrx_word' id='word_1_174' title='bbox 884 5407 926 5454; x_wconf 83' lang='lat' dir='ltr'><strong>ex</strong></span> <span class='ocrx_word' id='word_1_175' title='bbox 946 5378 1229 5484; x_wconf 84' lang='lat' dir='ltr'><strong>permutacione</strong></span> <span class='ocrx_word' id='word_1_176' title='bbox 1254 5373 1348 5454; x_wconf 80' lang='lat' dir='ltr'><strong>tacta</strong></span> <span class='ocrx_word' id='word_1_177' title='bbox 1366 5403 1436 5482; x_wconf 94' lang='lat' dir='ltr'><strong>pro</strong></span> <span class='ocrx_word' id='word_1_178' title='bbox 1459 5375 1537 5482; x_wconf 88' lang='lat' dir='ltr'><strong>ipsa</strong></span> <span class='ocrx_word' id='word_1_179' title='bbox 1554 5375 1680 5454; x_wconf 87' lang='lat' dir='ltr'><strong>voeria</strong></span> <span class='ocrx_word' id='word_1_180' title='bbox 1702 5372 1881 5451; x_wconf 88' lang='lat' dir='ltr'><strong>debonis</strong></span> <span class='ocrx_word' id='word_1_181' title='bbox 1900 5371 2059 5477; x_wconf 84' lang='lat' dir='ltr'><strong>quibus-</strong></span> 
     </span>
     <span class='ocr_line' id='line_1_26' title="bbox 639 5503 2061 5617; baseline -0.003 -35"><span class='ocrx_word' id='word_1_182' title='bbox 639 5507 725 5582; x_wconf 83' lang='lat' dir='ltr'><strong>dam</strong></span> <span class='ocrx_word' id='word_1_183' title='bbox 741 5509 788 5585; x_wconf 86' lang='lat' dir='ltr'><strong>ad</strong></span> <span class='ocrx_word' id='word_1_184' title='bbox 806 5509 948 5586; x_wconf 90' lang='lat' dir='ltr'><strong>dictum</strong></span> <span class='ocrx_word' id='word_1_185' title='bbox 963 5509 1184 5586; x_wconf 87' lang='lat' dir='ltr'><strong>comitatum</strong></span> <span class='ocrx_word' id='word_1_186' title='bbox 1201 5509 1495 5617; x_wconf 85' lang='lat' dir='ltr'><strong>Registetensem</strong></span> <span class='ocrx_word' id='word_1_187' title='bbox 1515 5503 1809 5613; x_wconf 87' lang='lat' dir='ltr'><strong>pertinentibus,</strong></span> <span class='ocrx_word' id='word_1_188' title='bbox 1825 5519 1970 5608; x_wconf 84' lang='lat' dir='ltr'><strong>peteret</strong></span> <span class='ocrx_word' id='word_1_189' title='bbox 1984 5531 2061 5578; x_wconf 88' lang='lat' dir='ltr'><strong>ma-</strong></span> 
     </span>
    </p>
   </div>
   <div class='ocr_carea' id='block_1_9' title="bbox 721 5676 1933 5744">
    <p class='ocr_par' dir='ltr' id='par_1_12' title="bbox 721 5676 1933 5744">
     <span class='ocr_line' id='line_1_27' title="bbox 721 5676 1933 5744; baseline -0.007 -19"><span class='ocrx_word' id='word_1_190' title='bbox 721 5685 773 5725; x_wconf 73' lang='lat' dir='ltr'><strong>LES</strong></span> <span class='ocrx_word' id='word_1_191' title='bbox 795 5685 877 5724; x_wconf 68' lang='grc' dir='ltr'><strong>ΟΜΝ.</strong></span> <span class='ocrx_word' id='word_1_192' title='bbox 901 5685 945 5724; x_wconf 80' lang='lat'><strong>111.</strong></span> <span class='ocrx_word' id='word_1_193' title='bbox 1414 5739 1419 5744; x_wconf 90' lang='lat'><strong>.</strong></span> <span class='ocrx_word' id='word_1_194' title='bbox 1897 5676 1933 5717; x_wconf 88' lang='lat'><strong>10</strong></span> 
     </span>
    </p>
   </div>
   <div class='ocr_carea' id='block_1_10' title="bbox 0 0 2932 7284">
    <p class='ocr_par' dir='ltr' id='par_1_13' title="bbox 0 0 2932 7284">
     <span class='ocr_line' id='line_1_28' title="bbox 0 0 2932 7284; baseline 0 0"><span class='ocrx_word' id='word_1_195' title='bbox 0 0 2932 7284; x_wconf 95' lang='lat' dir='ltr'><strong> </strong></span> 
     </span>
    </p>
   </div>
  </div>
 </body>
</html>
