5817 7292
738 1218 739 1221 Ν
861 1128 932 1201 ros
1437 1126 1528 1199 Las
1557 1125 1698 1201 oum.

632 1290 761 1344 Parnm
775 1290 819 1353 tv,
856 1273 1053 1351 asserentis
1068 1270 1189 1379 quod,
1206 1296 1291 1346 cum
1306 1268 1386 1375 ipse
1401 1268 1556 1346 diversis
1572 1267 1709 1346 debitis
1723 1268 1903 1346 usurariis
1915 1270 2138 1359 honeratus,
2151 1300 2280 1378 quam·

693 1382 756 1423 ¹³⁰¹‘
856 1402 943 1479 dam
966 1402 1091 1481 villam
1116 1430 1241 1494 suam,
1266 1418 1432 1477 vocatam
1451 1399 1637 1484 bastidam
1656 1400 1866 1478 Fortanerii
1892 1399 1939 1477 de
1959 1400 2171 1495 Gordonio,
2192 1432 2279 1481 cum

856 1534 1033 1613 omuibus
1054 1535 1133 1642 ejus
1147 1532 1405 1640 pertinenciis,
1422 1558 1492 1638 pro
1512 1550 1614 1609 certo
1628 1533 1772 1638 precio,
1793 1549 1977 1612 convento
1993 1549 2032 1609 et
2050 1532 2123 1611 sibi
2141 1533 2279 1625 soluto,

853 1665 992 1743 Jacobo
1016 1663 1216 1752 lobannis,
1237 1662 1415 1769 burgensi
1437 1664 1484 1740 de
1510 1663 1669 1742 Caturco
1697 1664 1879 1754 innubili,
1910 1663 2157 1757 vendidisset,
2188 1666 2281 1745 dum

854 1813 981 1873 tamen
1010 1794 1230 1904 hujusmodi
1257 1793 1472 1871 vendicioni
1497 1809 1670 1872 nostrum
1695 1794 1940 1902 preberemus
1966 1824 2211 1890 consensum,
2242 1816 2280 1877 et

854 1928 946 2017 hoc,
962 1944 1005 2005 ut
1020 1926 1166 2014 dicitur,
1182 1924 1359 2031 adjuncto
1376 1924 1497 2029 quod,
1514 1923 1545 2001 si
1564 1924 1688 2001 dictus
1703 1924 1814 2003 miles
1830 1924 1925 2003 infra
1936 1926 2279 2033 quinquennium

851 2073 1024 2163 tempore
1045 2056 1144 2133 dicte
1164 2052 1398 2133 vendicionis
1417 2052 1513 2132 lacte
1532 2054 1647 2132 vellet
1665 2055 1767 2134 dicto
1788 2056 1948 2163 emptori
1967 2056 2128 2135 reddere
2148 2076 2187 2136 et
2205 2058 2279 2137 sol-

853 2216 937 2266 vere
957 2190 1128 2296 precium
1146 2188 1403 2297 supradictum
1416 2250 1425 2277 ,
1439 2185 1565 2264 villam
1578 2188 1806 2295 predictam,
1826 2218 1912 2267 cum
1928 2190 2009 2297 ejus
2022 2191 2275 2297 pertinenciis,

854 2321 906 2398 sic
928 2321 1116 2399 venditam
1139 2336 1378 2428 recuperaret
1402 2338 1440 2397 et
1465 2318 1638 2409 haberet,
1665 2321 1890 2399 senescallus
1917 2338 2045 2398 noster
2069 2321 2279 2430 Petragori·

855 2452 990 2541 censis,
1016 2453 1147 2529 videus
1166 2451 1292 2529 villam
1310 2450 1517 2559 predictam
1541 2481 1628 2529 cum
1654 2456 1735 2561 ejus
1753 2452 1995 2560 pertinenciis
2019 2480 2094 2558 que
2119 2480 2140 2528 a
2166 2452 2277 2531 nobis

853 2582 891 2657 in
917 2580 1076 2659 seudum
1098 2601 1136 2659 et
1154 2581 1372 2689 homagium
1391 2599 1555 2673 tenetur,
1576 2582 1628 2658 sic
1646 2583 1836 2661 venditam
1855 2582 1936 2660 sine
1955 2568 2111 2660 licencia
2130 2600 2274 2673 nostra,

852 2713 1087 2821 positamque
1108 2712 1156 2789 de
1176 2740 1290 2789 manu
1309 2714 1431 2791 nobili
1450 2715 1491 2789 in
1509 2742 1664 2790 manum
1689 2713 1916 2805 innobilem,
1943 2713 2088 2792 dictum
2107 2715 2276 2822 precium

854 2844 954 2921 dicto
974 2842 1135 2922 innobili
1156 2843 1401 2935 reddidisset,
1422 2861 1460 2923 et
1473 2845 1585 2924 nobis
1599 2846 1725 2922 villam
1743 2847 1966 2954 predictam,
1984 2874 2071 2923 cum
2085 2846 2279 2952 pertinen·

853 2974 918 3052 ciis
938 2975 1032 3064 suis,
1055 2976 1179 3052 adhuc
1199 2976 1357 3055 durante
1378 2977 1480 3055 dicto
1500 2977 1782 3085 quinquennio,
1799 2977 2034 3087 applicasset,
2050 2977 2154 3055 idem
2168 2978 2278 3054 miles

852 3104 948 3181 infra
975 3106 1117 3184 dictum
1145 3106 1451 3214 quinquennium
1480 3108 1650 3215 predicto
1680 3109 1885 3187 senescallo
1909 3128 2037 3187 nostro
2063 3108 2276 3215 predictum

850 3237 1019 3343 precium
1034 3255 1292 3344 competenter
1304 3268 1373 3345 pro
1387 3238 1568 3345 predictis
1578 3240 1741 3317 venditis
1753 3240 1980 3317 rehabendis
1992 3239 2147 3327 obtulit,
2164 3258 2277 3348 prout

852 3386 1079 3447 conventum
1098 3369 1218 3446 luerat
1234 3370 1332 3445 inter
1346 3368 1537 3475 predictos
1553 3368 1716 3446 militem
1731 3388 1769 3447 et
1787 3386 2016 3475 emptorem,
2031 3369 2204 3474 predicto
2218 3398 2276 3447 se-

851 3498 1014 3577 nescallo
1036 3517 1164 3578 nostro
1183 3499 1364 3605 premissa
1383 3497 1503 3576 lacere
1523 3516 1735 3589 recusante,
1752 3499 1863 3577 nobis
1878 3498 2130 3608 supplicatum
2144 3499 2275 3577 fuisset

850 3631 956 3737 quod
975 3658 1088 3737 super
1100 3629 1291 3737 premissis
1305 3630 1513 3708 faceremus
1530 3630 1672 3738 inquiri
1685 3631 1900 3720 veritatem,
1919 3647 1958 3708 et
1971 3631 2053 3739 ejus
2067 3630 2275 3707 faceremus

849 3780 1063 3870 requestam
1076 3762 1123 3839 de
1140 3762 1408 3870 recuperandis
1423 3762 1623 3869 predictis:
1640 3762 1831 3852 Tandem,
1848 3790 1962 3870 super
1975 3762 2165 3868 premissis
2179 3761 2275 3837 lacta
2397 3825 2403 3830 .

850 3891 1022 3999 inquesta
1046 3892 1094 3969 de
1116 3893 1292 3972 mandato
1310 3909 1456 3986 nostro,
1477 3891 1617 3971 vocatis
1635 3909 1879 4001 procuratore
1898 3908 2027 3971 nostro
2048 3910 2086 3969 et
2103 3892 2275 4000 predicto

849 4024 990 4113 milite,
1012 4024 1151 4101 auditis
1169 4025 1387 4133 propositis,
1411 4052 1455 4101 ex
1474 4042 1579 4132 parte
1598 4024 1858 4132 predictorum
1882 4023 2134 4132 procuratoris
2156 4024 2275 4101 nostri

850 4173 888 4233 et
906 4154 1058 4246 militis,
1075 4157 1151 4234 visa
1167 4173 1204 4234 et
1221 4156 1423 4265 diligenter
1436 4156 1644 4234 examinata
1662 4157 1837 4264 inquesta
1851 4156 2036 4263 predicta,
2051 4154 2139 4233 visis
2155 4156 2274 4233 eciam

796 4365 799 4381 ,
849 4288 983 4364 litteris
1010 4304 1049 4365 et
1070 4288 1330 4367 instrumentis
1349 4288 1439 4365 hinc
1458 4288 1549 4365 inde
1574 4288 1786 4394 productis,
1811 4314 1880 4394 per
1899 4287 2002 4365 curie
2021 4303 2149 4363 nostre
2169 4285 2275 4393 judi-

849 4415 966 4505 cium,
994 4416 1117 4495 dictus
1140 4434 1361 4523 procurator
1383 4435 1512 4497 noster
1535 4448 1557 4496 a
1578 4418 1760 4526 predictis
1783 4446 1853 4526 per
1879 4418 2042 4497 militem
2060 4416 2273 4525 predictum

848 4545 1049 4652 propositis
1064 4561 1102 4621 et
1120 4547 1338 4651 petitis'fuit
1356 4548 1635 4627 sentencialiter
1649 4548 1858 4628 absolutus.

904 4676 1004 4753 Jovis
1022 4691 1109 4781 post
1128 4676 1556 4756 Sanctam-Trinitatem.

904 4784 955 4887 M.
973 4807 1199 4915 Pasquerius
1216 4808 1428 4916 reportavit.

903 5070 1027 5149 LXIV.
1058 5070 1215 5178 Propter
1227 5073 1509 5152 excusacionem
1525 5075 1671 5154 domini
1686 5075 1734 5153 de
1747 5075 1940 5183 Maiguaco
1955 5090 1994 5153 et
2004 5071 2173 5149 liliorum
2187 5098 2274 5149 suo-

847 5229 949 5289 rum,
977 5201 1149 5309 inquesta
1166 5202 1261 5281 sacta
1284 5205 1382 5283 iuter
1401 5206 1502 5313 ipsos
1527 5224 1565 5285 et
1588 5207 1763 5284 abbatem
1783 5222 1822 5283 et
1841 5204 2048 5313 capitulum
2065 5206 2273 5283 Dauraten-

847 5359 921 5424 ses,
942 5330 1014 5409 fuit
1038 5361 1107 5441 per
1128 5336 1268 5412 curiam
1290 5335 1472 5427 anullata,
1492 5354 1532 5415 et
1555 5338 1688 5415 iterato
1713 5336 1882 5413 facienda
1902 5351 1974 5424 est,
1998 5351 2113 5442 prout
2134 5335 2173 5411 in
2195 5329 2271 5412 line
2304 5368 2308 5374 ’

846 5464 963 5541 rotuli
983 5464 1097 5573 hujus
1116 5464 1338 5572 parlamenti
1359 5467 1509 5574 plenius
1529 5470 1753 5546 continetur.
2358 5449 2361 5454 Ι
