5817 7292
910 1102 983 1174 588
1485 1101 1576 1174 LES
1608 1101 1747 1176 OLIM.

685 1247 868 1310 enimv,
909 1272 1031 1322 cussas
1045 1241 1152 1329 fecit,
1174 1271 1215 1319 ac
1236 1242 1351 1327 eciam
1374 1240 1517 1319 dictum
1538 1245 1756 1349 episcopum
1774 1228 1935 1317 turbavit
1948 1241 1988 1316 in
2003 1242 2234 1347 possessione
2254 1246 2330 1324 alte

744 1338 808 1381 Μ’
909 1394 947 1453 et
966 1377 1071 1455 basse
1082 1373 1232 1483 justicie
1247 1372 1357 1479 burgi
1378 1370 1599 1460 d’Alamans‚
1616 1373 1743 1477 inqua
1765 1370 1887 1449 dictus
1903 1371 2102 1478 episcopus
2119 1389 2158 1449 et
2175 1375 2231 1450 sui
2247 1404 2331 1481 pre-

910 1508 1123 1586 decessores
1142 1520 1248 1593 sunt,
1265 1519 1310 1580 ut
1326 1502 1482 1590 dicitur,
1494 1519 1532 1578 et
1545 1500 1698 1578 bierunt
1718 1499 1871 1608 pacifice
1891 1519 2097 1608 atempore
2117 1532 2138 1579 a
2155 1532 2233 1609 quo
2251 1534 2331 1581 me-

908 1637 1027 1715 moria
1042 1636 1242 1715 hominum
1259 1631 1298 1707 in
1320 1630 1547 1707 contrarium
1563 1658 1641 1707 non
1656 1631 1794 1721 existit;
1811 1660 1880 1710 nos
1893 1660 1994 1722 vero,
2013 1634 2061 1710 de
2075 1632 2255 1738 predictis
2269 1664 2331 1712 ex·
2347 1730 2353 1739 ,

909 1768 1074 1845 cessihus
1102 1780 1139 1841 et
1168 1760 1459 1848 inobedienoiis‚
1495 1761 1633 1837 vocatis
1662 1762 1876 1851 evocandis,
1903 1763 2042 1870 inquiri
2072 1763 2329 1842 mandavimus

908 1900 1118 1986 veritatem
1140 1895 1233 1973 lacta
1253 1894 1367 2001 igitur
1386 1921 1500 2000 super
1515 1893 1589 1971 hiis
1613 1895 1781 2002 inquesta
1802 1915 1839 1974 et
1859 1898 1907 1975 ad
1926 1899 2067 1976 curiam
2079 1919 2254 1979 nostram
2273 1933 2329 1981 re-

907 2046 1068 2136 portata,
1080 2027 1156 2104 visa
1170 2043 1209 2103 et
1227 2023 1426 2131 diligenter
1439 2025 1661 2115 examinata,
1679 2028 1766 2134 quia
1784 2046 1979 2134 repertum
1999 2048 2055 2107 est
2069 2059 2138 2137 per
2153 2061 2233 2108 eam
2254 2034 2329 2111 sul-

908 2157 1079 2235 ficienter
1088 2156 1286 2262 probatum
1297 2156 1402 2261 quod
1418 2155 1542 2233 dictus
1553 2154 1776 2246 Gausridus,
1792 2159 1969 2236 dominus
1982 2158 2182 2252 Riberiaci‚
2197 2160 2325 2239 Gerel-

909 2290 1001 2366 dum
1018 2288 1065 2365 de
1075 2287 1327 2374 Bono-Fonte,
1340 2286 1607 2391 presbiterum,
1622 2288 1736 2395 cepit,
1751 2306 1788 2365 et
1800 2290 1841 2365 in
1853 2290 2033 2369 vilissimo
2048 2320 2188 2367 carcere
2198 2294 2325 2397 posuit

909 2437 946 2496 et
968 2418 1134 2505 intrusit,
1158 2440 1320 2504 necnon,
1340 2431 1426 2522 post
1439 2417 1725 2522 provocaciones
1743 2437 1781 2495 et
1797 2419 2071 2525 appellaciones
2090 2451 2109 2497 a
2129 2423 2227 2499 dicto
2247 2423 2326 2529 epi-

908 2554 1020 2655 scopo
1033 2566 1070 2625 et
1082 2546 1303 2625 hominibus
1316 2546 1393 2625 suis
1405 2546 1515 2654 burgi
1532 2546 1742 2626 d’Alamans
1756 2550 1805 2627 ad
1818 2579 1887 2629 nos
1902 2552 2130 2658 interjectas,
2144 2554 2325 2631 nedictus

908 2678 1110 2760 Gausridus
1124 2677 1339 2783 predictum
1361 2678 1580 2784 episcopum
1600 2679 1639 2754 in
1658 2680 1793 2756 saisina
1805 2681 1956 2788 justicie
1970 2682 2044 2759 alte
2060 2699 2098 2759 et
2115 2684 2219 2761 basse
2239 2684 2326 2761 dicti

867 2834 868 2839 ’
906 2811 1029 2918 burgi,
1044 2811 1168 2917 inqua
1181 2823 1269 2896 erat,
1284 2824 1328 2884 ut
1341 2807 1500 2896 dicebat,
1512 2808 1615 2887 solus
1629 2826 1666 2885 et
1677 2810 1895 2901 insolidum,
1907 2812 2122 2918 impediret,
2132 2814 2329 2891 nechemi-

849 3024 852 3030 ,
908 2940 1021 3018 nibus
1038 2938 1128 3017 dicti
1149 2938 1259 3046 burgi
1285 2937 1427 3045 aliquas
1448 2938 1648 3016 violencias
1675 2938 1848 3031 inferret,
1874 2941 2052 3047 dictoque
2079 2943 2273 3050 episcopo,
2291 2944 2329 3019 in

897 3071 1055 3179 speciali
1076 3071 1189 3177 garda
1208 3087 1334 3159 nostra
1354 3069 1535 3146 existente
1552 3068 1591 3145 in
1608 3097 1768 3175 persona
1788 3088 1826 3149 et
1847 3071 2025 3149 omnibus
2043 3072 2155 3150 bonis
2173 3074 2265 3161 suis,
2288 3103 2329 3149 ac
2351 3134 2356 3141 .

907 3200 1049 3279 Nicasio
1072 3202 1119 3278 de
1134 3200 1281 3287 Ursino,
1300 3198 1482 3275 serviente
1504 3214 1642 3286 nostro,
1655 3228 1768 3307 super
1782 3200 1872 3288 hoc,
1887 3230 1956 3307 per
1974 3202 2220 3279 senescallum
2238 3230 2326 3279 nos-
2358 3226 2362 3230 ·

906 3312 1006 3407 trum
1022 3326 1374 3437 Petragoricensem,
1393 3328 1603 3435 specialiter
1615 3328 1824 3435 gardiatore
1844 3331 1914 3436 ipsi
1935 3331 2106 3436 episcopo
2125 3332 2321 3437 deputato,

856 3500 858 3504 ·
907 3461 971 3565 qui
986 3459 1167 3547 Nicasius,
1183 3457 1345 3535 serviens
1358 3475 1497 3547 noster,
1516 3460 1683 3565 predicta
1695 3460 1796 3537 dicto
1809 3458 1986 3553 Gaulrido
2001 3458 2267 3548 notificaverat,
2282 3478 2323 3537 et

700 3626 708 3641 ·
779 3618 781 3621 ·
903 3588 998 3676 sibi,
1016 3587 1235 3665 auctoritate
1255 3604 1401 3676 nostra,
1418 3588 1651 3678 inhibuerat,
1666 3588 1738 3667 sub
1758 3588 1861 3666 omni
1880 3616 1925 3665 eo
1944 3590 2047 3695 'quod
2065 3606 2192 3696 posset
2208 3589 2323 3667 nobis

906 3718 1137 3809 forisfacere,
1161 3746 1208 3795 ne
1226 3716 1404 3824 predictis
1424 3719 1601 3827 episcopo
1622 3736 1660 3797 et
1678 3718 1897 3819 hominibus
1916 3720 1956 3796 iu
1974 3719 2141 3825 ipsorum
2156 3720 2323 3826 prejudi-

906 3852 1007 3927 cium
1028 3838 1173 3957 aliquid
1187 3866 1440 3957 attemptaret,
1459 3852 1639 3959 quodque
1654 3851 1776 3929 dictus
1795 3852 1958 3929 serviens
1972 3869 2099 3928 noster
2111 3850 2325 3957 predictum

795 3980 798 3985 ’
906 3981 1131 4061 Gausridum
1144 3981 1318 4059 citaverat
1328 3982 1375 4059 ad
1387 3982 1554 4060 assisiam
1567 3982 1759 4060 senescalli
1774 3983 1892 4060 nostri
1904 3981 2215 4089 Petregoriccnsis
2229 4011 2325 4087 pres-

826 4160 827 4163 =
905 4113 1064 4189 titurum
1088 4130 1427 4191 assecuramentnm
1451 4114 1644 4220 preposito
1664 4131 1702 4191 et
1724 4113 1943 4192 hominibus
1962 4112 2092 4219 prefati
2114 4112 2222 4219 burgi
2241 4113 2325 4189 (ΓΑ-

905 4242 1062 4337 lamans,
1079 4261 1117 4322 et
1129 4270 1172 4320 ex
1184 4242 1435 4333 habundanti,
1454 4244 1589 4322 iterato
1604 4244 1819 4322 inhibuerat
1833 4244 1958 4321 eidem
1974 4272 2021 4321 ne
2035 4244 2136 4322 dicto
2150 4243 2323 4350 episcopo

905 4390 942 4449 et
962 4374 1136 4479 gentibus
1155 4374 1233 4451 suis
1251 4372 1395 4481 aliquid
1412 4371 1657 4465 forisfaceret;
1675 4375 1815 4481 quibus
1837 4374 2013 4452 omnibus
2032 4376 2182 4481 spretis,
2203 4374 2325 4450 dictus

903 4503 1121 4592 Gausridus,
1140 4505 1178 4580 in
1192 4503 1442 4611 prejudicium
1454 4504 1568 4610 garde
1582 4521 1724 4595 nostre,
1737 4506 1864 4611 plures
1875 4505 2050 4583 homines
2065 4522 2102 4583 et
2113 4505 2324 4582 habitantes

781 4658 788 4667 ·
904 4634 990 4710 dicti
1007 4634 1117 4743 burgi
1138 4632 1348 4711 d’Alamans
1368 4635 1467 4741 cepit
1487 4651 1524 4711 et
1540 4634 1779 4713 incarceravit
1798 4652 1834 4711 et
1853 4636 1894 4711 in
1913 4635 2093 4713 vilissimo
2109 4663 2251 4711 carcere
2264 4662 2324 4710 re-

904 4763 1032 4840 trudit.
1047 4765 1139 4841 Item
1149 4824 1158 4854 ,
1168 4764 1345 4869 predictis
1364 4793 1440 4843 non
1462 4783 1677 4858 contentus,
1692 4767 1815 4845 dictus
1829 4765 2034 4847 Gausridus
2052 4764 2101 4842 ad
2114 4764 2321 4873 predictum

902 4894 1064 5001 burgum
1088 4893 1297 4971 d’Alamans
1317 4896 1484 4986 accessit,
1507 4914 1545 4973 et
1559 4896 1704 4974 ibidem
1724 4897 1875 4974 intravit
1887 4923 1956 5003 per
1973 4894 2207 4984 violenciam,
2224 4893 2323 4971 fran-

902 5024 1025 5129 gendo
1055 5040 1179 5130 portas
1205 5023 1294 5102 dicti
1320 5025 1446 5133 burgi,
1471 5030 1558 5104 niun
1577 5028 1823 5106 multitudine
1849 5027 2047 5105 hominum
2074 5044 2322 5117 armatorum,

902 5183 980 5232 non
995 5154 1165 5233 obstante
1179 5154 1294 5232 eciam
1312 5156 1418 5262 quod
1430 5157 1556 5235 dictus
1570 5159 1732 5237 serviens
1743 5176 1870 5236 noster
1883 5157 2025 5235 ibidem
2037 5184 2206 5265 presens,
2222 5155 2326 5235 dicto

902 5284 1101 5372 Gaulrido,
1120 5286 1336 5362 auctoritate
1358 5304 1499 5378 nostra,
1522 5288 1711 5367 inhiberet
1728 5290 1802 5367 hoc
1822 5288 1961 5376 eidem,
1983 5305 2163 5395 quantum
2182 5305 2321 5391 posset.

902 5420 1009 5507 Item,
1027 5415 1130 5521 quod
1148 5415 1270 5495 dictus
1284 5413 1502 5505 Gausridus,
1521 5418 1614 5495 mala
1632 5418 1740 5497 malis
1757 5417 2010 5511 accumulans,
2027 5418 2129 5495 dicto
2145 5416 2326 5524 episcopo
