5817 7292
871 1132 944 1204 350
1170 1165 1178 1176 ·
1447 1128 1537 1200 LES
1568 1126 1709 1201 OLIM.

644 1292 774 1345 aarum
787 1280 830 1341 tv,
867 1301 976 1362 uem,
992 1272 1121 1380 plures
1140 1285 1368 1377 proponeret
1387 1268 1583 1347 raciones:
1602 1267 1751 1346 Auditis
1769 1269 1859 1346 hinc
1878 1269 1967 1347 inde
1989 1272 2202 1376 propositis,
2221 1301 2290 1379 per

706 1380 769 1422 ¹³⁰⁸·
869 1406 971 1485 auae
992 1422 1118 1482 nosue
1133 1402 1338 1511 judicium,
1366 1400 1530 1478 enarras
1550 1400 1622 1478 aar
1642 1400 1860 1480 informatio
1880 1402 2067 1508 prestat,
2092 1421 2129 1482 a
2148 1403 2290 1506 aruum

869 1537 941 1616 tuit
959 1535 1064 1643 quod
1076 1561 1146 1641 per
1157 1531 1404 1611 senescallum
1420 1531 1781 1638 Petragoricensern,
1796 1531 1854 1610 uel
1869 1531 1985 1610 alium
1998 1561 2112 1640 super
2123 1533 2197 1612 boo
2210 1563 2293 1640 spe·

869 1667 1011 1745 cialiter
1025 1695 1046 1742 a
1059 1665 1161 1742 curia
1174 1663 1454 1770 deputandum,
1473 1691 1586 1768 super
1600 1661 1799 1768 predictis,
1815 1664 1955 1742 vocatis
1974 1663 2143 1770 partibus
2158 1681 2196 1742 et
2210 1692 2293 1770 pro

868 1817 1038 1877 curatore
1061 1812 1209 1884 nostro,
1232 1793 1368 1871 veritas
1389 1793 1603 1899 inquiretur
1625 1821 1739 1898 super
1756 1793 1904 1871 eisdem
1926 1793 2093 1872 articulis
2115 1794 2183 1900 qui
2207 1821 2293 1872 con-

866 1933 1036 2010 tinentur
1054 1929 1094 2004 in
1113 1923 1384 2004 informatione
1399 1924 1586 2031 predicta,
1609 1940 1647 2002 et
1666 1921 1887 2004 informante
1907 1951 1982 2036 que
2002 1925 2206 2032 superbae
2226 1922 2292 2002 liet

867 2061 1081 2137 remittetur
1093 2056 1142 2133 ad
1158 2055 1299 2132 curiam
1307 2053 1524 2162 judicanda.

923 2189 1120 2268 Dominica
1136 2204 1222 2295 post
1240 2185 1506 2264 Reminisoere.

926 2453 1064 2532 xcvtl.
1086 2451 1183 2529 Cum
1195 2451 1327 2526 Petrus
1336 2449 1389 2525 ad
1404 2447 1646 2540 Parisienses,
1664 2475 1708 2525 ex
1726 2466 1832 2556 parte
1847 2449 1992 2526 domini
2003 2449 2130 2556 Regis,
2145 2448 2192 2525 ad
2208 2475 2293 2524 cus·

869 2578 1012 2663 todiam
1031 2600 1071 2661 et
1086 2582 1257 2689 reginaen
1276 2580 1466 2658 bonorum
1483 2579 1754 2686 temporalium
1779 2579 1994 2658 monasterii
2019 2578 2294 2660 Sancte-Geno-

869 2715 951 2793 vele
970 2710 1184 2792 Parisiensis
1203 2709 1338 2787 abbate
1355 2711 1536 2799 vacantis,
1555 2729 1593 2788 ot
1612 2711 1660 2788 ad
1679 2739 1858 2818 personas
1872 2712 1990 2819 ipsius
2008 2709 2226 2789 monasterii
2246 2709 2294 2786 ab
2409 2721 2412 2732 '

870 2845 1017 2953 injuriis
1043 2862 1082 2922 et
1099 2841 1291 2920 uolenciis
1316 2839 1592 2932 defundendas,
1615 2859 1771 2950 propter
1795 2843 2023 2922 discordiam
2050 2867 2294 2949 personarum

873 2974 962 3052 dicti
977 2973 1209 3062 monasterii,
1226 2989 1351 3078 partes
1364 2973 1566 3051 contrarias
1581 2974 1681 3052 inter
1694 3001 1735 3053 se
1746 2973 1987 3066 laciencium,
1999 2975 2200 3080 deputatus
2212 2971 2298 3049 fuis-

873 3121 950 3191 set,
965 3103 1120 3181 tandem
1142 3102 1345 3179 camerario
1365 3101 1456 3178 dicti
1472 3104 1691 3180 monasterii
1711 3121 1751 3181 et
1766 3104 1838 3180 sibi
1854 3104 2126 3182 adherentibus
2138 3103 2186 3179 de
2207 3099 2297 3179 dicti

867 3236 973 3322 ‚Petri
993 3233 1320 3314 administratione
1340 3232 1506 3338 predicta
1524 3234 1860 3340 conquerentibus,
1879 3251 1917 3312 et
1932 3235 2014 3340 ipso
2034 3235 2146 3310 Petro
2166 3231 2298 3308 edicta

875 3363 1201 3444 administracionis
1219 3379 1408 3454 revocato,
1429 3379 1468 3439 et
1488 3381 1641 3470 petente
1657 3361 1784 3441 misius
1805 3390 1896 3470 quas
1914 3364 1994 3468 ipse
2014 3363 2053 3439 in
2074 3359 2297 3469 hujusmodi

875 3497 1110 3583 laceratum
1123 3520 1212 3571 cum
1226 3493 1358 3571 salario
1372 3494 1618 3602 competenti,
1631 3493 1702 3570 sibi
1716 3493 1843 3580 reddi,
1855 3491 2297 3599 precepitdominusllea

874 3653 989 3732 super
998 3624 1190 3733 premissis
1199 3624 1392 3712 omnibus,
1403 3625 1543 3703 vocans
1552 3623 1940 3732 partibusve-intem
1951 3621 2090 3730 inquiri
2104 3621 2297 3729 :lnquesta

876 3757 1001 3866 igitur,
1022 3759 1159 3834 vocatis
1179 3755 1348 3862 partibus
1369 3773 1408 3834 et
1425 3757 1583 3849 auditis,
1601 3754 1699 3834 lacta
1715 3781 1829 3863 super
1846 3754 1920 3832 hiis
1936 3754 1985 3832 ad
2009 3752 2151 3831 curiam
2168 3779 2299 3856 repor-

875 3905 967 3975 tata,
989 3888 1063 3964 visa
1081 3903 1121 3965 et
1133 3886 1333 3996 diligenter
1346 3887 1572 3976 examinata,
1591 3915 1661 3994 per
1676 3886 1778 3964 curie
1793 3903 1920 3963 nostre
1930 3883 2136 3991 judicium,
2154 3881 2299 3958 dictum

875 4019 951 4096 fuit
967 4035 1006 4095 et
1025 4006 1316 4126 pronunciatum
1335 4017 1549 4124 predictum
1569 4019 1721 4096 Petrum
1742 4016 1841 4095 bene
1860 4033 1901 4094 et
1918 4012 2159 4093 laudabiliter
2177 4039 2216 4089 se
2236 4009 2300 4088 ha-

877 4149 1002 4226 buisse
1020 4148 1060 4226 in
1080 4148 1409 4228 administracione
1429 4149 1615 4255 predicta,
1638 4166 1677 4226 et
1695 4149 1799 4255 quod
1820 4163 2027 4226 conventus
2047 4144 2135 4221 dicti
2155 4167 2302 4220 monas-

877 4279 961 4355 terii
982 4280 1107 4360 eidem
1126 4281 1262 4358 reddet
1284 4280 1382 4358 illud
1399 4281 1440 4356 in
1456 4307 1552 4387 quo,
1566 4280 1717 4358 racione
1738 4279 1836 4357 dida
1853 4274 2207 4365 administracionis,
2229 4270 2300 4350 sibi

878 4425 1039 4497 tenetur,
1057 4437 1124 4516 per
1137 4428 1357 4516 compotum
1372 4393 1602 4518 legittimum
1613 4409 1753 4486 lactum
1762 4409 1843 4516 jam
1859 4436 1972 4516 super
1982 4409 2055 4486 boc
2068 4407 2167 4484 inter
2181 4406 2298 4510 ipsos,

881 4552 919 4612 et
937 4537 1042 4643 quod
1060 4540 1265 4618 creditores
1282 4539 1371 4617 dicti
1392 4539 1628 4631 monasterii,
1644 4567 1733 4646 erga
1751 4567 1849 4646 quos
1867 4538 1990 4616 dictus
2003 4539 2136 4616 Petrus
2154 4534 2301 4643 predic-

880 4684 963 4744 tum
983 4687 1206 4746 conventum
1227 4671 1445 4777 acquitavit,
1462 4671 1541 4776 ipse
1562 4669 1672 4746 faciet
1687 4698 1812 4747 coram
1826 4670 1883 4748 eis
1896 4670 2024 4748 venire
2038 4711 2050 4760 ,·
2061 4683 2233 4775 presente
2253 4665 2301 4741 ad

881 4797 955 4873 hoc
974 4799 1149 4906 magistro
1169 4801 1304 4908 Egidio
1328 4801 1377 4878 de
1398 4801 1578 4890 Remino,
1599 4829 1714 4907 quem
1735 4801 1783 4880 ad
1805 4801 1879 4877 hoc
1898 4801 1998 4878 curia
2023 4796 2231 4904 deputavit,
2253 4794 2301 4871 ad

882 4927 1141 5006 confitendum
1162 4930 1351 5009 dictorum
1373 4932 1589 5009 debitorum
1608 4930 1843 5010 solucionem
1858 4932 1913 5009 eis
1932 4929 2086 5018 factam,
2104 4944 2167 5005 aut
2185 4925 2303 5005 bonas

881 5058 1023 5136 litteras
1042 5059 1232 5137 Castelleti
1259 5087 1374 5167 snper
1392 5061 1466 5138 hoc
1489 5061 1630 5140 reddet
1648 5062 1849 5142 conventui
1871 5060 2060 5168 predictos
2082 5060 2174 5158 item
2199 5054 2305 5163 quod

883 5188 1007 5265 dietus
1022 5208 1226 5268 conventus
1239 5191 1410 5296 predicto
1423 5193 1554 5282 Petro,
1571 5220 1641 5298 pro
1656 5193 1790 5271 salario
1806 5220 1893 5280 suo,
1910 5193 2059 5269 racione
2070 5186 2306 5266 administra·

885 5319 1001 5396 cionis
1015 5318 1202 5425 predicte,
1224 5321 1361 5398 reddet
1379 5339 1532 5399 centum
1550 5322 1666 5401 libras
1685 5322 1966 5402 Turonensinm
1989 5322 2189 5399 bonorum.

940 5450 1137 5528 Dominiea
1152 5451 1192 5526 in
1212 5450 1338 5529 media
1351 5453 1656 5564 Quadragesima.
