5817 7292
1027 1122 1295 1230 saoneres
1322 1140 1384 1212 ar
1410 1122 1617 1213 esoces.
1955 1140 2028 1213 aar

613 1286 652 1361 in
673 1313 716 1361 ea
735 1302 918 1390 repertos,
941 1312 1017 1361 non
1039 1281 1272 1391 judicabitur
1296 1280 1343 1357 ad
1366 1308 1537 1387 presens,
1558 1278 1626 1357 sed
1644 1278 1922 1386 supplebuntur
1938 1281 2028 1357 dicti
2061 1296 2192 1349 Patr-rm
2212 1296 2254 1357 tv,

616 1414 798 1505 delectus,
814 1432 867 1504 et,
883 1416 930 1493 ad
951 1444 1015 1493 eos
1036 1412 1281 1522 supplendos,
1298 1412 1537 1490 renovabitur
1553 1409 1767 1488 commissio
1786 1410 1835 1486 ad
1855 1410 1947 1487 alios
1967 1440 2031 1487 au·
2131 1389 2194 1431 Μ’

615 1546 772 1635 ditores,
789 1546 927 1652 quibus
943 1546 1141 1624 mittentur
1155 1545 1245 1622 dicti
1264 1544 1431 1621 delectus
1446 1570 1622 1620 unacum
1637 1542 1899 1619 commissione
1919 1558 1957 1617 et
1974 1543 2031 1617 in·

614 1693 742 1782 questa
762 1676 955 1783 predictis,
980 1694 1017 1753 et
1032 1674 1272 1755 mandabitur
1286 1675 1339 1751 eis
1354 1674 1459 1781 qnod
1473 1674 1686 1779 inquestam
1701 1671 1907 1778 predictam
1920 1699 2033 1776 super

614 1805 723 1883 dictis
742 1806 966 1897 defectibus,
987 1805 1154 1885 totaliter
1164 1804 1366 1912 perfectam
1382 1822 1421 1882 et
1438 1804 1680 1911 completam,
1694 1802 1884 1881 remittant
1904 1801 1951 1877 ad
1971 1829 2034 1878 cu-

614 1937 707 2012 riam
722 1936 980 2044 judicandam.
1367 1929 1369 1935 ⁵

667 2066 766 2144 lovis
784 2083 871 2171 post
889 2065 1038 2153 octabas
1051 2065 1271 2172 Epipbanie.

668 2194 938 2274 Committatur
956 2197 1006 2274 Μ.
1028 2197 1059 2272 J.
1082 2196 1267 2303 delloya,
1291 2195 1356 2302 qui
1379 2225 1460 2273 eam
1480 2196 1575 2272 vidit
1594 2214 1632 2273 et
1651 2194 1777 2272 babet.

667 2327 948 2433 Interrogentur
958 2341 1087 2416 testes,
1102 2342 1179 2401 tarn
1195 2324 1358 2433 episcopi
1375 2354 1489 2433 quam
1507 2325 1654 2417 militis,
1670 2323 1880 2432 specialiter
1898 2323 1954 2399 illi
1968 2325 2033 2430 qui

613 2458 808 2563 deponunt
822 2456 868 2533 de
884 2456 1018 2533 saisina
1032 2455 1130 2533 dicte
1144 2456 1499 2546 administracionis,
1515 2456 1563 2533 de
1574 2484 1682 2533 causa
1692 2453 1868 2544 sciencie,
1882 2455 1930 2531 de
1943 2472 2036 2530 tem·

611 2615 719 2692 pore,
738 2587 786 2664 de
807 2585 1044 2692 apposicione
1064 2614 1198 2661 manus
1210 2585 1334 2691 Regis,
1354 2586 1508 2692 quando
1527 2584 1600 2663 fuit
1618 2586 1806 2691 apposita,
1829 2600 1868 2663 et
1880 2601 2035 2691 propter

485 2764 487 2769 ·
611 2718 715 2822 quod
730 2715 929 2805 debatum;
947 2714 1037 2791 item
1052 2714 1138 2820 quis
1154 2742 1288 2792 eorum
1302 2733 1380 2791 erat
1394 2718 1433 2790 in
1447 2714 1581 2793 saisina
1595 2732 1767 2819 tempore
1786 2714 1885 2791 dicte
1902 2742 2035 2790 manus

612 2846 795 2951 apposite,
814 2860 852 2921 et
864 2873 933 2949 per
944 2843 1050 2951 quod
1065 2860 1216 2950 tempus
1230 2860 1315 2921 ante
1333 2843 1454 2922 luerat
1468 2843 1507 2920 in
1524 2844 1622 2921 dicta
1638 2842 1788 2931 saisina,
1801 2860 1839 2919 et
1849 2842 1880 2919 si
1893 2842 2033 2918 sciente

611 2991 715 3079 parte
743 2974 895 3052 adversa
921 2974 979 3051 vel
1005 2972 1099 3051 scire
1123 2973 1268 3050 valente
1291 3002 1359 3051 seu
1383 2973 1631 3063 clandestine;
1651 2974 1759 3066 item,
1788 2972 2032 3050 demandato

611 3103 765 3181 illorum
786 3104 853 3209 qni
872 3103 1063 3208 ponebant
1075 3103 1133 3182 vel
1145 3104 1389 3210 deponebant
1403 3104 1548 3183 ibidem
1564 3104 1777 3212 magistros,
1794 3105 1824 3181 si
1844 3102 1952 3210 quod
1966 3103 2032 3178 ha-

610 3232 750 3311 bebant
769 3242 881 3338 super
901 3234 1012 3310 hoca
1034 3233 1143 3310 dictis
1162 3233 1340 3323 dominis,
1363 3251 1402 3310 et
1420 3233 1523 3310 idem
1543 3234 1593 3310 de
1611 3232 1689 3310 illis
1707 3234 1773 3339 qui
1796 3231 2033 3339 corrigebant

608 3363 666 3440 vel
687 3362 891 3441 audiebant
910 3380 1128 3468 compotum
1149 3363 1490 3441 administracionis
1509 3363 1610 3440 dicte
1629 3361 1783 3450 domus,
1806 3379 1844 3438 et
1861 3360 1945 3437 aliis
1964 3361 2034 3437 cir·

610 3492 830 3573 constanciis
851 3492 897 3567 ad
916 3492 1121 3601 negocium
1137 3493 1406 3599 spectantibus,
1429 3492 1631 3599 diligenter
1648 3491 1873 3598 inquiratur.

664 3756 723 3831 [Χ.
754 3756 851 3843 Cum
883 3754 1092 3860 capicerius
1112 3753 1393 3831 Aurelianensis
1418 3752 1572 3830 ecclesie
1605 3770 1786 3832 assereret
1815 3780 1854 3830 se
1884 3779 1966 3828 esse
1992 3754 2031 3828 in

608 3884 706 3961 bona
722 3884 871 3972 saisina,
893 3900 970 3961 tarn
988 3912 1058 3989 per
1078 3912 1116 3961 se
1137 3912 1249 3989 quam
1263 3907 1332 3989 per
1350 3901 1602 3961 antecessores
1616 3909 1722 3970 suos,
1740 3879 1910 3985 capiendi
1929 3882 2030 3987 apud

610 4040 871 4117 quoscumque
890 4014 1098 4091 vendentes
1121 4014 1159 4090 in
1183 4031 1282 4089 terra
1307 4032 1433 4091 nostra
1453 4031 1491 4090 et
1515 4011 1605 4089 alibi
1630 4009 1849 4099 Aureliano,
1876 4027 2027 4115 excepto

610 4130 769 4218 claustro
789 4141 1085 4233 Sancti-Auiani,
1103 4172 1226 4221 ceram
1242 4161 1432 4249 operatam
1448 4144 1496 4221 ad
1508 4142 1765 4229 vendendum,
1782 4140 1861 4217 sine
1874 4140 2030 4218 licencia

611 4299 693 4361 sua,
714 4288 907 4378 tamquam
931 4274 1001 4351 sibi
1022 4274 1239 4380 acquisitam
1263 4302 1335 4351 seu
1351 4273 1607 4360 commissam,
1636 4272 1876 4377 presentibus
1903 4289 2030 4349 tamen

609 4401 657 4476 ad
677 4401 749 4479 boc
768 4403 905 4479 nostris
928 4403 1103 4509 gentibus
1124 4422 1161 4481 et
1179 4403 1333 4495 vocatis,
1354 4432 1423 4509 pro
1445 4401 1642 4494 violencia,
1663 4402 1694 4477 si
1714 4430 1783 4507 per
1805 4400 1952 4507 aliquos
1972 4432 2031 4479 re-

610 4532 889 4622 sistentes-sibi,
911 4549 954 4609 ut
973 4533 1214 4637 premittitur,
1243 4532 1402 4639 capienti
1429 4532 1537 4610 lieret
1562 4532 1788 4620 amovenda,
1811 4530 2028 4639 diceretque

610 4688 648 4738 se
668 4688 737 4768 per
754 4659 934 4739 ballivum
954 4678 1126 4739 nostmm
1146 4663 1453 4741 Aurelianensem
1473 4662 1600 4741 minus
1618 4661 1895 4740 racionabiliter
1913 4663 2032 4769 impe-

610 4790 685 4867 diri·
697 4791 736 4867 in
752 4791 919 4898 predicta
935 4792 1069 4869 saisina
1083 4793 1183 4901 juris
1201 4793 1337 4870 dictam
1354 4822 1496 4883 ceram,
1517 4810 1560 4869 ut
1579 4792 1819 4900 premittitur,
1840 4793 2027 4899 capiendi,

609 4950 649 4997 ac
660 4939 806 5027 peteret
817 4922 1037 5029 hujusmodi
1049 4923 1380 5029 impedimentum,
1394 4953 1461 5030 per
1471 4924 1596 5030 ipsum
1608 4923 1786 5001 ballivum
1797 4923 2024 5030 appositum,

609 5054 787 5143 amoveri,
811 5053 912 5131 dicto
929 5053 1065 5131 ballivo
1085 5084 1154 5162 pro
1175 5055 1285 5133 nobis
1307 5073 1345 5132 et
1363 5072 1493 5133 nostro
1513 5055 1667 5132 nomine
1688 5055 1916 5167 contrarium
1931 5082 2028 5131 asse·

608 5200 713 5261 rente
728 5216 736 5259 ε
751 5185 940 5274 Tandem,
965 5184 1041 5263 visa
1065 5185 1238 5293 inquesta
1263 5214 1375 5293 super
1398 5186 1470 5262 boc
1495 5185 1743 5268 demandato
1762 5203 1890 5262 nostro
1914 5183 2024 5274 sacta,

607 5342 675 5418 per
700 5314 803 5391 curie
823 5333 948 5393 nostre
963 5314 1167 5424 judicium,
1191 5316 1335 5395 dictum
1355 5315 1426 5393 luit
1446 5314 1632 5422 prefatum
1651 5315 1965 5422 impedimentum
1985 5313 2024 5386 in

608 5441 709 5521 dicta
724 5445 856 5524 saisina
872 5447 969 5553 juris
988 5446 1157 5554 predicto
1182 5447 1297 5525 modo
1322 5446 1492 5553 capiendi
1519 5475 1641 5525 ceram
1661 5462 1850 5552 operatam
1871 5443 1918 5519 ad
1937 5467 2024 5516 ven·
