5817 7292
1042 1098 1310 1204 euoutrss
1336 1116 1399 1189 nr
1426 1098 1634 1191 raeces.
1977 1120 2047 1189 107

629 1257 709 1335 sina
720 1256 994 1362 predictorum,
1010 1283 1079 1363 pro
1094 1275 1197 1364 parte
1209 1285 1275 1335 eos
1290 1258 1549 1366 contingente,
1565 1257 1613 1334 de
1628 1256 1809 1363 predictis
1824 1258 1963 1365 injuste
1976 1259 2050 1335 im·
2088 1266 2217 1321 Pumm
2230 1266 2274 1329 [V.

628 1387 847 1494 pediverant
866 1405 905 1465 et
924 1388 1182 1495 impediebant
1201 1405 1239 1467 et
1256 1389 1406 1481 ibidem,
1421 1389 1559 1467 multas
1572 1390 1705 1495 prisias
1722 1387 1886 1465 fecerant
1904 1420 1974 1496 per
1988 1420 2047 1479 se,
2148 1359 2212 1402 m

630 1518 712 1599 siue
737 1516 848 1595 dictis
873 1517 1056 1625 religiosis
1079 1521 1136 1598 vel
1159 1520 1316 1600 allocato
1336 1550 1486 1613 eorum,
1507 1521 1676 1628 predicta
1702 1521 1742 1597 in
1767 1520 1937 1627 ipsorum
1960 1522 2052 1600 reli·

631 1650 823 1757 giosorum
840 1650 1094 1758 prejudicium
1113 1654 1385 1758 attemptando,
1405 1670 1444 1729 et
1459 1652 1576 1731 eciam
1596 1681 1752 1729 manum
1773 1668 1940 1729 nostram
1954 1651 2054 1729 fran-

631 1779 771 1889 gendo,
788 1808 879 1887 que,
897 1799 1051 1889 propter
1063 1782 1245 1861 debatum
1260 1785 1445 1892 parcium,
1462 1801 1543 1862 erat
1557 1801 1596 1863 et
1614 1784 1738 1861 adhuc
1755 1800 1811 1861 est
1828 1784 1996 1890 apposita
2013 1785 2054 1860 in

630 1912 827 2019 predictis,
842 1928 1090 2021 peterentque
1104 1914 1192 1992 dicti
1204 1915 1370 2025 religiosi
1382 1916 1548 2023 predicta
1563 1916 1855 2022 impedimenta,
1870 1915 2055 1991 incorum

631 2042 795 2121 alticulis
808 2042 958 2150 plenius
970 2071 1155 2152 expressa,
1170 2048 1355 2137 amoveri,
1370 2048 1577 2154 prisiasque
1592 2048 1779 2154 predictas
1792 2047 1840 2124 ad
1855 2046 1982 2124 locum
1996 2076 2057 2124 re·

630 2174 738 2281 poni,
751 2192 790 2252 et
805 2173 1026 2279 hujusmodi
1042 2192 1258 2282 attemptata
1269 2177 1315 2254 ad
1332 2176 1505 2255 debitum
1519 2195 1658 2256 statum
1670 2180 1818 2270 reduci,
1833 2178 2055 2283 acdampna

630 2332 699 2410 per
713 2305 800 2393 hoc,
818 2322 861 2381 ut
875 2306 1069 2398 dicebant,
1087 2308 1159 2386 sibi
1174 2308 1278 2385 illata
1291 2338 1360 2415 per
1374 2308 1476 2415 ipsos
1490 2308 1737 2403 Pictarenses,
1755 2336 1878 2417 usque
1892 2309 1941 2386 ad
1948 2337 2057 2385 sum·

631 2464 732 2511 mam
756 2454 909 2515 centum
932 2440 1167 2517 marchamm
1186 2440 1330 2549 argenti
1354 2440 1425 2518 sibi
1444 2441 1581 2519 reddi:
1602 2442 1788 2534 Tandem,
1808 2440 1949 2518 auditis
1967 2440 2058 2517 hinc

632 2566 722 2645 inde
741 2568 944 2676 propositis
965 2586 1003 2647 et
1019 2571 1097 2648 risa
1115 2571 1289 2679 inquesta
1307 2600 1421 2679 super
1440 2572 1530 2662 hiis,
1548 2573 1791 2651 demandato
1811 2573 1914 2649 curie
1928 2588 2057 2648 nostre

632 2697 743 2791 lacta,
765 2729 834 2805 per
856 2700 975 2807 ipsius
999 2702 1102 2779 curie
1126 2720 1254 2780 nostre
1273 2702 1479 2809 judicium,
1506 2703 1652 2780 dictum
1675 2703 1748 2780 fuit
1771 2721 1809 2779 et
1831 2702 2059 2808 pronuncia-

632 2845 716 2905 tum
734 2831 923 2935 predictos
942 2832 1138 2939 religiosos
1158 2832 1413 2909 intencionem
1434 2860 1540 2910 suam
1559 2861 1674 2938 super
1690 2832 1823 2909 saisina
1839 2832 2006 2937 predicta
2021 2849 2059 2909 et

634 2960 950 3066 impedimentum
965 2961 1196 3041 sufficienter
1207 2962 1403 3070 probasse,
1419 2962 1593 3070 dictaque
1607 2963 1878 3070 impedimenta
1895 2962 2058 3039 amoveri

635 3090 791 3182 debere,
811 3092 1003 3201 dictasque
1017 3094 1150 3201 prisias
1168 3124 1236 3201 per
1254 3096 1487 3172 Pictavenses
1505 3095 1696 3201 predictos
1710 3087 1754 3172 'in
1774 3094 1953 3201 predictis
1967 3094 2061 3171 locis

634 3223 916 3314 communibus,
943 3224 1086 3332 absque
1111 3225 1220 3302 dictis
1243 3225 1429 3333 religiosis
1447 3224 1507 3301 vel
1528 3252 1660 3301 eorum
1679 3224 1854 3314 allocato,
1877 3224 2007 3315 lactas,
2029 3225 2060 3300 si

535 3341 537 3347 ¹
635 3372 780 3447 extent,
796 3356 963 3462 alioquin
981 3384 1112 3434 aarum
1127 3356 1291 3433 valorem
1304 3354 1510 3433 dividendo
1525 3355 1626 3432 inter
1640 3355 1757 3460 ipsos,
1772 3354 1913 3431 debere
1927 3356 2061 3460 reponi

635 3485 683 3562 ad
697 3485 841 3578 locum,
859 3503 898 3565 et
911 3503 1128 3595 attemptata
1141 3516 1210 3595 per
1230 3488 1330 3594 ipsos
1348 3488 1580 3565 Pictarenses
1593 3486 1643 3562 ad
1656 3504 1796 3563 statum
1811 3485 1986 3565 debitum
2002 3512 2064 3562 re·

636 3616 740 3710 duci,
754 3646 869 3695 manu
881 3636 1024 3709 nostra,
1041 3634 1196 3727 propter
1211 3620 1357 3697 dictum
1373 3618 1552 3697 debatum
1567 3618 1734 3724 apposita
1748 3618 1788 3695 in
1800 3618 1980 3724 predictis
1993 3644 2062 3723 pro

635 3749 825 3853 premissis
844 3748 1115 3857 adimplendis,
1137 3750 1225 3829 inde
1244 3752 1350 3858 prius
1371 3750 1589 3827 amovenda.
1609 3751 1713 3855 Ipsos
1731 3767 1858 3827 tamen
1877 3748 2065 3825 Pictaven·

636 3904 695 3956 ses
715 3906 737 3954 a
756 3880 943 3986 peticione
965 3881 1151 3959 dictarum
1175 3900 1328 3960 centum
1354 3882 1609 3968 marcharum,
1631 3881 1783 3958 racione
1811 3882 2063 3987 dampnorum

637 4008 858 4113 petitorum,
875 4040 962 4090 cum
977 4012 1075 4090 dicta
1088 4012 1249 4121 dampna
1261 4014 1356 4091 adeo
1370 4010 1602 4091 sufficienter
1612 4011 1718 4117 quod
1731 4010 1770 4086 in
1784 4011 1838 4087 eis
1850 4009 1986 4087 debeat
1997 4038 2066 4115 per

639 4140 781 4217 curiam
794 4158 960 4219 nostram
973 4142 1057 4221 lieri
1071 4144 1368 4251 condempnacio
1383 4143 1539 4249 probata
1553 4170 1632 4219 non
1646 4140 1807 4232 fuerint,
1823 4140 2063 4217 absolvendo.

638 4272 696 4349 De
716 4298 813 4377 pena
829 4300 918 4350 vero
938 4274 1107 4382 quinque
1127 4274 1291 4352 millium
1310 4273 1493 4351 librarum
1511 4270 1811 4363 Turonensium,
1831 4298 1906 4377 que
1927 4270 2066 4347 dicitur

641 4402 824 4481 contineri
842 4403 881 4480 in
896 4404 1019 4481 littera
1038 4405 1201 4512 quadam
1219 4404 1386 4483 confecta
1405 4432 1520 4511 super
1536 4399 1855 4481 convencionibus
1872 4399 2065 4507 quondam

639 4562 753 4641 super
772 4534 883 4613 dictis
905 4534 1019 4613 rebus
1044 4536 1211 4614 ethonis
1230 4536 1368 4615 habitis
1392 4537 1492 4613 inter
1510 4535 1632 4613 dictos
1650 4533 1899 4619 Pictavenses,
1920 4558 1966 4608 ex
1988 4560 2066 4609 uua

639 4682 763 4771 parte,
790 4682 828 4743 et
850 4667 1040 4773 predictos
1063 4668 1239 4746 Odonem
1264 4685 1301 4745 ct
1323 4667 1564 4758 Francisiam,
1592 4694 1636 4742 ex
1660 4664 1791 4754 altera,
1812 4664 1921 4771 cujus
1941 4662 2066 4741 littere

639 4798 902 4905 transcriptum
917 4798 958 4874 iu
969 4796 1143 4905 inquesta
1157 4799 1371 4877 continetur
1383 4798 1568 4905 predicta,
1584 4799 1685 4875 curia
1696 4813 1824 4875 nostra
1837 4794 1954 4873 nichil
1972 4794 2067 4872 dixit

642 4927 691 5007 ad
709 4958 873 5037 presens.

698 5062 876 5140 Mercurii
895 5079 981 5139 ante
1000 5063 1151 5140 Pascha.

698 5192 872 5273 Boocllus
889 5194 1104 5300 reportavit.

700 5455 824 5533 LXlll.
854 5459 967 5547 Cum,
990 5486 1033 5537 ex
1059 5476 1161 5565 parte
1180 5457 1406 5547 Fortunati,
1433 5457 1581 5537 domini
1605 5457 1655 5534 de
1678 5452 1892 5541 Gordonio‚
1917 5447 2066 5539 militis,

1899 5607 1944 5672 td.
