5817 7292
892 1030 965 1103 680
1470 1027 1560 1099 tes
1588 1020 1728 1097 OLIM.

666 1175 851 1239 rnnmtv,
891 1165 983 1245 lacta
1004 1185 1042 1245 et
1060 1164 1373 1275 adjudicandum
1391 1182 1517 1243 nostre
1538 1164 1639 1243 cvnie
1662 1176 1866 1267 reportata,
1890 1158 2106 1265 auditisque
2129 1160 2168 1237 in
2185 1163 2307 1269 parla-

727 1266 790 1308 Μ’
891 1296 1018 1376 mento
1034 1297 1197 1404 presenti
1214 1295 1384 1403 partibus
1396 1294 1608 1382 antedictis,
1624 1307 1662 1369 et
1672 1292 1748 1367 visa
1761 1289 1859 1367 diota
1870 1288 2061 1395 inquesta,
2078 1319 2164 1367 cum
2179 1311 2305 1373 nostre

892 1429 993 1507 curie
1014 1429 1161 1535 liquido
1181 1427 1389 1505 constiterit
1401 1456 1470 1532 per
1485 1424 1653 1531 predicta
1668 1420 1772 1529 quod
1793 1419 1882 1498 dicti
1903 1422 2067 1527 episcopi
2087 1424 2205 1513 curia,
2228 1425 2306 1502 dic-

890 1576 970 1636 tum
993 1558 1109 1635 duelli
1130 1558 1281 1665 gagium
1300 1556 1568 1663 adjudicando,
1588 1580 1757 1661 expresse
1772 1550 1859 1628 lecit
1876 1565 2004 1628 contra
2023 1539 2306 1665 ordinacionem

890 1706 1054 1766 nostram
1067 1687 1273 1794 predictam
1286 1714 1399 1792 super
1407 1684 1525 1793 gagiis
1534 1681 1750 1760 duellorum
1762 1681 1909 1758 notorie
1924 1698 1962 1758 et
1969 1680 2175 1762 solenniter
2186 1686 2308 1791 publi·

890 1834 1023 1907 catam,
1041 1818 1144 1894 curia
1163 1833 1303 1905 nostra,
1326 1844 1394 1921 per
1405 1814 1595 1922 judicium
1608 1841 1739 1901 suum,
1757 1839 1911 1889 omnem
1928 1839 2146 1917 processum
2160 1815 2308 1920 predio·

890 1966 988 2037 tum,
1014 1977 1127 2055 super
1145 1947 1244 2024 dicto
1268 1946 1386 2024 duelli
1402 1945 1510 2053 gagio
1524 1944 1714 2034 habitum,
1732 1941 1895 2020 totaliter
1913 1942 2106 2031 enullavit,
2125 1960 2163 2020 et
2178 1974 2307 2051 prece-

890 2079 945 2184 pit
959 2078 1063 2185 quod
1074 2077 1182 2154 dictis
1197 2074 1380 2153 scutiferis
1396 2075 1486 2152 dicti
1502 2075 1589 2181 equi
1605 2090 1644 2149 et
1657 2100 1760 2149 arma
1775 2088 1815 2148 et
1828 2071 1900 2149 alia
1911 2099 2044 2149 eorum
2054 2072 2165 2167 bona,
2183 2076 2215 2151 si
2227 2106 2303 2183 que

889 2226 1043 2315 propter
1057 2208 1131 2285 hoc
1146 2206 1397 2295 detineantur,
1413 2206 1554 2311 absque
1573 2201 1808 2291 difficultate,
1828 2200 2035 2279 reddantur
2050 2218 2087 2280 et
2106 2204 2302 2283 cauciones

890 2367 998 2445 quas,
1026 2366 1095 2444 pro
1125 2337 1224 2414 dicta
1251 2335 1488 2414 recredencia
1510 2333 1770 2422 tradiderunt,
1800 2361 1842 2408 er
1872 2330 2018 2441 integro
2046 2331 2304 2411 deliberentur

890 2468 1048 2558 eisdem,
1063 2465 1242 2573 quodque
1260 2464 1381 2543 dictus
1394 2464 1589 2570 episcopus
1603 2461 1821 2569 hujusmodi
1834 2460 1974 2539 factum
1988 2461 2097 2539 nobis
2115 2463 2300 2542 emendet.

943 2596 1100 2676 Veneris
1115 2612 1201 2702 post
1213 2595 1450 2703 quendenam
1464 2593 1741 2672 Penthecostes.

943 2728 1045 2835 Roya
1064 2725 1275 2832 reportavit.

944 2988 1067 3071 XLVI.
1099 2986 1199 3066 Cum
1219 2984 1469 3095 significatum
1484 2984 1592 3062 nobis
1605 2982 1756 3072 diisset,
1774 3013 1814 3060 ex
1832 2999 1935 3089 parte
1956 2984 2087 3064 decani
2102 3004 2140 3063 et
2154 2986 2307 3093 capituli

889 3118 1199 3228 Ebroycensium,
1217 3115 1257 3193 in
1276 3114 1426 3222 speciali
1442 3115 1555 3221 garda
1568 3129 1692 3191 nostra
1707 3113 1966 3205 existendum,
1983 3116 2098 3222 quod,
2114 3144 2200 3194 cum
2215 3117 2304 3221 ipsi,

891 3251 1040 3329 racione
1074 3245 1322 3355 quarumdam
1356 3244 1608 3333 decimarum,
1641 3244 1745 3321 citari
1772 3242 1965 3335 fecissent,
2000 3273 2123 3322 coram
2151 3244 2302 3323 officiali

892 3378 1136 3486 Ebroycensi,
1150 3378 1305 3453 Petrum
1320 3375 1367 3452 de
1381 3373 1631 3463 Garenceriis,
1649 3372 1826 3464 militem,
1841 3374 1961 3451 dictus
1976 3374 2100 3466 miles,
2118 3393 2216 3452 certa
2237 3375 2300 3452 die

889 3508 958 3586 sibi
986 3506 1184 3613 assignata,
1209 3504 1248 3579 in
1269 3504 1414 3610 judicio
1439 3532 1565 3581 coram
1592 3502 1692 3581 dicto
1718 3503 1865 3582 officiali
1888 3503 2130 3610 personaliter
2147 3533 2302 3612 compa-

890 3666 996 3727 rens,
1023 3635 1202 3743 magistro
1232 3634 1393 3727 Simoni,
1422 3632 1524 3711 dicto
1552 3634 1732 3725 Mouton,
1761 3636 1937 3712 advocato
1962 3634 2149 3710 dictorum
2171 3635 2304 3712 decani

891 3784 929 3845 et
942 3764 1094 3872 capituli
1110 3764 1149 3841 in
1164 3792 1271 3841 causa
1283 3762 1469 3870 predicta,
1486 3764 1762 3855 comminando,
1780 3764 1874 3841 dixit
1888 3762 2007 3871 quod,
2021 3762 2053 3839 si
2067 3763 2205 3840 dictam
2219 3793 2307 3843 cau—

890 3924 967 3974 sam
986 3896 1177 4002 predictus
1195 3893 1306 3971 miles
1323 3894 1528 3985 amitteret,
1551 3920 1620 3999 per
1641 3893 1756 4000 ipsius
1776 3894 1941 4002 magistri
1956 3893 2129 4000 Symonis
2147 3898 2307 4000 patroci—

891 4028 1013 4115 nium,
1041 4025 1207 4133 linguam
1228 4025 1262 4101 ei
1287 4022 1471 4132 amputari
1492 4039 1530 4100 et
1547 4022 1678 4101 dentes
1704 4025 1785 4133 ejus
1805 4053 1927 4137 upum
1949 4024 2147 4131 paralium
2163 4026 2305 4101 extrahi

889 4157 1041 4246 faceret3
1063 4154 1260 4261 exquibus
1275 4153 1365 4230 dicti
1383 4152 1561 4243 decanus,
1579 4152 1799 4260 capitulum,
1818 4182 1861 4231 ac
1874 4154 2050 4263 magister
2063 4155 2204 4261 Symon
2219 4184 2306 4261 pre-

891 4286 1024 4376 dictus,
1039 4302 1077 4363 et
1092 4284 1154 4362 alii
1167 4284 1354 4361 dictorum
1370 4283 1503 4360 decani
1518 4300 1557 4360 et
1572 4282 1724 4389 capituli
1736 4284 1951 4374 consiliarii,
1965 4284 2167 4361 servientes
2183 4302 2221 4362 et
2233 4287 2307 4361 mi-

890 4413 1012 4505 nistri,
1034 4414 1083 4493 de
1103 4413 1205 4491 dicto
1220 4412 1340 4490 milite
1361 4430 1399 4491 et
1417 4412 1511 4501 suis,
1533 4412 1606 4506 sibi,
1625 4431 1663 4491 et
1681 4413 1757 4492 suis
1772 4414 1907 4493 merito
1925 4415 2117 4503 timentes,
2139 4432 2182 4491 ut
2202 4416 2305 4493 dice-

889 4545 996 4634 bant,
1012 4545 1122 4624 nobis
1139 4542 1398 4649 supplicarunt
1415 4559 1459 4620 ut
1473 4542 1608 4621 ballivo
1621 4561 1751 4621 nostro
1763 4543 1917 4623 Gisortii
1931 4545 2196 4623 mandaremus
2209 4566 2306 4653 quot

890 4676 1077 4780 predictos
1095 4676 1280 4753 decanum
1298 4691 1337 4755 et
1354 4672 1561 4781 capitulum
1579 4692 1617 4752 et
1630 4703 1765 4753 eorum
1778 4674 2026 4765 consiliarios,
2047 4676 2246 4754 servientes
2262 4694 2302 4753 et

891 4806 1079 4883 ministros
1096 4821 1141 4882 et
1164 4802 1266 4883 bona
1287 4834 1353 4883 sua
1379 4804 1427 4882 de
1452 4804 1553 4883 dicto
1575 4805 1694 4883 milite
1720 4823 1757 4883 et
1783 4805 1861 4883 suis
1880 4805 2061 4915 legittime
2086 4804 2219 4884 laceret
2243 4835 2303 4883 as-

890 4933 1072 5024 securari,
1093 4954 1208 5041 prout
1232 4936 1351 5041 patrie
1372 4934 1607 5014 consuetudo
1628 4934 1808 5027 dictabat,
1835 4964 1905 5013 nos
1928 4963 2016 5014 vero
2034 4935 2301 5043 supplicacioni

889 5064 1056 5173 predicte
1085 5083 1308 5154 annuentes,
1333 5066 1504 5171 predicto
1525 5066 1662 5145 ballivo
1689 5066 1944 5154 mandavimus
1969 5084 2063 5172 quot
2089 5067 2137 5157 si,
2165 5066 2304 5145 vocatis

892 5196 1108 5289 evocandis,
1125 5195 1176 5273 ita
1194 5222 1272 5271 esse
1287 5195 1358 5272 sibi
1378 5214 1588 5303 appareret,
1607 5187 1796 5303 predictos
1817 5198 2001 5275 decanum
2017 5214 2056 5274 et
2075 5195 2301 5303 capitulum,

900 5354 1032 5405 eorum
1052 5322 1297 5413 consiliarios,
1319 5328 1521 5406 servientes
1541 5345 1578 5406 et
1596 5328 1802 5418 ministros,
1820 5356 1995 5406 unacum
2013 5323 2124 5405 bonis
2141 5327 2234 5415 suis,
2253 5325 2303 5402 de
