5817 7292
904 977 977 1053 706
1497 977 1584 1053 tes
1610 975 1753 1051 OLlM.
1806 1024 1809 1027 -

679 1128 865 1195 tumult.
901 1146 989 1195 rum
1018 1148 1171 1197 suorum
1197 1115 1404 1225 dequibus
1431 1118 1554 1197 luerat
1581 1132 1821 1223 conquestus.
1847 1118 1961 1206 Item,
1990 1116 2157 1224 privatus
2180 1117 2251 1196 luit
2272 1120 2322 1199 ab

739 1220 803 1265 Μ’
901 1250 1003 1325 omni
1031 1250 1184 1328 servicio
1212 1266 1250 1326 et
1275 1248 1398 1328 officio
1423 1267 1567 1339 nostro,
1590 1265 1668 1325 tam
1688 1246 1842 1325 obtento
1864 1275 1977 1353 quam
1998 1249 2046 1325 de
2075 1264 2202 1327 cetero
2225 1250 2323 1328 obti-

901 1381 1039 1459 nendo.
1056 1384 1165 1470 ltem,
1180 1380 1365 1487 peridem
1375 1381 1581 1487 judicium,
1599 1380 1741 1455 dictum
1756 1378 1829 1456 luit
1842 1380 1962 1486 quod,
1978 1407 2047 1485 pro
2062 1381 2223 1457 emenda
2238 1409 2327 1459 uos·

899 1529 969 1603 tra,
987 1514 1110 1591 dictus
1124 1514 1291 1591 Thomas
1305 1512 1510 1618 prisionem
1523 1510 1708 1587 firmatam
1728 1510 1873 1589 tenebit
1888 1538 1931 1589 ex
1946 1512 2101 1587 nuncin
2115 1512 2323 1590 Castelleto

898 1661 1043 1735 nostro,
1066 1644 1249 1751 quamdiu
1269 1659 1395 1720 nostre
1415 1643 1594 1721 voluntati
1611 1640 1794 1748 placuerit
1814 1643 2043 1719 duraturam.

928 1840 932 1849 .
951 1776 1052 1853 lovis
1071 1792 1155 1852 ante
1175 1774 1407 1852 Nativitatem
1427 1773 1527 1851 beati
1546 1772 1916 1877 lobannis-baptiste.

952 1905 1060 1982 Istius
1075 1905 1234 2011 judicati
1253 1904 1406 1981 totalem
1429 1904 1692 1981 execucionem
1714 1903 1891 1980 dominus
1910 1906 2002 1992 Rex,
2028 1933 2095 2010 per
2115 1933 2199 1982 suas
2219 1904 2321 1983 litte-

896 2062 970 2123 ras,
989 2034 1177 2111 mandavit
1192 2037 1230 2110 in
1253 2064 1432 2140 suspenso
1452 2036 1591 2122 teneri,
1609 2061 1806 2140 quousque
1825 2062 1937 2141 super
1956 2033 2028 2110 hoc
2043 2033 2146 2111 aliud
2160 2035 2316 2111 manda-

897 2166 1001 2242 verit.
1018 2165 1174 2242 Litteras
1190 2166 1276 2243 istas
1293 2156 1395 2241 curia
1407 2166 1550 2273 recepit
1562 2164 1751 2243 dominica
1765 2162 1805 2240 irr
1821 2164 1982 2241 crastino
1995 2165 2191 2241 Nativitatis
2207 2165 2311 2243 beati

894 2295 1269 2401 lobannis-Baptiste.

950 2428 1005 2503 De
1023 2426 1200 2535 mandato
1215 2424 1360 2501 domini
1378 2425 1487 2533 Regis
1501 2424 1586 2501 misi
1603 2424 1739 2501 dictam
1755 2424 1966 2530 inquestam
1981 2422 2135 2501 domino
2149 2424 2311 2501 Jobanui

895 2557 941 2635 do
962 2554 1230 2643 bello-Monte,
1254 2554 1364 2635 militi
1393 2573 1430 2632 et
1453 2555 1630 2661 magistro
1650 2554 1804 2661 hospitii
1825 2554 1970 2631 domini
1987 2553 2114 2661 Regis,
2132 2552 2193 2630 die
2213 2584 2313 2632 mer-

894 2686 986 2765 curii
1017 2686 1055 2763 in
1079 2686 1203 2794 vigilia
1227 2686 1327 2764 beati
1356 2686 1542 2789 Dyonisii,
1569 2714 1666 2765 anno
1693 2686 1957 2763 trecentesimo
1984 2685 2132 2762 decimo
2157 2686 2310 2793 quinto,

827 2804 833 2817 ¹
892 2845 960 2924 per
979 2816 1130 2895 fratrem
1147 2819 1181 2894 l.
1208 2818 1256 2893 de
1275 2816 1487 2923 Attrebato,
1509 2819 1737 2895 monachum
1756 2816 2081 2895 Sancti-Maxencii
2102 2844 2218 2922 prope
2240 2816 2315 2893 Au·

901 2948 1020 3025 relim.

947 3211 1071 3288 LXIX.
1102 3211 1200 3289 Cum
1222 3211 1337 3290 abbas
1357 3228 1396 3289 et
1414 3228 1619 3291 conventus
1639 3211 1687 3290 de
1707 3207 1891 3301 Karralio,
1914 3210 2128 3289 senescallie
2147 3213 2313 3294 Xancto-

891 3341 1028 3431 nensis,
1041 3341 1089 3417 de
1098 3342 1246 3445 speciali
1258 3342 1505 3449 gardanostra
1515 3342 1724 3432 existentes,
1737 3342 1884 3419 dudum
1892 3342 2011 3432 nobis,
2022 3344 2306 3446 conquerendo,

892 3470 1177 3549 denunciassent
1193 3470 1559 3577 quosdam-excessus
1574 3472 1613 3548 in
1630 3500 1762 3550 eorum
1776 3472 1944 3578 prioratu
1957 3472 2004 3550 de
2017 3472 2217 3562 Cressiaco,
2234 3501 2309 3579 per

888 3602 1070 3680 familiam
1083 3601 1237 3679 Roberti
1254 3602 1397 3680 domini
1412 3598 1460 3681 de
1474 3602 1649 3682 Mastacio
1661 3602 1702 3680 iu
1715 3601 1816 3681 dicto
1831 3604 1999 3708 prioratu
2009 3600 2205 3709 hospitati,
2220 3603 2308 3709 ipso

888 3734 1027 3811 sciente
1043 3750 1080 3810 et
1099 3760 1176 3811 non
1194 3734 1435 3839 prohibente,
1458 3750 1704 3841 perpetratos,
1725 3751 1770 3812 ut
1790 3732 1981 3827 dicebant,
1999 3761 2069 3811 nos
2088 3762 2201 3840 super
2219 3763 2309 3840 pre-

888 3864 1012 3952 dictis,
1027 3864 1163 3941 vocatis
1175 3864 1387 3955 evocandis,
1404 3864 1661 3941 mandavimus
1675 3862 1816 3970 inquiri
1832 3865 2038 3955 veritatem3
2054 3865 2225 3971 inquesta
2236 3863 2309 3973 igi-

886 4010 950 4071 tur
964 4020 1076 4098 super
1093 3989 1168 4072 biis
1187 3993 1279 4071 lacta
1299 4008 1337 4071 et
1357 3994 1665 4103 adjudicandum
1681 4012 1809 4085 nostre
1828 3997 1929 4073 curie
1946 4012 2145 4102 asportata,
2160 3995 2307 4073 vivente

888 4124 988 4201 dicto
1015 4125 1199 4219 boberto,
1223 4126 1324 4203 curia
1347 4142 1493 4220 nostra,
1518 4156 1587 4234 per
1609 4128 1753 4235 aliquot
1777 4156 1911 4221 annos,
1932 4128 2161 4234 quibusdam
2184 4127 2307 4233 impe-

887 4254 1065 4333 dimentis
1093 4256 1446 4347 intervenientibus,
1468 4258 1672 4363 procedere
1692 4284 1770 4335 non
1788 4258 1914 4363 potuit
1928 4257 2229 4365 adjudicandum
2246 4260 2308 4335 in·

886 4402 1057 4491 questam
1077 4385 1302 4492 predictam
1323 4388 1478 4465 tandem
1495 4387 1676 4494 temporis
1688 4389 1966 4496 opportunitate
1991 4417 2030 4467 se
2047 4388 2241 4482 offerente,
2264 4406 2305 4465 et

886 4512 993 4591 dictis
1013 4514 1198 4625 religiosis
1218 4517 1419 4625 diligenter
1440 4517 1666 4597 instantibus
1686 4548 1800 4626 super
1818 4521 1907 4611 boc,
1929 4547 2156 4627 quamquam
2177 4518 2303 4597 dictus

885 4641 1148 4723 Robertushoc
1159 4648 1346 4752 pendente
1356 4648 1571 4740 decesserit,
1584 4664 1623 4726 et
1631 4649 1713 4758 ejus
1721 4649 1822 4728 lilius
1834 4652 2005 4740 etberes,
2016 4650 2192 4728 dominus
2199 4677 2300 4725 nunc

886 4776 933 4853 de
948 4775 1122 4854 Mastacio
1138 4776 1177 4853 in
1192 4778 1409 4886 hujusmodi
1425 4808 1463 4857 se
1478 4782 1698 4887 opposuerit
1714 4782 1754 4859 in
1768 4782 1883 4859 finem
1898 4781 2004 4889 quod
2019 4780 2115 4857 dicta
2130 4781 2298 4885 inquesta

883 4933 960 4983 non
979 4908 1134 4985 deberet
1144 4908 1322 5016 judicari,
1342 4912 1444 4989 curia
1456 4928 1582 4989 tamen
1600 4929 1742 5002 nostra,
1761 4913 1940 5019 predictis
1953 4940 2032 4992 non
2047 4908 2297 4997 obstantibus,

883 5036 1050 5143 precepit
1062 5037 1198 5113 dictam
1213 5037 1441 5145 inquestam,
1457 5059 1584 5119 contra
1605 5041 1748 5119 dictum
1763 5043 1970 5121 Robertum
1990 5042 2056 5120 diu
2073 5039 2299 5133 estfactum,

883 5166 1001 5243 videri
1022 5183 1060 5245 et
1072 5166 1258 5275 judicari:
1283 5170 1370 5249 Visa
1390 5171 1504 5278 igitur
1523 5188 1561 5250 et
1580 5171 1782 5281 diligenter
1800 5174 2004 5253 examinata
2021 5174 2194 5279 inquesta
2212 5202 2302 5280 pre·

710 5294 721 5315 '
765 5298 786 5333 ⁴
885 5295 997 5389 dicta,
1020 5328 1106 5377 cum
1129 5326 1198 5407 per
1221 5327 1303 5377 eam
1331 5300 1434 5379 curie
1458 5319 1585 5382 nostre
1606 5302 1754 5411 liquido
1777 5304 1999 5397 constiterit,
2026 5303 2198 5409 predicto
2225 5306 2305 5383 Ro·
