5817 7292
881 1097 954 1173 ata
1346 1105 1350 1112 ’
1455 1101 1546 1174 LES
1579 1099 1719 1176 OLIM.

650 1252 780 1309 mmm
799 1251 843 1314 tv,
879 1241 1673 1350 tibus,prouentibuseteritibus‚perceptis
1685 1243 1800 1350 etqui
1812 1246 1952 1352 percipi
1966 1254 2297 1355 exeopotuerunt,

718 1344 782 1387 Μ’
883 1373 983 1452 dicto
995 1373 1112 1482 priori
1128 1373 1208 1451 lore
1224 1374 1499 1452 restituendum
1514 1403 1582 1480 per
1597 1373 1812 1452 Guidonem
1827 1375 1874 1452 de
1889 1377 2002 1483 Popia
2018 1380 2241 1485 predictum,
2259 1401 2298 1460 et

808 1565 820 1585 .
879 1502 1042 1612 dampna
1062 1505 1190 1582 omnia
1209 1533 1278 1610 per
1297 1505 1369 1582 hoc
1396 1505 1467 1580 sibi
1488 1504 1589 1582 illata
1613 1504 1751 1581 debere
1768 1506 1937 1582 resarciri
1957 1507 2083 1586 eidem
2102 1539 2173 1617 per
2189 1541 2299 1591 occu-

877 1653 1049 1740 patorem
1062 1635 1293 1741 predictum,
1311 1651 1365 1724 et,
1382 1635 1472 1741 qnia
1487 1663 1555 1740 per
1567 1634 1773 1739 predictam
1791 1636 2003 1743 inquestam
2019 1657 2211 1747 repertum
2225 1642 2297 1723 fuit

877 1765 1128 1845 Guillelmum
1147 1765 1195 1842 de
1211 1764 1445 1856 Cardeliaco,
1463 1764 1680 1843 Guidonem
1700 1783 1738 1842 et
1755 1766 2002 1844 Guillelmum
2017 1770 2066 1848 de
2080 1771 2195 1878 Popia
2212 1751 2309 1880 pree

877 1895 1018 1986 dictos,
1041 1914 1079 1974 et
1096 1895 1311 1974 Dcodatum
1331 1894 1378 1973 de
1399 1894 1623 1984 Columbae,
1645 1895 1814 1974 Odilium
1837 1897 1885 1973 de
1905 1897 2149 1992 Bello-Forti,
2170 1903 2296 2010 Hugo-

876 2055 965 2104 nem
981 2027 1029 2104 de
1043 2025 1279 2133 Balengario,
1299 2026 1340 2103 in
1353 2025 1543 2102 invasione
1562 2026 1730 2132 predicta
1744 2026 1957 2106 interfuisse
1978 2047 2152 2120 armatos,
2175 2032 2296 2112 dictus

876 2157 1155 2238 Guillelmusin
1168 2159 1346 2239 trecentis
1358 2158 1628 2265 quinquaginta
1640 2157 1746 2236 libris
1756 2159 2155 2250 Turonensibus,dicti
2166 2162 2294 2242 Guido

877 2307 915 2366 et
930 2289 1157 2369 Guillelmus
1169 2290 1209 2365 in
1223 2305 1374 2365 centum
1386 2287 1494 2366 libris
1503 2285 1803 2378 Turonensibus,
1816 2288 1936 2366 dictus
1946 2281 2140 2368 ¹Deodatus
2154 2291 2193 2367 in
2209 2319 2294 2368 cen-

876 2437 959 2496 tum
975 2421 1081 2499 libris
1094 2417 1398 2506 Turonensibus,
1420 2417 1541 2495 dictus
1556 2416 1707 2495 Odilius
1719 2419 1759 2494 in
1776 2419 2045 2526 quinquaginta
2056 2419 2292 2500 librisTuro-

876 2552 1074 2644 nensihus,
1097 2567 1134 2628 et
1150 2550 1274 2628 dictus
1291 2551 1400 2657 Hugo
1422 2548 1463 2625 in
1484 2547 1753 2656 quinquaginta
1775 2549 1883 2629 libris
1901 2551 2202 2644 Turonensibus,
2224 2580 2293 2632 no-

875 2681 950 2773 bis,
966 2710 1037 2788 pro
1052 2680 1211 2758 emenda
1222 2696 1366 2769 nostra,
1381 2677 1657 2757 sentencialiter
1674 2679 1940 2786 condempnati
1953 2679 2122 2772 luerunt3
2138 2699 2178 2760 et
2188 2683 2290 2788 quia,
2380 2760 2382 2764 ,

873 2839 941 2918 per
952 2811 1164 2919 inquestam
1176 2809 1400 2919 predictam,
1418 2808 1674 2887 intelleximus
1688 2809 1793 2918 quod
1807 2811 2037 2890 Bertrandus
2053 2812 2101 2890 de
2115 2813 2296 2923 Bolanga·

875 2943 932 3020 rio
947 2943 1089 3051 junior,
1109 2940 1350 3020 Fortanerius
1369 2939 1416 3018 de
1435 2940 1652 3033 Gordonio,
1673 2940 1861 3018 lohannes
1882 2942 1929 3020 de
1951 2941 2163 3032 Melhorne',
2185 2944 2294 3053 Hugo

877 3073 925 3150 de
940 3072 1156 3163 Mirabello,
1171 3071 1319 3151 Olricus
1330 3069 1366 3148 le
1379 3072 1486 3162 Vert,
1503 3069 1732 3150 Guillelmus
1748 3071 1795 3149 de
1811 3071 2022 3152 Palhoriols
2037 3091 2077 3150 et
2095 3073 2220 3181 plures
2234 3073 2294 3152 alii

875 3232 997 3310 usque
1021 3204 1070 3280 ad
1093 3202 1280 3310 sexaginta
1309 3202 1349 3277 in
1375 3201 1546 3307 predicto
1570 3200 1756 3278 maleficio
1783 3197 2048 3291 interfuerunt,
2077 3204 2144 3311 qui
2167 3221 2293 3282 tamen

876 3335 915 3410 in
937 3333 1105 3440 predicta
1124 3333 1297 3438 inquesta
1320 3359 1397 3408 non
1423 3331 1579 3410 fuerunt
1601 3331 1739 3420 vocati,
1760 3333 1933 3412 volumus
1950 3333 2055 3440 quod
2079 3351 2208 3411 contra
2230 3363 2294 3414 eos

877 3491 992 3571 super
1000 3460 1195 3570 predictis,
1207 3461 1344 3540 vocatis
1353 3461 1537 3569 partibus,
1550 3462 1773 3568 inquiratur,
1789 3463 1955 3569 etquod,
1968 3465 2176 3542 secundum
2186 3467 2293 3573 quod

875 3594 1098 3683 invenietur,
1121 3592 1191 3700 ipsi
1215 3592 1324 3670 nobis
1342 3594 1382 3669 in
1405 3592 1604 3670 amendam
1628 3593 1851 3699 condignam
1873 3611 1911 3672 et
1932 3595 2182 3700 pecuniariam
2202 3623 2292 3673 con-

876 3726 1164 3834 dempnentur.¹

914 3858 1058 3936 ‘Martis
1072 3856 1252 3962 predicta.

928 3988 1069 4065 Littera
1087 3987 1156 4064 fiat
1172 3987 1220 4066 de
1244 3987 1324 4064 istis
1342 3986 1546 4066 senescallo
1566 3986 1875 4094 Petregoricensi,
1895 4005 1933 4065 et
1950 3987 2228 4064 ostimacionem
2243 3987 2295 4064 fa·
2387 4029 2388 4032 ¹

872 4119 1056 4198 cultatum
1085 4125 1249 4196 suarum
1262 4147 1379 4225 penes
1402 4147 1442 4199 se
1472 4117 1587 4196 habet
1609 4117 1786 4228 magister
1804 4120 1849 4196 H.
1870 4117 2040 4206 Cuillier,
2065 4120 2131 4226 qui
2156 4120 2292 4198 dictam

875 4253 1086 4358 inquestam
1104 4249 1318 4356 reportavit.

928 4513 1088 4590 XXXlll.
1120 4513 1236 4606 Cum,
1266 4541 1309 4590 ex
1331 4512 1518 4590 relacione
1544 4511 1669 4590 dilecti
1691 4529 1730 4590 et
1751 4509 1874 4590 [idelis
1894 4513 1934 4589 P.
1960 4512 2006 4588 de
2030 4511 2294 4600 Chambliaco,

873 4642 1021 4720 domini
1040 4642 1088 4720 dc
1110 4641 1268 4731 Wlmis,
1291 4641 1421 4718 militis
1441 4658 1479 4719 et
1504 4641 1725 4720 cambellani
1746 4642 1885 4729 nostri,
1912 4641 2166 4748 acceperimus
2188 4639 2294 4746 quod

873 4802 959 4850 cum
980 4788 1111 4881 gentes
1128 4799 1196 4849 sue
1215 4771 1381 4879 quedam
1400 4771 1574 4850 animalia
1593 4773 1634 4849 in
1651 4771 1818 4877 quodam
1832 4770 1934 4862 loco,
1957 4771 1996 4848 in
2015 4799 2092 4878 quo
2112 4771 2192 4876 ipse
2211 4796 2294 4846 om-

871 4903 1067 4982 nimodam
1082 4900 1384 5010 jurisdictionem
1403 4903 1534 4980 asserit
1553 4931 1592 4981 sc
1612 4901 1770 4992 habere,
1791 4902 1830 4978 in
1845 4903 2009 5010 presenti
2028 4899 2216 4979 forisfacto
2228 4917 2295 4976 *ce-

871 5035 1030 5140 pissent,
1042 5050 1174 5141 gentes
1191 5033 1335 5112 abbatis
1349 5050 1388 5110 et
1399 5051 1604 5112 conventus
1618 5033 1835 5112 monasterii
1853 5030 2168 5112 Sancti-Medardi
2182 5030 2296 5110 Sues·

872 5163 1058 5243 sionensis
1079 5192 1149 5271 per
1170 5181 1452 5270 portamentum
1478 5181 1516 5242 et
1535 5163 1755 5243 violenciam
1785 5190 1998 5255 armorum,
2026 5162 2168 5242 eisdem
2198 5159 2295 5236 dicta

873 5294 1046 5374 animalia
1070 5312 1342 5386 rescusserunt,
1365 5312 1402 5372 et
1420 5311 1553 5404 gentes
1577 5295 1666 5373 dicti
1687 5295 1831 5374 domini
1852 5293 1900 5371 de
1920 5293 2059 5373 ernis
2079 5290 2294 5370 verberave-

872 5444 962 5505 nmt
984 5443 1022 5504 et
1039 5425 1166 5505 eidem
1183 5425 1323 5505 multas
1342 5425 1500 5532 injurias
1519 5423 1731 5504 intulerunt
1751 5457 1760 5503 ε
1780 5424 1969 5516 Tandem,
1990 5424 2160 5530 inquesta
2182 5445 2296 5525 super
