5817 7292
1038 1152 1303 1261 anoutrns
1330 1170 1395 1242 aa
1420 1151 1628 1242 eneces.
1977 1165 2046 1240 17⁹

624 1313 757 1400 uenti,
774 1311 840 1419 qui
860 1310 978 1390 factus
996 1329 1053 1390 est
1071 1311 1187 1390 altera
1201 1340 1316 1389 manu
1335 1310 1494 1400 inutilis,
1516 1310 1740 1416 quingentas
1754 1309 1883 1402 libras,
1900 1329 1944 1388 ut
1958 1308 2046 1386 inde
2077 1307 2209 1368 Pmffl
2229 1309 2274 1374 Ν·

625 1459 726 1520 emat
743 1442 815 1520 sibi
835 1442 1007 1522 redditus
1025 1445 1074 1520 ad
1091 1444 1220 1532 vitam,
1243 1472 1287 1520 ac
1303 1442 1461 1520 domino
1480 1440 1571 1548 Regi
1591 1438 1696 1516 mille
1716 1439 1829 1518 libras
1849 1443 2048 1519 Turonen—
2147 1403 2211 1448 Μ’

624 1600 683 1652 ses
700 1601 771 1680 pro
791 1573 973 1664 emenda;
995 1574 1162 1681 dictique
1181 1574 1316 1681 Helyas
1335 1591 1373 1651 et
1391 1572 1566 1651 Mathcus
1582 1570 1744 1648 Parisius
1759 1569 1993 1648 adducentur
2009 1573 2048 1648 in

624 1705 870 1784 Castelletum
891 1725 929 1784 et
946 1706 1108 1797 ibidem,
1132 1706 1316 1813 quamdiu
1335 1704 1491 1784 domino
1511 1703 1602 1811 Regi
1623 1702 1821 1809 placuerit,
1842 1703 2049 1810 prisionem

623 1837 818 1914 tenebunt.

676 1962 877 2044 Dominica
894 1983 982 2072 post
1001 1967 1238 2046 Trinitatem.

680 2098 887 2202 Negaretus
905 2096 1117 2202 reportarit.

678 2359 771 2434 XLI.
799 2358 1609 2470 Cumortaessetdiscordiainterdominnm
1618 2361 2050 2470 RegemsacioneCama

623 2489 745 2595 panie,
774 2506 814 2566 et
838 2490 1021 2597 majorem
1046 2508 1084 2568 et
1107 2491 1278 2569 scabinos
1298 2492 1667 2582 Sancti-Florentini,
1695 2519 1738 2568 ex
1762 2509 1866 2597 parte
1890 2520 1983 2582 una,
2011 2509 2051 2569 et

624 2619 947 2728 archiepiscopum
966 2622 1245 2712 senonensem,
1260 2651 1303 2700 ex
1313 2623 1447 2714 altera,
1465 2650 1639 2728 supereo
1654 2623 1760 2728 quod
1776 2623 1897 2699 dictus
1907 2625 2049 2700 archie-

623 2750 798 2856 piscopus
818 2751 967 2830 dicebat
983 2780 1024 2830 sc
1044 2780 1124 2830 esse
1144 2754 1184 2829 in
1201 2753 1337 2830 saisina
1355 2753 1577 2830 instituendi
1604 2769 1643 2828 et
1666 2752 1895 2828 destituendi
1914 2753 2049 2860 magis-

623 2896 703 2957 tros
732 2897 771 2958 et
795 2879 925 2959 fratres
951 2881 991 2958 in
1017 2883 1135 2959 domo
1161 2882 1362 2989 leprosarie
1387 2882 1488 2959 dicte
1510 2881 1596 2958 ville
1617 2881 1981 2984 Sancti-Florentini,
2007 2914 2050 2963 ac

625 3010 743 3088 eciam
767 3011 940 3089 visitandi
958 3027 998 3090 et
1017 3013 1227 3119 corrigendi
1251 3013 1413 3102 ibidem,
1436 3028 1474 3090 et
1491 3030 1686 3118 compotos
1707 3011 1806 3090 dicte
1826 3013 1963 3092 domus
1982 3044 2050 3093 au·-

625 3139 777 3233 diendi,
799 3159 854 3236 et,
878 3172 920 3219 ex
940 3144 1113 3233 adverso,
1135 3144 1255 3252 major
1274 3160 1313 3221 et
1330 3143 1471 3221 scabini
1490 3144 1670 3250 predicti,
1692 3166 1766 3220 una
1787 3173 1873 3221 cum
1894 3144 2049 3225 domino

623 3275 723 3381 Rege
747 3273 993 3381 conjunctim,
1019 3274 1171 3352 racione
1197 3273 1415 3381 Campania,
1444 3273 1618 3351 dicebant
1645 3293 1684 3350 se
1698 3301 1785 3350 ,ease
1809 3291 1847 3350 et
1870 3273 1984 3352 fuisse
2010 3277 2049 3352 in

623 3406 756 3483 saisina
779 3405 1003 3482 instituendi
1023 3422 1061 3483 et
1080 3403 1311 3483 destituendi
1336 3404 1536 3513 magistros
1560 3420 1599 3481 et
1617 3403 1750 3481 fratres
1769 3403 1809 3479 in
1830 3405 1946 3482 domo
1965 3433 2050 3512 pre-

626 3535 740 3624 dicta,
761 3553 798 3612 et
819 3551 1016 3641 compotes
1033 3535 1133 3612 dicte
1153 3536 1291 3614 domus
1309 3535 1511 3615 audiendi:
1527 3533 1613 3614 Visa
1632 3535 1804 3642 inquesta
1822 3563 1935 3641 super
1957 3535 2049 3628 hiis,

625 3666 671 3744 de
686 3667 862 3745 mandato
877 3684 1023 3756 nostro,
1039 3665 1151 3755 facta,
1167 3684 1206 3745 et
1219 3666 1356 3745 auditis
1372 3667 1541 3774 parcium
1560 3663 1773 3742 racionibus
1787 3664 1877 3742 binc
1891 3683 1930 3743 et
1943 3667 2047 3756 inde,

625 3799 799 3875 acaciam
818 3798 927 3876 dictis
945 3798 1117 3905 partibus
1132 3797 1348 3906 petentibus
1363 3817 1402 3876 et
1418 3797 1632 3876 dicentibus
1646 3795 1768 3902 quod,
1787 3795 1878 3874 licet
1891 3796 1930 3872 in
1947 3823 2051 3874 com-

625 3927 841 4005 missionea
862 3929 1018 4006 domino
1036 3930 1137 4037 Rege
1162 3927 1254 4006 sacta
1275 3946 1314 4006 et
1332 3927 1497 4007 articulis
1516 3928 1712 4034 utriusque
1733 3925 1848 4031 partis
1865 3927 1930 4002 fiat
1950 3956 2051 4005 men-

625 4058 683 4134 cio
703 4057 751 4133 de
765 4058 1009 4163 proprietate,
1026 4076 1192 4138 attamen
1206 4088 1284 4138 non
1304 4077 1362 4138 est
1380 4087 1514 4137 eorum
1532 4057 1759 4136 intencionis
1772 4083 1844 4133 nec
1858 4055 1931 4134 fuit
1945 4060 2050 4164 quod

625 4187 891 4293 procederetur
909 4218 981 4268 nec
994 4191 1229 4298 judicaretur
1247 4218 1362 4298 super
1380 4189 1606 4298 proprietate
1614 4227 1630 4279 =,.
1644 4188 1713 4266 sed
1732 4187 1972 4266 solummodo
1993 4216 2050 4265 su·

625 4347 694 4425 per
715 4319 967 4424 possessione,
990 4338 1029 4398 et
1047 4322 1136 4428 quia
1159 4322 1354 4401 inventum
1379 4338 1435 4398 est
1459 4321 1579 4399 dictos
1599 4319 1782 4425 majorem
1804 4335 1841 4395 et
1860 4317 2049 4410 scabinos,

626 4479 712 4527 cum
731 4450 888 4528 domino
909 4453 1010 4560 Rege
1029 4453 1280 4560 conjunctim,
1301 4450 1694 4558 racione'Campania,
1710 4479 1794 4528 esse
1815 4468 1853 4528 et
1874 4448 1988 4528 fuisse
2010 4451 2048 4528 in

625 4581 761 4658 saisina
778 4581 1002 4660 instituendi
1022 4601 1063 4661 et
1075 4583 1309 4663 destituendi
1326 4583 1523 4694 magistros
1542 4600 1581 4660 ct
1598 4582 1729 4660 fratres
1743 4581 1782 4658 in
1800 4581 1900 4658 dicta
1917 4581 2048 4670 domo,

626 4740 668 4788 ac
683 4731 879 4821 compotos
893 4714 992 4793 dicte
1006 4715 1146 4794 domus
1159 4717 1355 4805 audiendi,
1372 4715 1663 4824 pronunciatum
1678 4732 1749 4804 est,
1771 4741 1839 4822 per
1853 4714 1956 4791 curie
1969 4743 2052 4792 nos-

625 4857 682 4918 tre
697 4843 905 4951 judicium,
925 4845 1063 4924 dictam
1083 4848 1255 4929 saisinam
1277 4877 1394 4956 penes
1408 4875 1476 4926 nos
1495 4863 1532 4925 et
1548 4846 1667 4925 dictos
1683 4846 1865 4954 majorem
1882 4862 1921 4922 et
1934 4843 2052 4923 scabi-

627 4998 697 5050 nos
711 4975 960 5082 conjunctim‚
976 4978 1127 5057 racione
1141 4978 1362 5087 Campania,
1378 4979 1576 5057 remanere
1593 4977 1748 5065 debere,
1765 4976 1861 5056 saiva
1881 4977 2051 5086 proprie-

625 5103 712 5183 tatis
731 5107 929 5214 questione
947 5139 1061 5218 super
1078 5111 1152 5190 hoc
1171 5114 1453 5220 archiepiscopo
1472 5114 1654 5222 predicto.

684 5237 790 5314 Lune
810 5257 895 5344 post
914 5241 1148 5348 quindenam
1167 5245 1444 5323 Penthecostes.

682 5365 733 5442 M.
753 5368 878 5448 Droco
898 5373 1109 5479 reportarit.
