<?xml version="1.0" encoding="UTF-8"?>
<!DOCTYPE html PUBLIC "-//W3C//DTD XHTML 1.0 Transitional//EN"
    "http://www.w3.org/TR/xhtml1/DTD/xhtml1-transitional.dtd">
<html xmlns="http://www.w3.org/1999/xhtml" xml:lang="en" lang="en">
 <head>
  <title>
</title>
<meta http-equiv="Content-Type" content="text/html;charset=utf-8" />
  <meta name='ocr-system' content='tesseract 3.04.00' />
  <meta name='ocr-capabilities' content='ocr_page ocr_carea ocr_par ocr_line ocrx_word'/>
</head>
<body>
  <div class='ocr_page' id='page_1' title='image "./lesolimouregist00pargoog_0158.png"; bbox 0 0 5817 7292; ppageno 0'>
   <div class='ocr_carea' id='block_1_1' title="bbox 859 1141 1697 1215">
    <p class='ocr_par' dir='ltr' id='par_1_1' title="bbox 859 1141 1697 1215">
     <span class='ocr_line' id='line_1_1' title="bbox 859 1141 1697 1215; baseline 0 -3"><span class='ocrx_word' id='word_1_1' title='bbox 859 1142 907 1213; x_wconf 80' lang='lat'>60</span> <span class='ocrx_word' id='word_1_2' title='bbox 1441 1144 1531 1215; x_wconf 85' lang='lat' dir='ltr'>LES</span> <span class='ocrx_word' id='word_1_3' title='bbox 1561 1141 1697 1215; x_wconf 91' lang='lat' dir='ltr'>OLIM.</span> 
     </span>
    </p>
   </div>
   <div class='ocr_carea' id='block_1_2' title="bbox 631 1281 2406 4011">
    <p class='ocr_par' dir='ltr' id='par_1_2' title="bbox 631 1281 2406 4011">
     <span class='ocr_line' id='line_1_2' title="bbox 631 1281 2279 1392; baseline 0.003 -33"><span class='ocrx_word' id='word_1_4' title='bbox 631 1289 817 1354; x_wconf 66' lang='lat' dir='ltr'>rennuit,</span> <span class='ocrx_word' id='word_1_5' title='bbox 856 1281 990 1373; x_wconf 85' lang='lat' dir='ltr'>baudi,</span> <span class='ocrx_word' id='word_1_6' title='bbox 1020 1283 1102 1390; x_wconf 88' lang='lat' dir='ltr'>ejus</span> <span class='ocrx_word' id='word_1_7' title='bbox 1123 1283 1292 1373; x_wconf 73' lang='lat' dir='ltr'>fratrem,</span> <span class='ocrx_word' id='word_1_8' title='bbox 1322 1311 1365 1360; x_wconf 83' lang='lat' dir='ltr'>ex</span> <span class='ocrx_word' id='word_1_9' title='bbox 1389 1283 1478 1372; x_wconf 88' lang='lat' dir='ltr'>alia,</span> <span class='ocrx_word' id='word_1_10' title='bbox 1506 1313 1690 1390; x_wconf 87' lang='lat' dir='ltr'>supereo</span> <span class='ocrx_word' id='word_1_11' title='bbox 1720 1282 1825 1391; x_wconf 91' lang='lat' dir='ltr'>quod</span> <span class='ocrx_word' id='word_1_12' title='bbox 1850 1283 1972 1361; x_wconf 90' lang='lat' dir='ltr'>dictus</span> <span class='ocrx_word' id='word_1_13' title='bbox 1992 1283 2149 1363; x_wconf 89' lang='lat' dir='ltr'>Colinus</span> <span class='ocrx_word' id='word_1_14' title='bbox 2173 1304 2279 1392; x_wconf 85' lang='lat' dir='ltr'>pete·</span> 
     </span>
     <span class='ocr_line' id='line_1_3' title="bbox 692 1381 2278 1522; baseline 0.001 -32"><span class='ocrx_word' id='word_1_15' title='bbox 692 1381 755 1424; x_wconf 55' lang='lat' dir='ltr'>lm</span> <span class='ocrx_word' id='word_1_16' title='bbox 856 1413 920 1491; x_wconf 90' lang='lat' dir='ltr'>bat</span> <span class='ocrx_word' id='word_1_17' title='bbox 944 1443 964 1490; x_wconf 85' lang='lat' dir='ltr'>a</span> <span class='ocrx_word' id='word_1_18' title='bbox 990 1412 1091 1491; x_wconf 91' lang='lat' dir='ltr'>dicto</span> <span class='ocrx_word' id='word_1_19' title='bbox 1115 1415 1293 1522; x_wconf 84' lang='lat' dir='ltr'>magistro</span> <span class='ocrx_word' id='word_1_20' title='bbox 1317 1415 1486 1493; x_wconf 74' lang='lat' dir='ltr'>iohanne</span> <span class='ocrx_word' id='word_1_21' title='bbox 1510 1414 1594 1492; x_wconf 87' lang='lat' dir='ltr'>fieri</span> <span class='ocrx_word' id='word_1_22' title='bbox 1617 1414 1688 1493; x_wconf 93' lang='lat' dir='ltr'>sibi</span> <span class='ocrx_word' id='word_1_23' title='bbox 1714 1414 1942 1520; x_wconf 83' lang='lat' dir='ltr'>peticionem</span> <span class='ocrx_word' id='word_1_24' title='bbox 1965 1442 2032 1492; x_wconf 90' lang='lat' dir='ltr'>seu</span> <span class='ocrx_word' id='word_1_25' title='bbox 2058 1415 2278 1493; x_wconf 84' lang='lat' dir='ltr'>divisionem</span> 
     </span>
     <span class='ocr_line' id='line_1_4' title="bbox 855 1544 2279 1653; baseline 0.002 -32"><span class='ocrx_word' id='word_1_26' title='bbox 855 1564 1132 1653; x_wconf 89' lang='lat' dir='ltr'>conquestuum</span> <span class='ocrx_word' id='word_1_27' title='bbox 1159 1574 1255 1652; x_wconf 91' lang='lat' dir='ltr'>quos</span> <span class='ocrx_word' id='word_1_28' title='bbox 1284 1545 1362 1652; x_wconf 89' lang='lat' dir='ltr'>ipse</span> <span class='ocrx_word' id='word_1_29' title='bbox 1389 1546 1580 1624; x_wconf 83' lang='lat' dir='ltr'>lohannes</span> <span class='ocrx_word' id='word_1_30' title='bbox 1603 1544 1741 1623; x_wconf 81' lang='lat' dir='ltr'>fecerat</span> <span class='ocrx_word' id='word_1_31' title='bbox 1764 1574 1784 1621; x_wconf 92' lang='lat' dir='ltr'>a</span> <span class='ocrx_word' id='word_1_32' title='bbox 1807 1562 1978 1651; x_wconf 88' lang='lat' dir='ltr'>ternpore</span> <span class='ocrx_word' id='word_1_33' title='bbox 2008 1545 2142 1622; x_wconf 89' lang='lat' dir='ltr'>mortis</span> <span class='ocrx_word' id='word_1_34' title='bbox 2165 1548 2279 1653; x_wconf 89' lang='lat' dir='ltr'>patris</span> 
     </span>
     <span class='ocr_line' id='line_1_5' title="bbox 855 1674 2278 1786; baseline 0.001 -33"><span class='ocrx_word' id='word_1_35' title='bbox 855 1675 1066 1756; x_wconf 90' lang='lat' dir='ltr'>communis</span> <span class='ocrx_word' id='word_1_36' title='bbox 1084 1676 1272 1782; x_wconf 79' lang='lat' dir='ltr'>ipsorum3</span> <span class='ocrx_word' id='word_1_37' title='bbox 1290 1675 1392 1754; x_wconf 93' lang='lat' dir='ltr'>dicto</span> <span class='ocrx_word' id='word_1_38' title='bbox 1409 1677 1586 1786; x_wconf 83' lang='lat' dir='ltr'>magistro</span> <span class='ocrx_word' id='word_1_39' title='bbox 1596 1677 1787 1767; x_wconf 74' lang='lat' dir='ltr'>solenne,</span> <span class='ocrx_word' id='word_1_40' title='bbox 1803 1674 1976 1782; x_wconf 88' lang='lat' dir='ltr'>pluribus</span> <span class='ocrx_word' id='word_1_41' title='bbox 1991 1675 2223 1766; x_wconf 87' lang='lat' dir='ltr'>racionibus,</span> <span class='ocrx_word' id='word_1_42' title='bbox 2238 1677 2278 1754; x_wconf 92' lang='lat' dir='ltr'>in</span> 
     </span>
     <span class='ocr_line' id='line_1_6' title="bbox 858 1806 2279 1914; baseline 0.003 -30"><span class='ocrx_word' id='word_1_43' title='bbox 858 1807 1085 1886; x_wconf 87' lang='lat' dir='ltr'>contrarium</span> <span class='ocrx_word' id='word_1_44' title='bbox 1102 1822 1357 1912; x_wconf 82' lang='lat' dir='ltr'>proponente,</span> <span class='ocrx_word' id='word_1_45' title='bbox 1377 1824 1414 1884; x_wconf 88' lang='lat' dir='ltr'>et</span> <span class='ocrx_word' id='word_1_46' title='bbox 1429 1807 1577 1885; x_wconf 85' lang='lat' dir='ltr'>dicente</span> <span class='ocrx_word' id='word_1_47' title='bbox 1595 1835 1635 1883; x_wconf 88' lang='lat' dir='ltr'>se</span> <span class='ocrx_word' id='word_1_48' title='bbox 1652 1807 1701 1885; x_wconf 89' lang='lat' dir='ltr'>ad</span> <span class='ocrx_word' id='word_1_49' title='bbox 1719 1806 1887 1914; x_wconf 88' lang='lat' dir='ltr'>predicta</span> <span class='ocrx_word' id='word_1_50' title='bbox 1905 1836 1982 1886; x_wconf 93' lang='lat' dir='ltr'>non</span> <span class='ocrx_word' id='word_1_51' title='bbox 1996 1808 2117 1884; x_wconf 89' lang='lat' dir='ltr'>teneri</span> <span class='ocrx_word' id='word_1_52' title='bbox 2131 1840 2140 1895; x_wconf 78' lang='grc' dir='ltr'><strong>ς</strong></span> <span class='ocrx_word' id='word_1_53' title='bbox 2156 1808 2279 1888; x_wconf 86' lang='lat' dir='ltr'>dictus</span> 
     </span>
     <span class='ocr_line' id='line_1_7' title="bbox 852 1937 2278 2046; baseline 0.002 -32"><span class='ocrx_word' id='word_1_54' title='bbox 852 1937 1081 2044; x_wconf 89' lang='lat' dir='ltr'>prepositus,</span> <span class='ocrx_word' id='word_1_55' title='bbox 1099 1964 1167 2042; x_wconf 94' lang='lat' dir='ltr'>pro</span> <span class='ocrx_word' id='word_1_56' title='bbox 1182 1937 1285 2014; x_wconf 93' lang='lat' dir='ltr'>dicto</span> <span class='ocrx_word' id='word_1_57' title='bbox 1298 1938 1476 2046; x_wconf 80' lang='lat' dir='ltr'>magistro</span> <span class='ocrx_word' id='word_1_58' title='bbox 1490 1939 1680 2030; x_wconf 82' lang='lat' dir='ltr'>lohanne,</span> <span class='ocrx_word' id='word_1_59' title='bbox 1698 1956 1826 2017; x_wconf 88' lang='lat' dir='ltr'>contra</span> <span class='ocrx_word' id='word_1_60' title='bbox 1842 1939 1986 2016; x_wconf 88' lang='lat' dir='ltr'>dictum</span> <span class='ocrx_word' id='word_1_61' title='bbox 2001 1938 2179 2017; x_wconf 87' lang='lat' dir='ltr'>Colinum</span> <span class='ocrx_word' id='word_1_62' title='bbox 2195 1968 2278 2017; x_wconf 92' lang='lat' dir='ltr'>sen-</span> 
     </span>
     <span class='ocr_line' id='line_1_8' title="bbox 850 2068 2406 2177; baseline 0.001 -32"><span class='ocrx_word' id='word_1_63' title='bbox 850 2069 1011 2146; x_wconf 86' lang='lat' dir='ltr'>tenciam</span> <span class='ocrx_word' id='word_1_64' title='bbox 1040 2068 1308 2146; x_wconf 87' lang='lat' dir='ltr'>absolutoriam</span> <span class='ocrx_word' id='word_1_65' title='bbox 1336 2069 1574 2175; x_wconf 58' lang='lat' dir='ltr'>protulissem</span> <span class='ocrx_word' id='word_1_66' title='bbox 1606 2069 1784 2176; x_wconf 88' lang='lat' dir='ltr'>idemque</span> <span class='ocrx_word' id='word_1_67' title='bbox 1809 2069 1967 2146; x_wconf 89' lang='lat' dir='ltr'>Colinus</span> <span class='ocrx_word' id='word_1_68' title='bbox 1990 2069 2037 2146; x_wconf 89' lang='lat' dir='ltr'>ab</span> <span class='ocrx_word' id='word_1_69' title='bbox 2057 2070 2276 2177; x_wconf 88' lang='lat' dir='ltr'>hujusmodi</span> <span class='ocrx_word' id='word_1_70' title='bbox 2399 2106 2406 2122; x_wconf 82' lang='lat'><strong>·</strong></span> 
     </span>
     <span class='ocr_line' id='line_1_9' title="bbox 845 2199 2274 2309; baseline 0.002 -33"><span class='ocrx_word' id='word_1_71' title='bbox 845 2199 1013 2308; x_wconf 89' lang='lat' dir='ltr'>judicato</span> <span class='ocrx_word' id='word_1_72' title='bbox 1023 2217 1159 2279; x_wconf 43' lang='lat' dir='ltr'>&#39;contre</span> <span class='ocrx_word' id='word_1_73' title='bbox 1178 2228 1217 2276; x_wconf 94' lang='lat' dir='ltr'>se</span> <span class='ocrx_word' id='word_1_74' title='bbox 1233 2199 1348 2288; x_wconf 86' lang='lat' dir='ltr'>facto,</span> <span class='ocrx_word' id='word_1_75' title='bbox 1365 2219 1545 2309; x_wconf 84' lang='lat' dir='ltr'>tanquam</span> <span class='ocrx_word' id='word_1_76' title='bbox 1560 2200 1692 2278; x_wconf 83' lang='lat' dir='ltr'>alalso</span> <span class='ocrx_word' id='word_1_77' title='bbox 1705 2217 1868 2306; x_wconf 76' lang='lat' dir='ltr'>etpravo</span> <span class='ocrx_word' id='word_1_78' title='bbox 1884 2200 1932 2278; x_wconf 89' lang='lat' dir='ltr'>ad</span> <span class='ocrx_word' id='word_1_79' title='bbox 1947 2218 2114 2278; x_wconf 87' lang='lat' dir='ltr'>nostram</span> <span class='ocrx_word' id='word_1_80' title='bbox 2132 2203 2274 2279; x_wconf 88' lang='lat' dir='ltr'>curiam</span> 
     </span>
     <span class='ocr_line' id='line_1_10' title="bbox 850 2329 2274 2438; baseline 0.003 -32"><span class='ocrx_word' id='word_1_81' title='bbox 850 2329 1092 2438; x_wconf 77' lang='lat' dir='ltr'>appellasset:</span> <span class='ocrx_word' id='word_1_82' title='bbox 1114 2330 1301 2421; x_wconf 89' lang='lat' dir='ltr'>Tandem,</span> <span class='ocrx_word' id='word_1_83' title='bbox 1323 2331 1362 2408; x_wconf 93' lang='lat' dir='ltr'>in</span> <span class='ocrx_word' id='word_1_84' title='bbox 1389 2361 1497 2408; x_wconf 88' lang='lat' dir='ltr'>causa</span> <span class='ocrx_word' id='word_1_85' title='bbox 1518 2331 1617 2408; x_wconf 89' lang='lat' dir='ltr'>dicte</span> <span class='ocrx_word' id='word_1_86' title='bbox 1637 2331 1921 2438; x_wconf 82' lang='lat' dir='ltr'>appellacionis,</span> <span class='ocrx_word' id='word_1_87' title='bbox 1944 2331 2082 2409; x_wconf 88' lang='lat' dir='ltr'>auditis</span> <span class='ocrx_word' id='word_1_88' title='bbox 2105 2331 2274 2437; x_wconf 85' lang='lat' dir='ltr'>partibus</span> 
     </span>
     <span class='ocr_line' id='line_1_11' title="bbox 848 2461 2276 2569; baseline 0.002 -32"><span class='ocrx_word' id='word_1_89' title='bbox 848 2461 936 2539; x_wconf 91' lang='lat' dir='ltr'>binc</span> <span class='ocrx_word' id='word_1_90' title='bbox 957 2479 994 2538; x_wconf 90' lang='lat' dir='ltr'>et</span> <span class='ocrx_word' id='word_1_91' title='bbox 1013 2462 1118 2549; x_wconf 92' lang='lat' dir='ltr'>inde,</span> <span class='ocrx_word' id='word_1_92' title='bbox 1138 2462 1291 2568; x_wconf 85' lang='lat' dir='ltr'>visoque</span> <span class='ocrx_word' id='word_1_93' title='bbox 1312 2487 1489 2568; x_wconf 92' lang='lat' dir='ltr'>processu</span> <span class='ocrx_word' id='word_1_94' title='bbox 1508 2490 1634 2539; x_wconf 91' lang='lat' dir='ltr'>coram</span> <span class='ocrx_word' id='word_1_95' title='bbox 1655 2462 1756 2540; x_wconf 91' lang='lat' dir='ltr'>dicto</span> <span class='ocrx_word' id='word_1_96' title='bbox 1776 2461 1967 2569; x_wconf 88' lang='lat' dir='ltr'>preposito</span> <span class='ocrx_word' id='word_1_97' title='bbox 1984 2489 2098 2567; x_wconf 90' lang='lat' dir='ltr'>super</span> <span class='ocrx_word' id='word_1_98' title='bbox 2117 2461 2190 2538; x_wconf 89' lang='lat' dir='ltr'>hoe</span> <span class='ocrx_word' id='word_1_99' title='bbox 2210 2463 2276 2540; x_wconf 88' lang='lat' dir='ltr'>ha·</span> 
     </span>
     <span class='ocr_line' id='line_1_12' title="bbox 847 2591 2304 2702; baseline 0.001 -34"><span class='ocrx_word' id='word_1_100' title='bbox 847 2591 944 2685; x_wconf 90' lang='lat' dir='ltr'>bito,</span> <span class='ocrx_word' id='word_1_101' title='bbox 966 2593 1054 2700; x_wconf 93' lang='lat' dir='ltr'>quia</span> <span class='ocrx_word' id='word_1_102' title='bbox 1072 2621 1140 2699; x_wconf 90' lang='lat' dir='ltr'>per</span> <span class='ocrx_word' id='word_1_103' title='bbox 1160 2594 1331 2702; x_wconf 87' lang='lat' dir='ltr'>ejusdem</span> <span class='ocrx_word' id='word_1_104' title='bbox 1346 2621 1541 2699; x_wconf 89' lang='lat' dir='ltr'>processus</span> <span class='ocrx_word' id='word_1_105' title='bbox 1556 2594 1830 2700; x_wconf 87' lang='lat' dir='ltr'>inspectionem</span> <span class='ocrx_word' id='word_1_106' title='bbox 1847 2594 1951 2672; x_wconf 89' lang='lat' dir='ltr'>curie</span> <span class='ocrx_word' id='word_1_107' title='bbox 1965 2609 2091 2671; x_wconf 87' lang='lat' dir='ltr'>nostre</span> <span class='ocrx_word' id='word_1_108' title='bbox 2107 2594 2275 2672; x_wconf 87' lang='lat' dir='ltr'>constitit</span> <span class='ocrx_word' id='word_1_109' title='bbox 2301 2651 2304 2655; x_wconf 73' lang='lat'><strong>·</strong></span> 
     </span>
     <span class='ocr_line' id='line_1_13' title="bbox 847 2701 2274 2833; baseline 0.002 -34"><span class='ocrx_word' id='word_1_110' title='bbox 847 2724 954 2830; x_wconf 91' lang='lat' dir='ltr'>quod</span> <span class='ocrx_word' id='word_1_111' title='bbox 969 2724 1092 2802; x_wconf 89' lang='lat' dir='ltr'>dictus</span> <span class='ocrx_word' id='word_1_112' title='bbox 1106 2701 1335 2833; x_wconf 85' lang='lat' dir='ltr'>prepositus,</span> <span class='ocrx_word' id='word_1_113' title='bbox 1353 2753 1466 2831; x_wconf 88' lang='lat' dir='ltr'>super</span> <span class='ocrx_word' id='word_1_114' title='bbox 1479 2725 1708 2832; x_wconf 88' lang='lat' dir='ltr'>quibusdam</span> <span class='ocrx_word' id='word_1_115' title='bbox 1725 2724 2064 2803; x_wconf 88' lang='lat' dir='ltr'>consuetudinibus</span> <span class='ocrx_word' id='word_1_116' title='bbox 2079 2724 2274 2802; x_wconf 88' lang='lat' dir='ltr'>hincinde</span> 
     </span>
     <span class='ocr_line' id='line_1_14' title="bbox 741 2835 2275 2963; baseline 0 -31"><span class='ocrx_word' id='word_1_117' title='bbox 741 2835 744 2852; x_wconf 39' lang='lat'><strong>¹</strong></span> <span class='ocrx_word' id='word_1_118' title='bbox 846 2856 1048 2961; x_wconf 88' lang='lat' dir='ltr'>propositis</span> <span class='ocrx_word' id='word_1_119' title='bbox 1068 2855 1275 2962; x_wconf 83' lang='lat' dir='ltr'>apartibus</span> <span class='ocrx_word' id='word_1_120' title='bbox 1295 2884 1420 2934; x_wconf 89' lang='lat' dir='ltr'>coram</span> <span class='ocrx_word' id='word_1_121' title='bbox 1439 2855 1541 2961; x_wconf 87' lang='lat' dir='ltr'>ipso,</span> <span class='ocrx_word' id='word_1_122' title='bbox 1563 2884 1636 2933; x_wconf 90' lang='lat' dir='ltr'>nec</span> <span class='ocrx_word' id='word_1_123' title='bbox 1655 2856 1925 2963; x_wconf 90' lang='lat' dir='ltr'>probacionem</span> <span class='ocrx_word' id='word_1_124' title='bbox 1946 2884 2017 2931; x_wconf 90' lang='lat' dir='ltr'>nec</span> <span class='ocrx_word' id='word_1_125' title='bbox 2035 2854 2275 2933; x_wconf 83' lang='lat' dir='ltr'>informacio-</span> 
     </span>
     <span class='ocr_line' id='line_1_15' title="bbox 848 2985 2272 3095; baseline 0 -33"><span class='ocrx_word' id='word_1_126' title='bbox 848 3013 937 3063; x_wconf 87' lang='lat' dir='ltr'>nem</span> <span class='ocrx_word' id='word_1_127' title='bbox 949 2985 1113 3093; x_wconf 86' lang='lat' dir='ltr'>aliquam</span> <span class='ocrx_word' id='word_1_128' title='bbox 1128 2987 1285 3093; x_wconf 89' lang='lat' dir='ltr'>recepit,</span> <span class='ocrx_word' id='word_1_129' title='bbox 1304 2987 1406 3064; x_wconf 88' lang='lat' dir='ltr'>curia</span> <span class='ocrx_word' id='word_1_130' title='bbox 1422 3002 1549 3064; x_wconf 86' lang='lat' dir='ltr'>nostra</span> <span class='ocrx_word' id='word_1_131' title='bbox 1563 3013 1679 3092; x_wconf 90' lang='lat' dir='ltr'>super</span> <span class='ocrx_word' id='word_1_132' title='bbox 1695 2987 1749 3064; x_wconf 92' lang='lat' dir='ltr'>eis</span> <span class='ocrx_word' id='word_1_133' title='bbox 1767 3015 1808 3064; x_wconf 90' lang='lat' dir='ltr'>se</span> <span class='ocrx_word' id='word_1_134' title='bbox 1823 2985 2023 3095; x_wconf 87' lang='lat' dir='ltr'>diligenter</span> <span class='ocrx_word' id='word_1_135' title='bbox 2039 2985 2272 3076; x_wconf 84' lang='lat' dir='ltr'>informavit;</span> 
     </span>
     <span class='ocr_line' id='line_1_16' title="bbox 846 3116 2272 3226; baseline 0 -34"><span class='ocrx_word' id='word_1_136' title='bbox 846 3117 923 3194; x_wconf 86' lang='lat' dir='ltr'>visa</span> <span class='ocrx_word' id='word_1_137' title='bbox 940 3118 1054 3226; x_wconf 85' lang='lat' dir='ltr'>igitur</span> <span class='ocrx_word' id='word_1_138' title='bbox 1076 3116 1347 3196; x_wconf 83' lang='lat' dir='ltr'>informacione</span> <span class='ocrx_word' id='word_1_139' title='bbox 1367 3116 1460 3194; x_wconf 85' lang='lat' dir='ltr'>lacta</span> <span class='ocrx_word' id='word_1_140' title='bbox 1480 3147 1594 3225; x_wconf 87' lang='lat' dir='ltr'>super</span> <span class='ocrx_word' id='word_1_141' title='bbox 1615 3118 1708 3208; x_wconf 88' lang='lat' dir='ltr'>hoo,</span> <span class='ocrx_word' id='word_1_142' title='bbox 1730 3145 1798 3224; x_wconf 90' lang='lat' dir='ltr'>per</span> <span class='ocrx_word' id='word_1_143' title='bbox 1818 3119 1920 3196; x_wconf 88' lang='lat' dir='ltr'>curie</span> <span class='ocrx_word' id='word_1_144' title='bbox 1942 3135 2069 3196; x_wconf 89' lang='lat' dir='ltr'>nostre</span> <span class='ocrx_word' id='word_1_145' title='bbox 2083 3116 2272 3224; x_wconf 89' lang='lat' dir='ltr'>judicium</span> 
     </span>
     <span class='ocr_line' id='line_1_17' title="bbox 847 3247 2273 3358; baseline -0.001 -33"><span class='ocrx_word' id='word_1_146' title='bbox 847 3248 967 3326; x_wconf 83' lang='lat' dir='ltr'>extitit</span> <span class='ocrx_word' id='word_1_147' title='bbox 992 3247 1282 3354; x_wconf 83' lang='lat' dir='ltr'>pronunciatum</span> <span class='ocrx_word' id='word_1_148' title='bbox 1309 3249 1454 3325; x_wconf 89' lang='lat' dir='ltr'>dictum</span> <span class='ocrx_word' id='word_1_149' title='bbox 1478 3249 1710 3355; x_wconf 86' lang='lat' dir='ltr'>prepositum</span> <span class='ocrx_word' id='word_1_150' title='bbox 1736 3248 1834 3326; x_wconf 88' lang='lat' dir='ltr'>bene</span> <span class='ocrx_word' id='word_1_151' title='bbox 1854 3249 2041 3358; x_wconf 89' lang='lat' dir='ltr'>judicasse</span> <span class='ocrx_word' id='word_1_152' title='bbox 2064 3264 2103 3324; x_wconf 87' lang='lat' dir='ltr'>et</span> <span class='ocrx_word' id='word_1_153' title='bbox 2125 3247 2273 3354; x_wconf 70' lang='lat' dir='ltr'>predio</span> 
     </span>
     <span class='ocr_line' id='line_1_18' title="bbox 845 3376 2271 3485; baseline 0 -31"><span class='ocrx_word' id='word_1_154' title='bbox 845 3394 929 3454; x_wconf 87' lang='lat' dir='ltr'>tum</span> <span class='ocrx_word' id='word_1_155' title='bbox 949 3377 1128 3455; x_wconf 89' lang='lat' dir='ltr'>Colinum</span> <span class='ocrx_word' id='word_1_156' title='bbox 1149 3376 1247 3455; x_wconf 87' lang='lat' dir='ltr'>male</span> <span class='ocrx_word' id='word_1_157' title='bbox 1269 3378 1496 3485; x_wconf 83' lang='lat' dir='ltr'>appellasse,</span> <span class='ocrx_word' id='word_1_158' title='bbox 1516 3379 1616 3458; x_wconf 86' lang='lat' dir='ltr'>salvo</span> <span class='ocrx_word' id='word_1_159' title='bbox 1634 3395 1761 3456; x_wconf 63' lang='lat' dir='ltr'>nmen</span> <span class='ocrx_word' id='word_1_160' title='bbox 1782 3395 1821 3456; x_wconf 92' lang='lat' dir='ltr'>et</span> <span class='ocrx_word' id='word_1_161' title='bbox 1839 3405 1907 3485; x_wconf 90' lang='lat' dir='ltr'>per</span> <span class='ocrx_word' id='word_1_162' title='bbox 1925 3379 2083 3457; x_wconf 87' lang='lat' dir='ltr'>eandem</span> <span class='ocrx_word' id='word_1_163' title='bbox 2102 3406 2271 3484; x_wconf 90' lang='lat' dir='ltr'>pronun·</span> 
     </span>
     <span class='ocr_line' id='line_1_19' title="bbox 846 3507 2270 3617; baseline 0 -34"><span class='ocrx_word' id='word_1_164' title='bbox 846 3507 1049 3584; x_wconf 85' lang='lat' dir='ltr'>ciacionem</span> <span class='ocrx_word' id='word_1_165' title='bbox 1070 3507 1171 3586; x_wconf 92' lang='lat' dir='ltr'>dicto</span> <span class='ocrx_word' id='word_1_166' title='bbox 1192 3507 1326 3588; x_wconf 89' lang='lat' dir='ltr'>Colino</span> <span class='ocrx_word' id='word_1_167' title='bbox 1346 3527 1530 3588; x_wconf 90' lang='lat' dir='ltr'>reservato</span> <span class='ocrx_word' id='word_1_168' title='bbox 1546 3510 1634 3617; x_wconf 89' lang='lat' dir='ltr'>jure</span> <span class='ocrx_word' id='word_1_169' title='bbox 1654 3538 1724 3588; x_wconf 90' lang='lat' dir='ltr'>suo</span> <span class='ocrx_word' id='word_1_170' title='bbox 1748 3509 1788 3585; x_wconf 92' lang='lat' dir='ltr'>in</span> <span class='ocrx_word' id='word_1_171' title='bbox 1809 3507 2003 3602; x_wconf 89' lang='lat' dir='ltr'>omnibus,</span> <span class='ocrx_word' id='word_1_172' title='bbox 2025 3509 2055 3586; x_wconf 90' lang='lat' dir='ltr'>si</span> <span class='ocrx_word' id='word_1_173' title='bbox 2074 3509 2180 3614; x_wconf 91' lang='lat' dir='ltr'>quod</span> <span class='ocrx_word' id='word_1_174' title='bbox 2198 3507 2270 3586; x_wconf 88' lang='lat' dir='ltr'>sibi</span> 
     </span>
     <span class='ocr_line' id='line_1_20' title="bbox 847 3639 2271 3753; baseline -0.002 -36"><span class='ocrx_word' id='word_1_175' title='bbox 847 3657 1049 3746; x_wconf 85' lang='lat' dir='ltr'>competat,</span> <span class='ocrx_word' id='word_1_176' title='bbox 1071 3658 1199 3719; x_wconf 87' lang='lat' dir='ltr'>contra</span> <span class='ocrx_word' id='word_1_177' title='bbox 1221 3639 1365 3718; x_wconf 86' lang='lat' dir='ltr'>dictum</span> <span class='ocrx_word' id='word_1_178' title='bbox 1385 3642 1604 3753; x_wconf 82' lang='lat' dir='ltr'>magistrum</span> <span class='ocrx_word' id='word_1_179' title='bbox 1623 3642 1838 3720; x_wconf 73' lang='lat' dir='ltr'>iohannem</span> <span class='ocrx_word' id='word_1_180' title='bbox 1855 3640 2003 3720; x_wconf 90' lang='lat' dir='ltr'>racione</span> <span class='ocrx_word' id='word_1_181' title='bbox 2025 3640 2271 3720; x_wconf 88' lang='lat' dir='ltr'>successionis</span> 
     </span>
     <span class='ocr_line' id='line_1_21' title="bbox 846 3791 1026 3850; baseline 0.017 -3"><span class='ocrx_word' id='word_1_182' title='bbox 846 3791 1026 3850; x_wconf 86' lang='lat' dir='ltr'>materne.</span> 
     </span>
     <span class='ocr_line' id='line_1_22' title="bbox 902 3903 1592 4011; baseline -0.001 -29"><span class='ocrx_word' id='word_1_183' title='bbox 902 3903 1078 3983; x_wconf 87' lang='lat' dir='ltr'>Mercurii</span> <span class='ocrx_word' id='word_1_184' title='bbox 1097 3923 1182 4011; x_wconf 89' lang='lat' dir='ltr'>post</span> <span class='ocrx_word' id='word_1_185' title='bbox 1199 3906 1332 3984; x_wconf 89' lang='lat' dir='ltr'>Letare</span> <span class='ocrx_word' id='word_1_186' title='bbox 1351 3907 1557 3986; x_wconf 86' lang='lat' dir='ltr'>Jerusalem</span> <span class='ocrx_word' id='word_1_187' title='bbox 1567 3913 1592 3982; x_wconf 88' lang='lat'>¹.</span> 
     </span>
    </p>
   </div>
   <div class='ocr_carea' id='block_1_3' title="bbox 900 4167 2272 4276">
    <p class='ocr_par' dir='ltr' id='par_1_3' title="bbox 900 4167 2272 4276">
     <span class='ocr_line' id='line_1_23' title="bbox 900 4167 2272 4276; baseline 0 -30"><span class='ocrx_word' id='word_1_188' title='bbox 900 4169 1055 4249; x_wconf 71' lang='lat' dir='ltr'>XXVIII.</span> <span class='ocrx_word' id='word_1_189' title='bbox 1087 4169 1183 4248; x_wconf 90' lang='lat' dir='ltr'>Cum</span> <span class='ocrx_word' id='word_1_190' title='bbox 1204 4169 1413 4248; x_wconf 86' lang='lat' dir='ltr'>Richardus</span> <span class='ocrx_word' id='word_1_191' title='bbox 1435 4171 1482 4248; x_wconf 90' lang='lat' dir='ltr'>de</span> <span class='ocrx_word' id='word_1_192' title='bbox 1503 4167 1763 4258; x_wconf 76' lang='lat' dir='ltr'>Chambtiam,</span> <span class='ocrx_word' id='word_1_193' title='bbox 1788 4169 2003 4276; x_wconf 89' lang='lat' dir='ltr'>prepositus</span> <span class='ocrx_word' id='word_1_194' title='bbox 2020 4167 2272 4248; x_wconf 76' lang='lat' dir='ltr'>silvaneeten-</span> 
     </span>
    </p>
   </div>
   <div class='ocr_carea' id='block_1_4' title="bbox 843 4299 2272 5193">
    <p class='ocr_par' dir='ltr' id='par_1_4' title="bbox 843 4299 2272 5193">
     <span class='ocr_line' id='line_1_24' title="bbox 845 4299 2272 4409; baseline 0.001 -34"><span class='ocrx_word' id='word_1_195' title='bbox 845 4300 912 4387; x_wconf 87' lang='lat' dir='ltr'>sis,</span> <span class='ocrx_word' id='word_1_196' title='bbox 935 4301 1254 4408; x_wconf 84' lang='lat' dir='ltr'>proquibusdam</span> <span class='ocrx_word' id='word_1_197' title='bbox 1278 4301 1552 4380; x_wconf 89' lang='lat' dir='ltr'>inobedienciis</span> <span class='ocrx_word' id='word_1_198' title='bbox 1576 4318 1615 4378; x_wconf 91' lang='lat' dir='ltr'>et</span> <span class='ocrx_word' id='word_1_199' title='bbox 1637 4299 1815 4380; x_wconf 87' lang='lat' dir='ltr'>rescussis</span> <span class='ocrx_word' id='word_1_200' title='bbox 1836 4329 1929 4409; x_wconf 90' lang='lat' dir='ltr'>quas</span> <span class='ocrx_word' id='word_1_201' title='bbox 1951 4301 2031 4407; x_wconf 90' lang='lat' dir='ltr'>ipse</span> <span class='ocrx_word' id='word_1_202' title='bbox 2056 4299 2272 4408; x_wconf 88' lang='lat' dir='ltr'>imponebat</span> 
     </span>
     <span class='ocr_line' id='line_1_25' title="bbox 845 4429 2271 4540; baseline 0 -35"><span class='ocrx_word' id='word_1_203' title='bbox 845 4429 954 4507; x_wconf 85' lang='lat' dir='ltr'>Petro</span> <span class='ocrx_word' id='word_1_204' title='bbox 983 4431 1019 4509; x_wconf 90' lang='lat' dir='ltr'>le</span> <span class='ocrx_word' id='word_1_205' title='bbox 1049 4433 1233 4524; x_wconf 86' lang='lat' dir='ltr'>Descauz,</span> <span class='ocrx_word' id='word_1_206' title='bbox 1259 4434 1306 4511; x_wconf 87' lang='lat' dir='ltr'>de</span> <span class='ocrx_word' id='word_1_207' title='bbox 1330 4433 1483 4525; x_wconf 88' lang='lat' dir='ltr'>Braele,</span> <span class='ocrx_word' id='word_1_208' title='bbox 1509 4451 1585 4510; x_wconf 89' lang='lat' dir='ltr'>tres</span> <span class='ocrx_word' id='word_1_209' title='bbox 1612 4432 1791 4512; x_wconf 88' lang='lat' dir='ltr'>emendas</span> <span class='ocrx_word' id='word_1_210' title='bbox 1815 4451 1961 4540; x_wconf 90' lang='lat' dir='ltr'>peteret</span> <span class='ocrx_word' id='word_1_211' title='bbox 1984 4434 2032 4512; x_wconf 89' lang='lat' dir='ltr'>ab</span> <span class='ocrx_word' id='word_1_212' title='bbox 2056 4433 2211 4520; x_wconf 90' lang='lat' dir='ltr'>eodem,</span> <span class='ocrx_word' id='word_1_213' title='bbox 2234 4447 2271 4507; x_wconf 87' lang='lat' dir='ltr'>et</span> 
     </span>
     <span class='ocr_line' id='line_1_26' title="bbox 845 4562 2269 4672; baseline 0.001 -35"><span class='ocrx_word' id='word_1_214' title='bbox 845 4579 999 4667; x_wconf 86' lang='lat' dir='ltr'>propter</span> <span class='ocrx_word' id='word_1_215' title='bbox 1018 4562 1090 4640; x_wconf 90' lang='lat' dir='ltr'>hoc</span> <span class='ocrx_word' id='word_1_216' title='bbox 1105 4565 1187 4672; x_wconf 82' lang='lat' dir='ltr'>ejus</span> <span class='ocrx_word' id='word_1_217' title='bbox 1204 4566 1304 4643; x_wconf 89' lang='lat' dir='ltr'>bona</span> <span class='ocrx_word' id='word_1_218' title='bbox 1320 4567 1497 4672; x_wconf 76' lang='lat' dir='ltr'>cepisset,</span> <span class='ocrx_word' id='word_1_219' title='bbox 1515 4583 1553 4642; x_wconf 89' lang='lat' dir='ltr'>et</span> <span class='ocrx_word' id='word_1_220' title='bbox 1572 4593 1593 4641; x_wconf 92' lang='lat' dir='ltr'>e</span> <span class='ocrx_word' id='word_1_221' title='bbox 1609 4583 1739 4644; x_wconf 87' lang='lat' dir='ltr'>contra</span> <span class='ocrx_word' id='word_1_222' title='bbox 1755 4565 1879 4644; x_wconf 85' lang='lat' dir='ltr'>dictus</span> <span class='ocrx_word' id='word_1_223' title='bbox 1893 4567 2026 4644; x_wconf 88' lang='lat' dir='ltr'>Petrus</span> <span class='ocrx_word' id='word_1_224' title='bbox 2040 4580 2269 4670; x_wconf 86' lang='lat' dir='ltr'>proponeret</span> 
     </span>
     <span class='ocr_line' id='line_1_27' title="bbox 844 4692 2266 4801; baseline 0 -35"><span class='ocrx_word' id='word_1_225' title='bbox 844 4716 900 4779; x_wconf 86' lang='lat' dir='ltr'>se,</span> <span class='ocrx_word' id='word_1_226' title='bbox 924 4692 1073 4770; x_wconf 91' lang='lat' dir='ltr'>racione</span> <span class='ocrx_word' id='word_1_227' title='bbox 1100 4694 1284 4773; x_wconf 83' lang='lat' dir='ltr'>factorum</span> <span class='ocrx_word' id='word_1_228' title='bbox 1303 4695 1375 4773; x_wconf 92' lang='lat' dir='ltr'>sibi</span> <span class='ocrx_word' id='word_1_229' title='bbox 1400 4695 1681 4801; x_wconf 86' lang='lat' dir='ltr'>impositorum,</span> <span class='ocrx_word' id='word_1_230' title='bbox 1710 4696 1749 4772; x_wconf 92' lang='lat' dir='ltr'>in</span> <span class='ocrx_word' id='word_1_231' title='bbox 1777 4695 1949 4773; x_wconf 87' lang='lat' dir='ltr'>emendis</span> <span class='ocrx_word' id='word_1_232' title='bbox 1971 4692 2161 4798; x_wconf 89' lang='lat' dir='ltr'>aliquibus</span> <span class='ocrx_word' id='word_1_233' title='bbox 2188 4717 2266 4768; x_wconf 86' lang='lat' dir='ltr'>non</span> 
     </span>
     <span class='ocr_line' id='line_1_28' title="bbox 843 4820 2268 4934; baseline -0.001 -36"><span class='ocrx_word' id='word_1_234' title='bbox 843 4824 982 4900; x_wconf 88' lang='lat' dir='ltr'>teneri:</span> <span class='ocrx_word' id='word_1_235' title='bbox 994 4825 1164 4903; x_wconf 88' lang='lat' dir='ltr'>Tandem</span> <span class='ocrx_word' id='word_1_236' title='bbox 1178 4827 1351 4934; x_wconf 86' lang='lat' dir='ltr'>inquesta</span> <span class='ocrx_word' id='word_1_237' title='bbox 1364 4827 1412 4903; x_wconf 90' lang='lat' dir='ltr'>de</span> <span class='ocrx_word' id='word_1_238' title='bbox 1424 4827 1602 4904; x_wconf 86' lang='lat' dir='ltr'>mandato</span> <span class='ocrx_word' id='word_1_239' title='bbox 1612 4826 1740 4904; x_wconf 89' lang='lat' dir='ltr'>ballivi</span> <span class='ocrx_word' id='word_1_240' title='bbox 1753 4821 2041 4904; x_wconf 75' lang='lat' dir='ltr'>silvanectensis</span> <span class='ocrx_word' id='word_1_241' title='bbox 2050 4820 2143 4920; x_wconf 77' lang='lat' dir='ltr'>facta</span> <span class='ocrx_word' id='word_1_242' title='bbox 2153 4848 2268 4927; x_wconf 91' lang='lat' dir='ltr'>super</span> 
     </span>
     <span class='ocr_line' id='line_1_29' title="bbox 844 4950 2267 5066; baseline -0.001 -37"><span class='ocrx_word' id='word_1_243' title='bbox 844 4954 934 5046; x_wconf 90' lang='lat' dir='ltr'>hoc,</span> <span class='ocrx_word' id='word_1_244' title='bbox 948 4956 1024 5032; x_wconf 89' lang='lat' dir='ltr'>visa</span> <span class='ocrx_word' id='word_1_245' title='bbox 1038 4973 1075 5033; x_wconf 89' lang='lat' dir='ltr'>et</span> <span class='ocrx_word' id='word_1_246' title='bbox 1090 4956 1291 5066; x_wconf 84' lang='lat' dir='ltr'>diligenter</span> <span class='ocrx_word' id='word_1_247' title='bbox 1305 4956 1532 5045; x_wconf 85' lang='lat' dir='ltr'>examinata,</span> <span class='ocrx_word' id='word_1_248' title='bbox 1552 4957 1820 5066; x_wconf 85' lang='lat' dir='ltr'>perjudicium</span> <span class='ocrx_word' id='word_1_249' title='bbox 1837 4970 1964 5030; x_wconf 90' lang='lat' dir='ltr'>nostre</span> <span class='ocrx_word' id='word_1_250' title='bbox 1981 4952 2101 5041; x_wconf 82' lang='lat' dir='ltr'>curie,</span> <span class='ocrx_word' id='word_1_251' title='bbox 2122 4950 2267 5029; x_wconf 90' lang='lat' dir='ltr'>dictum</span> 
     </span>
     <span class='ocr_line' id='line_1_30' title="bbox 843 5081 2267 5193; baseline -0.002 -32"><span class='ocrx_word' id='word_1_252' title='bbox 843 5084 916 5162; x_wconf 83' lang='lat' dir='ltr'>luit</span> <span class='ocrx_word' id='word_1_253' title='bbox 933 5088 1145 5193; x_wconf 87' lang='lat' dir='ltr'>predictum</span> <span class='ocrx_word' id='word_1_254' title='bbox 1159 5091 1314 5166; x_wconf 89' lang='lat' dir='ltr'>Petrum</span> <span class='ocrx_word' id='word_1_255' title='bbox 1329 5115 1407 5165; x_wconf 91' lang='lat' dir='ltr'>non</span> <span class='ocrx_word' id='word_1_256' title='bbox 1422 5089 1544 5165; x_wconf 91' lang='lat' dir='ltr'>teneri</span> <span class='ocrx_word' id='word_1_257' title='bbox 1560 5089 1601 5167; x_wconf 88' lang='lat' dir='ltr'>in</span> <span class='ocrx_word' id='word_1_258' title='bbox 1618 5086 1788 5167; x_wconf 89' lang='lat' dir='ltr'>emendis</span> <span class='ocrx_word' id='word_1_259' title='bbox 1806 5085 2002 5192; x_wconf 88' lang='lat' dir='ltr'>predictis,</span> <span class='ocrx_word' id='word_1_260' title='bbox 2021 5100 2059 5161; x_wconf 89' lang='lat' dir='ltr'>et</span> <span class='ocrx_word' id='word_1_261' title='bbox 2074 5083 2179 5191; x_wconf 91' lang='lat' dir='ltr'>quod</span> <span class='ocrx_word' id='word_1_262' title='bbox 2194 5081 2267 5160; x_wconf 86' lang='lat' dir='ltr'>sibi</span> 
     </span>
    </p>
   </div>
   <div class='ocr_carea' id='block_1_5' title="bbox 842 5295 2264 5590">
    <p class='ocr_par' dir='ltr' id='par_1_5' title="bbox 842 5295 2264 5590">
     <span class='ocr_line' id='line_1_31' title="bbox 886 5295 2264 5384; baseline -0.002 -24"><span class='ocrx_word' id='word_1_263' title='bbox 886 5299 893 5328; x_wconf 94' lang='lat'><strong>¹</strong></span> <span class='ocrx_word' id='word_1_264' title='bbox 916 5299 964 5360; x_wconf 92' lang='lat' dir='ltr'>On</span> <span class='ocrx_word' id='word_1_265' title='bbox 977 5301 1011 5361; x_wconf 83' lang='lat' dir='ltr'>lit</span> <span class='ocrx_word' id='word_1_266' title='bbox 1025 5323 1063 5362; x_wconf 89' lang='lat' dir='ltr'>en</span> <span class='ocrx_word' id='word_1_267' title='bbox 1076 5323 1176 5384; x_wconf 83' lang='lat' dir='ltr'>marga</span> <span class='ocrx_word' id='word_1_268' title='bbox 1191 5323 1224 5361; x_wconf 88' lang='lat' dir='ltr'>ce</span> <span class='ocrx_word' id='word_1_269' title='bbox 1239 5301 1291 5384; x_wconf 88' lang='lat' dir='ltr'>qui</span> <span class='ocrx_word' id='word_1_270' title='bbox 1306 5302 1380 5360; x_wconf 81' lang='lat' dir='ltr'>suit:</span> <span class='ocrx_word' id='word_1_271' title='bbox 1591 5321 1706 5363; x_wconf 73' lang='lat' dir='ltr'>oemum</span> <span class='ocrx_word' id='word_1_272' title='bbox 1720 5299 1812 5357; x_wconf 83' lang='lat' dir='ltr'>istum</span> <span class='ocrx_word' id='word_1_273' title='bbox 1826 5295 1933 5358; x_wconf 78' lang='lat' dir='ltr'>mdidi</span> <span class='ocrx_word' id='word_1_274' title='bbox 1954 5296 1993 5356; x_wconf 82' lang='lat' dir='ltr'>M.</span> <span class='ocrx_word' id='word_1_275' title='bbox 2009 5296 2129 5378; x_wconf 81' lang='lat' dir='ltr'>Hugoni</span> <span class='ocrx_word' id='word_1_276' title='bbox 2145 5295 2264 5365; x_wconf 84' lang='lat' dir='ltr'>Retore.</span> 
     </span>
     <span class='ocr_line' id='line_1_32' title="bbox 885 5399 2117 5486; baseline -0.002 -23"><span class='ocrx_word' id='word_1_277' title='bbox 885 5403 991 5464; x_wconf 79' lang='lat' dir='ltr'>«Anno</span> <span class='ocrx_word' id='word_1_278' title='bbox 1001 5425 1053 5465; x_wconf 90' lang='lat' dir='ltr'>cco</span> <span class='ocrx_word' id='word_1_279' title='bbox 1062 5403 1164 5472; x_wconf 82' lang='lat' dir='ltr'>tercio.</span> <span class='ocrx_word' id='word_1_280' title='bbox 1175 5402 1251 5485; x_wconf 80' lang='lat' dir='ltr'>jovis</span> <span class='ocrx_word' id='word_1_281' title='bbox 1266 5415 1332 5486; x_wconf 85' lang='lat' dir='ltr'>post</span> <span class='ocrx_word' id='word_1_282' title='bbox 1345 5402 1517 5465; x_wconf 73' lang='lat' dir='ltr'>Pentheoos</span> <span class='ocrx_word' id='word_1_283' title='bbox 1591 5403 1623 5461; x_wconf 91' lang='lat' dir='ltr'>in</span> <span class='ocrx_word' id='word_1_284' title='bbox 1637 5408 1696 5484; x_wconf 84' lang='lat' dir='ltr'>quo</span> <span class='ocrx_word' id='word_1_285' title='bbox 1710 5407 1806 5481; x_wconf 82' lang='lat' dir='ltr'>partes</span> <span class='ocrx_word' id='word_1_286' title='bbox 1820 5399 2117 5482; x_wconf 73' lang='lat' dir='ltr'>compromiserunt·</span> 
     </span>
     <span class='ocr_line' id='line_1_33' title="bbox 842 5503 1519 5590; baseline 0.006 -26"><span class='ocrx_word' id='word_1_287' title='bbox 842 5516 905 5573; x_wconf 83' lang='lat' dir='ltr'>ten.</span> <span class='ocrx_word' id='word_1_288' title='bbox 921 5505 1111 5568; x_wconf 80' lang='lat' dir='ltr'>demandato</span> <span class='ocrx_word' id='word_1_289' title='bbox 1128 5506 1153 5567; x_wconf 84' lang='lat' dir='ltr'>J.</span> <span class='ocrx_word' id='word_1_290' title='bbox 1174 5503 1211 5565; x_wconf 88' lang='lat' dir='ltr'>de</span> <span class='ocrx_word' id='word_1_291' title='bbox 1235 5505 1432 5590; x_wconf 79' lang='lat' dir='ltr'>Montigniaoo</span> <span class='ocrx_word' id='word_1_292' title='bbox 1451 5525 1519 5587; x_wconf 66' lang='lat' dir='ltr'>pro</span> 
     </span>
    </p>
   </div>
   <div class='ocr_carea' id='block_1_6' title="bbox 0 0 2914 7290">
    <p class='ocr_par' dir='ltr' id='par_1_6' title="bbox 0 0 2914 7290">
     <span class='ocr_line' id='line_1_34' title="bbox 0 0 2914 7290; baseline 0 0"><span class='ocrx_word' id='word_1_293' title='bbox 0 0 2914 7290; x_wconf 95' lang='lat' dir='ltr'> </span> 
     </span>
    </p>
   </div>
  </div>
 </body>
</html>
