5817 7292
1073 1057 1341 1166 evonenus
1369 1076 1431 1148 nr
1459 1029 1665 1150 rnocns.
2036 1079 2080 1146 at

648 1218 872 1296 reddentur
883 1216 982 1296 bona
996 1245 1063 1294 sua
1077 1234 1231 1323 propter
1243 1219 1316 1296 hoc
1332 1233 1452 1323 capta,
1469 1216 1527 1295 vel
1544 1244 1678 1294 eorum
1692 1214 1796 1292 valor
1810 1217 1929 1292 sinon
1945 1233 2082 1294 extent.
2122 1233 2252 1286 rmum
2264 1232 2307 1294 ιν,

719 1348 895 1426 Mercurii
910 1365 995 1426 ante
1009 1347 1159 1426 Pascha.
2184 1327 2247 1368 ¹³⁰0·

715 1613 840 1692 XXIX.
871 1610 1122 1690 Confirmacio
1148 1609 1337 1690 sentencie
1370 1638 1439 1718 per
1469 1611 1713 1688 senescallum
1742 1611 2085 1718 Petregoricensem

659 1743 732 1820 late
752 1770 820 1850 pro
845 1743 944 1848 Rege
971 1760 1009 1820 et
1032 1742 1166 1820 abbate
1190 1739 1450 1828 Terracinensi
1475 1758 1605 1818 eontra
1631 1739 1856 1829 Gaufridum
1877 1740 1924 1816 de
1944 1741 2083 1832 Ponte,

658 1875 792 1980 scripta
812 1888 868 1951 est
887 1871 926 1948 in
946 1873 1119 1980 inquesta
1138 1888 1176 1949 et
1194 1871 1235 1950 in
1254 1871 1380 1950 rotulo
1400 1871 1515 1980 hujus
1532 1869 1754 1979 parlamenti
1773 1898 1891 1977 prope
1910 1870 2040 1948 finem.

711 2135 821 2210 XXX.
852 2135 951 2212 Cum
980 2134 1201 2226 Guillelma,
1232 2163 1327 2212 uxor
1352 2135 1508 2216 Geraldi
1541 2137 1589 2216 de
1617 2136 1768 2226 Boetia,
1801 2164 1925 2213 coram
1954 2134 2084 2241 bajulo
2144 2160 2149 2168 ·

655 2262 999 2342 MontisPessulani
1024 2294 1093 2371 pro
1113 2265 1257 2348 illustri
1273 2293 1361 2374 rege
1380 2265 1658 2373 Majoriearum‚
1681 2265 1933 2374 quarumdam
1956 2265 2085 2343 domo-

653 2421 738 2472 rum
759 2423 845 2473 cum
866 2394 1042 2472 viridario
1064 2396 1208 2475 eisdem
1223 2397 1421 2506 adjuncto,
1443 2397 1604 2477 sitarum
1616 2397 1657 2474 in
1671 2397 2025 2476 Monte-Pessulano
2045 2399 2083 2473 in

653 2526 812 2602 carreria
829 2543 955 2603 vocata
976 2527 1023 2604 de
1042 2527 1209 2620 Balenis,
1233 2528 1280 2606 de
1300 2527 1440 2636 quibus
1455 2528 1606 2607 dicebat
1622 2558 1662 2607 se
1678 2528 1873 2634 spoliatam
1888 2527 2002 2604 fuisse
2016 2557 2084 2633 per

654 2654 864 2734 lohannem
885 2655 933 2732 de
960 2657 1140 2748 Londris‚
1166 2674 1313 2764 peteret
1336 2657 1640 2745 restitucionem,
1668 2675 1706 2734 et
1726 2656 1975 2733 Ermessende
1997 2657 2084 2734 Car-

654 2784 786 2862 derina
804 2814 843 2864 se
864 2787 904 2863 in
924 2787 1154 2864 contrarium
1169 2802 1405 2892 opponente,
1423 2804 1462 2863 et
1478 2786 1629 2864 dicente
1642 2815 1681 2864 se
1696 2815 1776 2864 esse
1793 2787 1831 2861 in
1846 2787 2081 2892 possessione

653 2915 837 2994 dictarum
862 2916 1061 2994 domorum
1084 2933 1122 2993 et
1135 2915 1296 3024 jardini,
1319 2932 1357 2992 et
1376 2942 1512 2993 eorum
1529 2917 1737 3023 recipiendi
1762 2917 1984 3024 pensiones,
2006 2949 2081 3026 que

652 3046 777 3124 omnia
807 3046 990 3126 offerebat
1017 3074 1056 3124 se
1075 3045 1243 3154 legitime
1269 3044 1530 3152 probaturam,
1558 3047 1664 3124 etad
1687 3048 1758 3124 hec
1782 3049 1975 3154 probanda
1993 3080 2082 3155 pro·

652 3177 817 3256 duxisset
835 3195 950 3256 testes
970 3177 1035 3284 qui
1056 3205 1182 3254 coram
1201 3176 1303 3254 dicto
1323 3176 1474 3284 bajulo,
1500 3177 1541 3252 in
1560 3179 1754 3284 presencia
1774 3180 1890 3285 partis
1909 3181 2078 3271 adverse,

644 3309 882 3416 juraverunt,
910 3307 999 3386 lieet
1023 3336 1100 3385 non
1124 3307 1266 3385 fuerint
1285 3307 1488 3384 examinati
1505 3335 1576 3385 nec
1595 3310 1759 3401 steterit,
1780 3326 1824 3386 ut
1842 3309 1991 3402 dicitur,
2013 3342 2081 3418 per

648 3441 807 3518 eandem
826 3439 1125 3530 Ermessendim,
1148 3439 1271 3518 dictus
1289 3438 1458 3547 bajulus,
1479 3439 1806 3519 nonobstantibus
1824 3443 2027 3549 propositis
2042 3458 2080 3521 et

647 3570 725 3677 ipsa
744 3571 994 3648 Ermessende
1022 3599 1100 3648 non
1126 3587 1270 3662 vocata,
1291 3569 1555 3677 pronunciavit
1574 3570 1715 3648 dictam
1734 3569 1977 3651 Guillelmam
1999 3603 2078 3651 esse

620 3763 626 3772 ,
646 3700 902 3779 reducendam
929 3702 968 3778 in
995 3700 1271 3807 possessionem
1293 3699 1482 3778 dictorum
1503 3699 1707 3778 domorum
1727 3719 1767 3780 et
1779 3701 1931 3810 jardini.
1954 3705 2079 3811 Aqua

647 3831 838 3908 sentencie
861 3830 960 3908 dicta
978 3829 1238 3908 Ermessendis
1258 3829 1308 3906 ad
1329 3827 1459 3908 locum
1477 3847 1669 3910 tenentem
1697 3832 1786 3909 dicti
1804 3834 1903 3940 regis
1926 3834 2077 3940 Majori-

647 3987 772 4036 carum
794 3960 1011 4067 appellavit,
1039 3989 1164 4038 coram
1190 3989 1267 4068 quo
1289 3961 1488 4068 proposuit
1507 3961 1634 4038 omnia
1653 3961 1715 4040 illa
1734 3990 1809 4069 que
1829 3991 1955 4040 coram
1975 3963 2076 4040 dicto

645 4089 775 4199 bajulo
802 4110 1066 4198 proposuerat;
1094 4093 1159 4200 qui
1184 4091 1311 4170 locum
1336 4110 1488 4185 tenens,
1515 4121 1594 4170 uon
1621 4091 1856 4170 obstantibus
1874 4095 2077 4199 propositis

646 4220 720 4298 sive
741 4221 905 4329 scriptis,
928 4222 1189 4329 pronunciavit
1207 4223 1437 4301 sentenciam
1457 4222 1549 4301 dicti
1568 4221 1687 4330 bajuli
1707 4221 1847 4301 debere
1863 4224 2075 4302 execucioni

647 4351 877 4430 demandari.
898 4353 930 4428 A
954 4381 1027 4460 qua
1051 4353 1368 4459 pronunciacione
1389 4353 1489 4432 dicta
1506 4354 1766 4433 Ermessendis
1785 4355 1918 4432 iterato
1938 4356 1987 4432 ad
2005 4383 2075 4432 nos

645 4483 691 4558 ad
721 4483 905 4562 cautelam
934 4483 1151 4590 appellavit;
1179 4514 1294 4592 quarn
1326 4513 1475 4564 cauum
1505 4484 1776 4592 appellacionis
1799 4485 1976 4593 magistro
2001 4485 2075 4565 Ge-

643 4611 750 4690 raldo
771 4614 819 4691 de
840 4613 1048 4708 Corthona,
1065 4613 1187 4722 judici
1212 4632 1342 4694 nostro
1361 4633 1452 4694 tunc
1476 4614 1947 4724 Aquamm-Mortuarum,
1970 4646 2073 4694 com·

642 4742 816 4822 misimus
853 4743 1082 4822 audiendam
1121 4763 1160 4823 et
1197 4746 1273 4824 line
1309 4745 1439 4826 debito
1466 4747 1765 4839 terminandum
1799 4747 1865 4855 qui
1897 4749 2073 4856 magister

642 4872 846 4968 Geraldus,
871 4875 958 4954 visis
981 4876 1219 4982 processibus
1244 4877 1331 4956 hinc
1359 4878 1450 4956 inde
1478 4878 1615 4960 habitis
1641 4878 1876 4957 etomnibus
1896 4879 2071 4988 aliisque

641 5003 764 5111 ipsum
772 5035 923 5087 movere
936 5025 1110 5114 poterant
1124 5026 1162 5087 et
1176 5009 1378 5105 debebant,
1391 5011 1671 5089 sentencialiter
1683 4988 1944 5117 pronunciavit
1954 5012 2071 5090 dictas

640 5137 847 5214 sentencias
873 5165 954 5216 esse
978 5137 1120 5233 nullas,
1149 5157 1186 5217 et
1205 5141 1344 5218 dictam
1365 5139 1626 5232 Guillelmam‚
1648 5171 1717 5251 per
1741 5143 1900 5222 eandem
1922 5162 2070 5222 senten-

641 5263 752 5358 ciam,
775 5269 1063 5377 condempnavit
1081 5270 1130 5348 ad
1146 5271 1430 5352 restitucionem
1448 5271 1634 5352 dictarum
1652 5273 1854 5352 domorum
1873 5292 1912 5351 et
1926 5273 2068 5382 jardini

641 5393 848 5478 faciendam
869 5399 1076 5479 heredibus
1091 5397 1189 5480 dicte
1206 5401 1507 5496 Hermessendis,
1529 5431 1603 5482 una
1623 5431 1709 5482 cum
1729 5403 1913 5481 fructibus
1933 5399 2066 5478 exinde
