5817 7292
883 1162 953 1236 166
1419 1182 1425 1225 r
1461 1161 1551 1235 LES
1581 1158 1720 1237 OLIM.

653 1316 782 1373 aarum
793 1313 838 1379 IV,
876 1324 1102 1411 quereretur
1120 1306 1167 1383 de
1187 1303 1342 1382 domino
1365 1300 1412 1379 de
1428 1301 1635 1393 Merevilla,
1655 1300 1806 1378 racione
1824 1300 2023 1408 cujusdam
2037 1303 2152 1408 prisie
2167 1334 2299 1412 quam,

713 1409 776 1451 ’Μ’
875 1454 920 1517 ut
935 1436 1015 1543 ipsa
1033 1434 1197 1525 dicebat,
1220 1435 1348 1511 dictus
1361 1432 1556 1520 dominus,
1578 1431 1679 1536 apud
1700 1430 1966 1512 Mostorolium
1980 1432 2021 1509 in
2041 1434 2157 1514 domo
2172 1436 2302 1517 relicte

875 1568 1031 1647 Roberti
1049 1566 1185 1655 Houci,
1202 1594 1272 1671 pro
1290 1562 1502 1670 suspicione
1520 1563 1652 1642 mortis
1668 1561 1739 1640 filii
1756 1562 1814 1642 sui
1825 1564 2072 1672 justiciando,
2090 1565 2230 1647 fecerat
2245 1570 2303 1646 in-

871 1703 976 1809 juste
992 1715 1030 1775 et
1046 1697 1092 1775 de
1111 1725 1228 1789 novo,
1247 1695 1390 1784 dicens,
1407 1694 1508 1773 dicta
1522 1693 1690 1801 dominaj,
1711 1722 1751 1775 se
1767 1722 1848 1774 esse
1862 1694 1905 1773 in
1918 1696 2052 1777 saisina
2061 1698 2214 1805 justicie
2228 1698 2302 1777 alte

877 1849 914 1909 et
935 1830 1042 1907 basse
1068 1829 1106 1904 in
1130 1826 1215 1905 loco
1240 1824 1412 1936 predicto
1436 1841 1476 1903 et
1494 1824 1534 1901 in
1552 1823 1641 1903 villa
1659 1825 1889 1915 Mostorolii,
1911 1845 1950 1905 et
1973 1827 2013 1904 in
2037 1829 2216 1908 omnibus
2235 1830 2303 1910 do-

876 1961 1009 2039 maniis
1034 1976 1073 2037 et
1094 1958 1217 2039 feodis
1240 1958 1318 2036 suis
1343 1956 1383 2033 i'n
1407 1954 1495 2033 villa
1516 1955 1700 2063 predicta,
1725 1974 1934 2063 petensque
1957 1987 2114 2037 manum
2133 1972 2301 2039 nostram

877 2096 924 2171 de
945 2092 1043 2169 dicta
1062 2090 1191 2198 prisia,
1206 2104 1361 2196 propter
1374 2086 1557 2165 debatum
1570 2086 1740 2192 parcium
1759 2087 1905 2165 ibidem
1922 2089 2103 2195 positam,
2117 2093 2298 2180 amoveri,

876 2242 915 2303 et
926 2223 1084 2301 eandem
1100 2221 1252 2330 prisiam
1271 2219 1341 2297 sibi
1356 2218 1466 2296 reddi
1483 2234 1520 2303 et
1541 2217 1759 2310 deliberari,
1777 2219 1881 2298 dicto
1898 2220 2056 2299 domino
2077 2224 2299 2301 econtrario

874 2370 1112 2462 proponente
1138 2353 1276 2430 dictam
1296 2349 1421 2426 villam
1447 2350 1495 2425 de
1522 2349 1744 2427 Mostorolio
1770 2349 1880 2427 sitam
1909 2379 1989 2429 esse
2022 2353 2061 2429 in
2088 2352 2299 2431 castellania

873 2513 941 2565 sua
968 2486 1016 2563 de
1043 2484 1250 2573 Morevissa,
1274 2499 1311 2559 et
1335 2510 1375 2560 se
1394 2509 1486 2561 esse·
1501 2482 1548 2559 in
1566 2481 1799 2564 saicicaatce
1815 2484 1980 2589 ¹justicie.
1999 2483 2087 2565 ville
2111 2486 2297 2592 predicte,

874 2635 1102 2728 pateraeque
1122 2617 1260 2693 dictam
1275 2613 1427 2722 prisiam
1441 2613 1513 2691 sibi
1529 2613 1640 2693 reddi
1655 2613 1864 2705 :Tandem,
1883 2616 2058 2723 inquesta
2070 2646 2140 2722 per
2154 2616 2299 2695 dictum

871 2778 987 2857 super
1008 2749 1083 2825 hoc
1104 2746 1198 2824 facta
1222 2763 1260 2824 et
1280 2760 1406 2823 nostre
1431 2744 1533 2822 curie
1554 2761 1760 2851 reportata,
1784 2744 1860 2823 risa
1880 2761 1919 2823 et
1941 2746 2143 2855 diligenter
2164 2747 2301 2824 exami—

875 2898 974 2970 nata,
990 2908 1058 2986 per
1071 2879 1173 2956 curie
1192 2893 1319 2955 nostre
1330 2875 1536 2983 judicium,
1555 2874 1701 2953 dictum
1717 2875 1790 2954 fuit
1804 2892 1842 2953 et
1855 2878 2148 2984 pronunciatum
2163 2877 2299 2954 dictam

874 3011 1067 3091 dominam
1082 3009 1339 3087 intencionem
1356 3036 1462 3084 suam
1477 3006 1627 3113 plenius
1642 3007 1872 3113 probavisse,
1888 3026 1927 3087 et
1939 3008 2045 3116 quod
2058 3008 2155 3086 dicta
2170 3008 2298 3115 prisia,

875 3173 988 3221 manu
1006 3157 1135 3221 nostra
1157 3140 1246 3217 inde
1263 3155 1403 3228 amota,
1422 3137 1495 3216 sibi
1509 3138 1705 3227 reddetur,
1725 3138 1923 3245 questione
1941 3139 2180 3245 proprietatis
2199 3138 2299 3217 dieto

876 3274 1032 3355 domino
1053 3300 1166 3379 super
1185 3273 1259 3350 boc
1277 3285 1471 3357 reservata,

866 3446 870 3455 ι
929 3407 971 3483 Iu
990 3404 1126 3513 vigiliis
1144 3400 1390 3481 Assensionis.
1433 3440 1435 3443 ·

778 3570 783 3579 ’
876 3594 880 3603 ·
930 3540 1033 3645 Roya
1048 3534 1259 3643 reportavit

930 3803 1024 3881 XIX.
1056 3801 1155 3880 Cum
1181 3794 1367 3875 abbatissa
1390 3793 1610 3872 monasterii
1633 3794 1901 3882 Beate-Maria,
1923 3794 2029 3901 juxta
2049 3795 2298 3884 Ponticamm,

875 3947 1079 4040 conquesta
1094 3930 1224 4007 fuisset
1246 3955 1360 4032 super
1379 3925 1529 4033 injuriis
1545 3924 1696 4002 cuidam
1717 3927 1765 4002 de
1783 3925 1841 4002 sui
1856 3924 2075 4003 monasterii
2095 3925 2298 4014 conversis,

874 4092 942 4172 per
951 4061 1194 4169 Radulpbum
1206 4060 1399 4149 Maissent,
1411 4057 1607 4163 quondam
1622 4056 1804 4163 majorem
1817 4055 2028 4147 Ponticare,
2042 4072 2087 4134 ut
2096 4056 2298 4145 dicebatur,

875 4195 1009 4274 illatis:
1027 4192 1217 4282 Tandem,
1235 4191 1365 4269 audito
1382 4190 1484 4267 dicto
1499 4187 1719 4294 Radulpbo,
1735 4205 1774 4265 et
1787 4187 1963 4294 inquesta
1977 4216 2091 4295 super
2105 4187 2298 4279 hocsacta,

875 4330 949 4405 visa
965 4344 1004 4404 et
1018 4325 1220 4432 diligenter
1235 4322 1457 4410 examinata,
1469 4348 1539 4427 per
1549 4319 1653 4397 curie
1668 4336 1796 4396 nostre
1806 4319 2013 4427 judicium,
2029 4318 2153 4396 dictus
2167 4316 2302 4396 Radul·

876 4457 975 4562 phus
988 4456 1097 4533 nobis
1113 4456 1152 4531 in
1168 4472 1319 4532 centum
1331 4454 1437 4532 libris
1446 4449 1750 4538 Turonensibus,
1764 4468 1803 4528 et
1818 4450 1945 4530 eidem
1960 4450 2149 4529 abbatisse
2164 4450 2203 4526 in
2219 4447 2301 4527 aliis

877 4604 1029 4664 centum
1048 4584 1153 4663 libris
1172 4584 1475 4674 Turonensibus,
1494 4612 1563 4689 pro
1583 4583 1759 4672 emenda,
1782 4583 1904 4660 extitit
1923 4582 2232 4687 condempnatus.

932 4716 1129 4795 Dominica
1149 4732 1235 4821 post
1256 4715 1532 4792 Assensionem.

931 4980 1008 5057 XX.
1039 4978 1135 5057 Cum
1154 4977 1201 5055 de
1217 4978 1394 5068 mandato
1414 4992 1544 5054 nostro
1563 4976 2000 5083 [actafuissetinquesta
2019 5002 2133 5083 super
2152 4993 2302 5055 contro·

875 5111 992 5189 versia
1013 5126 1124 5187 mota»
1139 5109 1177 5186 in
1203 5110 1306 5186 curia
1321 5125 1447 5187 nostra
1466 5108 1566 5213 inter
1586 5107 1861 5215 thesaurarium
1884 5106 2166 5187 Sancti-Hilarii
2183 5108 2302 5185 Picta-

877 5242 999 5320 vensis
1013 5258 1051 5317 et
1063 5240 1269 5347 capitulum
1285 5241 1453 5347 ejusdem
1469 5240 1642 5330 ecclesie,
1658 5270 1771 5346 super
1785 5239 1860 5317 alta
1868 5240 2021 5347 justicia
2031 5238 2144 5346 burgi
2159 5238 2302 5317 Sancti-

877 5373 1017 5481 Hylarii
1032 5372 1273 5462 Pictavensis,
1292 5373 1465 5480 dictaque
1480 5372 1669 5481 inquesta‚
1689 5372 1738 5450 ad
1754 5390 1921 5451 nostram
1937 5373 2079 5449 curiam
2094 5385 2298 5477 reportata,

877 5506 953 5583 visa
970 5523 1008 5584 et
1027 5504 1229 5614 diligenter
1247 5504 1466 5593 examinata,
1488 5505 1682 5582 inventum
1702 5504 1817 5582 fuerit
1834 5532 1933 5593 eam,
1950 5502 2125 5611 pluribus
2145 5502 2193 5581 de
2214 5530 2302 5579 cau-
