5817 7292
1025 1100 1292 1210 nnuuerns
1319 1122 1383 1193 nr
1408 1105 1614 1198 rnocns.
1959 1124 2029 1197 esi

669 1258 820 1343 sabbati
835 1258 1349 1370 postSanctuvacorgium.
1512 1293 1517 1302 ·

669 1390 777 1472 Croci
791 1391 1026 1497 reportavit..
1116 1442 1119 1452 ·
1215 1441 1218 1452 ι

671 1655 780 1733 XXll.
811 1654 927 1743 Cum,
940 1655 981 1731 in
995 1656 1098 1733 curia
1113 1656 1306 1735 senescalli
1320 1616 1545 1747 Tholosani,
1560 1593 1855 1764 etpostmodum
1870 1658 1909 1733 in
1925 1658 2040 1765 parla-

614 1803 742 1865 mento
757 1802 887 1865 nostro
900 1786 1115 1878 Parisiensi‚
1132 1789 1612 1896 proposuissetllstouldus
1623 1789 1671 1867 de
1685 1791 1960 1896 duppe-Furti,
1977 1789 2040 1868 do

550 2025 555 2033 .
615 1916 802 2031 mirellus,
818 1917 924 2026 qnod
935 1920 1180 2026 Raymu'ndus
1194 1920 1345 1999 Unaudi
1355 1978 1365 2009 ‚
1377 1920 1505 2012 miles,
1520 1918 1684 2029 quadam
1692 1920 1775 2010 die,
1791 1948 1859 2027 per
1870 1945 2042 1998 commea

1930 1309 1933 1320 .
2076 1272 2260 1333 Pernmrll,

615 2074 684 2127 nes
700 2048 841 2127 amicos
862 2075 995 2127 eornm
1020 2050 1075 2129 eis
1097 2051 1288 2157 assignata
1302 2052 1404 2157 apud
1424 2051 1660 2143 Lanttrium,
1674 2050 1970 2130 adtr'actandum
1991 2050 2040 2129 de
2161 2144 2174 2167 .

615 2204 705 2284 pace
720 2206 834 2284 super
845 2180 1011 2286 quadam
1030 2180 1281 2259 controversia
1302 2198 1405 2259 mota
1424 2182 1604 2259 intereos
1619 2180 1872 2273 reformanda,
1887 2210 1961 2289 qua
1977 2182 2039 2258 die

615 2309 808 2388 inhermes
827 2310 915 2389 hinc
937 2311 1025 2389 inde
1048 2312 1174 2390 venire
1196 2312 1401 2403 debebant,
1428 2314 1643 2419 proditorie·
1662 2313 1799 2391 armari
1821 2312 1974 2401 lecerat,
2000 2313 2041 2389 in

617 2440 732 2519 domo
743 2468 825 2531 sua,
842 2440 971 2549 viginti
986 2443 1176 2534 homines,
1192 2443 1256 2549 qui
1272 2442 1415 2524 dictum
1425 2443 1652 2521 Estonldtm
1666 2458 1705 2520 et
1717 2442 1800 2549 ejus
1809 2442 2038 2532 comitivam,

616 2571 682 2677 qui
699 2588 877 2649 venerant
897 2572 978 2650 sine
996 2574 1128 2662 armis,
1148 2573 1363 2651 interlicere
1379 2574 1504 2651 conati
1521 2572 1670 2659 riserant
1682 2566 1722 2649 et
1737 2600 1803 2648 eos
1815 2571 2043 2649 incluserant

617 2702 658 2777 in
672 2699 827 2778 ecclesia
842 2700 931 2777 dicti
952 2701 1041 2790 loci,
1064 2718 1102 2779 et
1119 2702 1366 2808 postmodum
1383 2702 1484 2807 ipsos
1503 2703 1543 2777 in
1563 2728 1698 2779 eorum
1715 2700 1831 2778 domo
1846 2701 2043 2778 voluerant

618 2830 716 2938 ignis
738 2829 916 2907 incendio
942 2858 1199 2918 concremare,
1230 2830 1412 2937 quodque
1432 2831 1543 2907 idem
1569 2828 1694 2918 miles,
1721 2829 1885 2935 pensatis
1915 2829 2043 2908 incen-

620 2959 709 3049 diis,
730 2958 937 3067 proditorie
957 2958 1194 3037 interfecerat
1219 2957 1472 3039 Guillelmum
1496 2959 1547 3036 de
1563 2959 1775 3052 Mombeto,
1801 2959 1970 3066 quierat
1994 2964 2043 3040 de

619 3088 759 3169 lamilit
786 3108 824 3169 et
847 3090 1015 3169 vestibus
1035 3090 1200 3197 predicti
1221 3088 1384 3177 lietoldi,
1410 3089 1575 3196 aliasque
1593 3090 1738 3198 pluries
1763 3090 1918 3168 insidias
1939 3120 2042 3197 para·

619 3237 720 3299 reret
733 3236 861 3299 contra
879 3219 1310 3311 dictum.domiccllum;
1324 3247 1402 3326 que
1417 3222 1598 3327 prem
1614 3250 1682 3327 per
1698 3222 1850 3331 gaginm
1866 3221 1985 3301 duelli
2003 3252 2043 3303 sc

619 3350 779 3459 probare
799 3349 983 3428 offerebat
1000 3349 1103 3429 idem
1115 3349 1349 3457 ,domicellus
1368 3366 1498 3429 conoe
1515 3350 1677 3428 militem
1690 3352 1926 3458 predictum,
1944 3372 1983 3431 et
1999 3354 2045 3429 li·

620 3500 679 3561 cet
694 3482 817 3561 dictus
831 3478 959 3573 miles,
979 3508 1196 3568 econverso
1216 3476 1334 3559 multa
1352 3508 1571 3588 proponens
1589 3498 1718 3559 contm
1736 3484 1903 3561 eundem
1923 3484 2047 3562 domi·

622 3612 762 3693 cellum
776 3611 897 3691 adsui
918 3612 1180 3693 innocencium
1201 3628 1242 3691 et
1258 3611 1349 3689 dicti
1371 3611 1562 3690 dominelli
1583 3612 1735 3719 culpam
1753 3614 2042 3706 ostendendam,

621 3760 752 3825 contra
771 3770 859 3823 eum
884 3743 1033 3851 gagium
1059 3741 1290 3819 defensionis
1315 3764 1384 3847 per
1409 3741 1582 3819 duellum
1603 3742 1777 3819 similiter
1798 3747 2043 3849 perrexissem

623 3900 696 3952 noe*
710 3888 855 3959 tamen,
871 3873 988 3981 Juxta
995 3872 1278 3951 ordinacionem
1298 3888 1466 3949 nostram
1482 3899 1597 3978 super
1609 3872 1726 3980 gagiie
1739 3871 1899 3962 editam,
1914 3889 2046 3953 utrum

624 4002 718 4081 lacta
738 4002 828 4081 hinc
841 4002 1143 4110 indeproposita
1160 4030 1246 4080 vera
1255 4018 1389 4101 ¹essent
1409 4018 1448 4079 et
1461 4001 1549 4079 talin
1565 4002 1672 4107 quod
1690 4028 1733 4078 er
1747 4002 1805 4079 eis
1818 4003 1924 4109 gagia
1939 4008 2046 4112 sequi

624 4132 825 4226 deberent,
841 4132 979 4240 inquiri
991 4132 1250 4211 mandarimus
1261 4131 1478 4210 veritatemz
1492 4132 1682 4235 Tandem,
1702 4131 1840 4209 auditis
1853 4133 2046 4215 hincinde

624 4262 842 4371 propositis,
860 4263 1011 4371 viaeque
1028 4262 1127 4341 dicte
1140 4263 1316 4372 inqueeta
1333 4290 1446 4371 super
1460 4264 1535 4341 hoc
1549 4263 1599 4341 de
1608 4263 1786 4341 mandato
1795 4281 1925 4343 nostro
1935 4263 2045 4356 lacta,

625 4420 695 4500 per
710 4417 825 4501 quam
843 4393 989 4501 liquide
1009 4394 1210 4503 apparebat
1230 4394 1376 4475 dictum
1395 4394 1664 4485 Guillelntum,
1690 4422 1806 4502 quem
1822 4396 1927 4473 idem
1946 4396 2048 4475 Stol-

627 4524 700 4603 dus
719 4542 912 4603 mortuum
932 4524 1048 4603 finisse
1069 4526 1234 4621 dicebat,
1255 4526 1381 4605 adlruc
1398 4529 1541 4618 virere,
1563 4526 1747 4620 eteciam,
1765 4554 1835 4634 per
1847 4526 2049 4606 confessio·

624 4680 718 4733 nem
740 4654 858 4763 ipsius
877 4654 1041 4746 Estoldi,
1066 4654 1283 4763 predictum
1302 4656 1464 4735 militem
1482 4683 1599 4764 snper
1617 4656 1790 4765 ejusdem
1808 4656 1856 4736 G.
1876 4657 2050 4735 vulnere-

619 4786 740 4867 cione
757 4786 999 4865 innocentem
1016 4788 1191 4891 existere,
1206 4814 1355 4867 necnon
1372 4789 1480 4896 quod
1500 4789 1591 4866 dicti
1607 4786 1753 4867 Estoldi
1771 4789 1946 4867 comitisa
1962 4818 2051 4868 cum

626 4917 758 5025 ermis,
768 4917 876 4997 dicto
892 4917 1276 5025 diepncietrsctande
1286 4921 1486 5029 assignata,
1502 4918 1648 4998 dictum
1659 4917 1822 4998 militem
1836 4921 2051 4999 inhermem

627 5047 757 5155 primo-
770 5046 984 5135 invaserant
999 5066 1042 5129 et·
1056 5048 1148 5127 alias
1166 5048 1296 5129 eidem
1316 5048 1732 5157 paraverant‘incidias‚
1754 5078 1865 5129 causa
1889 5050 2051 5131 nocendi

618 5176 769 5269 eidem,
785 5206 853 5285 per
868 5180 971 5258 curie
986 5196 1115 5289 nostre
1125 5181 1336 5290 judicium,
1346 5182 1639 5288 pronunciatum
1650 5179 1723 5257 l'uit
1736 5181 1881 5259 dictum
1892 5180 2053 5260 militem
2086 5236 2090 5243 ·

628 5309 868 5389 innocentem
894 5312 1061 5397 existere.
1077 5340 1191 5420 super
1213 5312 1393 5419 predictis
1411 5328 1541 5390 contra
1558 5340 1649 5391 eum
1672 5312 1876 5419 propositis
1899 5339 1968 5418 per
1988 5310 2055 5387 Ea-

630 5437 780 5517 toldum
799 5442 1034 5545 predictum
1055 5471 1204 5523 necnon
1228 5443 1334 5550 quod
1358 5443 1483 5521 dictus
1500 5442 1680 5523 Eatoldus
1702 5440 1913 5550 improvide
1936 5455 1976 5516 et
1997 5439 2055 5517 in-
