5817 7292
864 1144 939 1215 292
1444 1136 1535 1210 LES
1564 1135 1704 1210 OLIM.

639 1289 825 1352 varsslb
861 1281 941 1358 dini
962 1282 1131 1387 ipsorum
1151 1279 1200 1356 de
1220 1280 1446 1367 Senecourt‚
1469 1294 1507 1354 et
1531 1278 1647 1354 eciam
1669 1277 1840 1385 capiendi
1865 1305 2147 1386 quemcumque
2167 1281 2282 1362 alium

700 1383 763 1425 Μ’
863 1413 1075 1490 invenirent
1089 1410 1129 1487 in
1148 1411 1246 1488 dicta
1265 1410 1350 1487 villa
1369 1425 1613 1517 querentem,
1631 1426 1668 1485 et
1688 1409 1758 1488 sibi
1779 1409 1909 1516 prisias
1929 1409 2150 1516 hujusmodi
2170 1415 2287 1520 appli-

865 1545 988 1633 candi,
1010 1543 1190 1651 petebant
1204 1543 1277 1621 sibi
1296 1542 1405 1636 reddi
1426 1558 1465 1619 et
1479 1540 1680 1618 deliberari
1696 1541 1899 1648 quemdam
1914 1571 2057 1648 equum
2072 1573 2158 1621 cum
2171 1543 2288 1624 lerina

864 1705 932 1781 per
952 1703 1083 1753 eorum
1104 1681 1233 1779 gentes
1253 1671 1293 1748 in
1311 1670 1408 1748 dicta
1416 1670 1519 1760 villa,
1538 1671 1687 1786 racione
1709 1671 1809 1749 dicte
1827 1688 1976 1778 queste,
1992 1691 2159 1779 captum,
2181 1679 2287 1754 etad

864 1834 1018 1882 manum
1045 1821 1209 1882 nostram
1233 1803 1401 1910 positum
1425 1817 1581 1909 propter
1607 1801 1787 1880 debatum
1813 1803 1982 1908 parcium
2007 1805 2285 1912 predictarum

866 1937 967 2013 dicto
988 1934 1162 2041 episcopo
1182 1934 1222 2011 in
1243 1934 1471 2012 contrarium
1489 1950 1724 2039 proponente
1741 1961 1781 2025 se
1798 1962 1878 2011 esse
1899 1935 1938 2012 in
1955 1935 2088 2013 saisina
2107 1937 2231 2015 solum
2252 1956 2289 2014 et

866 2064 1088 2143 insolidum
1107 2063 1273 2142 habendi
1294 2063 1553 2141 omnimodam
1571 2062 1682 2140 altam
1703 2083 1741 2142 et
1753 2064 1900 2142 bassam
1918 2065 2109 2173 justiciam
2131 2067 2169 2142 in
2191 2067 2287 2144 dicta

866 2193 967 2288 villa,
980 2211 1019 2273 et
1033 2223 1090 2288 se,
1101 2213 1294 2300 tamquam
1312 2193 1438 2270 solum
1449 2191 1722 2300 justiciarium,
1737 2192 1996 2272 malefactores
2009 2211 2047 2271 et
2060 2195 2285 2303 delinquen-

866 2345 923 2404 tes
939 2326 1083 2404 ibidem
1102 2325 1291 2431 capiendi,
1304 2353 1345 2400 ac
1363 2340 1516 2430 petente
1537 2323 1681 2402 dictum
1702 2353 1845 2431 equum
1865 2355 1952 2402 cum
1970 2325 2085 2402 farina
2104 2326 2175 2404 sibi
2193 2327 2289 2404 deli-

866 2458 988 2536 berari
1003 2475 1041 2535 et
1054 2457 1164 2535 reddi
1177 2489 1187 2533 ε
1199 2456 1385 2545 Tandem,
1397 2455 1570 2562 inquesta
1585 2484 1698 2562 super
1708 2458 1782 2534 boc
1800 2456 1846 2534 de
1859 2457 2035 2534 mandato
2049 2473 2177 2535 nostro
2193 2457 2287 2535 sacta

866 2589 940 2665 visa
960 2605 1000 2666 et
1014 2587 1214 2694 diligenter
1227 2586 1451 2678 examinata,
1468 2587 1556 2693 quia
1567 2587 1763 2665 inventum
1780 2606 1837 2664 est
1847 2587 2074 2666 sufficienter
2087 2588 2286 2695 probatum

868 2716 986 2795 dictos
1001 2717 1211 2828 religiosos,
1224 2717 1374 2793 racione
1392 2716 1481 2793 dicti
1497 2717 1708 2795 molendini
1723 2719 1801 2812 sui,
1817 2747 1897 2798 esse
1912 2717 1953 2796 in
1969 2720 2103 2798 saisina
2122 2719 2288 2798 habendi

866 2866 1036 2956 questam
1057 2847 1096 2924 in
1118 2847 1215 2924 dicta
1232 2845 1338 2934 villa,
1356 2862 1395 2922 et
1414 2847 1532 2923 eciam
1553 2846 1645 2925 alios
1665 2847 1809 2926 ibidem
1829 2868 2031 2955 querentes
2051 2850 2237 2958 capiendi,
2254 2867 2290 2927 et

866 2978 1083 3086 hujusmodi
1096 2977 1227 3085 prisias
1244 2976 1315 3056 sibi
1335 2977 1558 3084 applicandi,
1577 3007 1645 3085 per
1665 2980 1767 3057 curie
1788 2998 1915 3058 nostre
1926 2981 2131 3089 judicium,
2147 2982 2289 3060 dictum

866 3111 937 3187 fuit
963 3138 1078 3217 equm
1105 3109 1318 3218 predictum
1344 3139 1432 3186 oum
1458 3108 1576 3186 farina
1606 3111 1715 3188 dictis
1739 3111 1922 3219 religiosis
1946 3141 2025 3190 esse
2050 3112 2289 3192 reddendum
2342 3215 2346 3224 Ι

868 3259 906 3319 et
924 3239 1236 3329 deliberandum,
1257 3237 1353 3316 salva
1373 3238 1413 3315 in
1433 3239 1515 3316 aliis
1542 3241 1761 3319 omnimoda
1776 3241 1927 3348 justicia
1952 3243 2040 3320 dicti
2066 3242 2228 3348 episcopi
2249 3243 2288 3318 in

868 3371 954 3450 villa
973 3370 1152 3476 predicta.

923 3501 1081 3580 Veneris
1099 3517 1185 3607 post
1203 3499 1464 3579 Candelosam.

924 3633 1098 3713 Bocellus
1120 3632 1332 3742 reportavit.

923 3900 1051 3976 XXIX.
1083 3899 1179 3978 Cum
1192 3901 1297 4006 prior
1311 3916 1349 3978 et
1362 3915 1568 3978 conventus
1583 3900 1795 3978 monasterii
1809 3897 2290 3978 Sancti-Martini-dedlam·

868 4031 942 4135 pis‚
953 4031 1060 4138 juxta
1073 4031 1252 4122 Peisius,
1268 4032 1435 4109 dicentes
1445 4060 1485 4108 se
1501 4060 1582 4110 esse
1598 4049 1637 4108 et
1651 4031 1766 4110 fuisse
1782 4033 1820 4108 in
1835 4030 1936 4108 bona
1957 4029 2090 4108 saisina
2104 4027 2288 4136 ponendi,

869 4160 1033 4238 habendi
1052 4178 1091 4239 et
1111 4163 1287 4240 tradendi
1304 4191 1498 4241 mensuras
1520 4163 1612 4255 vini,
1632 4162 1753 4252 bladi,
1774 4191 1888 4239 avene
1912 4180 1950 4238 et
1970 4160 2132 4238 aliorum
2155 4188 2290 4267 grano-

869 4319 954 4368 rum
968 4292 1007 4368 in
1016 4292 1106 4370 villa
1115 4292 1163 4369 de
1173 4292 1393 4402 Gooyllons,
1402 4293 1742 4371 versusYenvillam
1762 4294 1800 4369 in
1816 4293 1949 4382 Belsia,
1963 4309 2001 4369 et
2014 4320 2065 4382 se,
2078 4307 2291 4398 pergentes

869 4437 1029 4509 nostras,
1042 4421 1210 4500 indebite
1228 4440 1267 4501 et
1286 4424 1334 4501 de
1351 4452 1449 4502 novo
1465 4424 1687 4530 impeditos,
1700 4441 1778 4500 tam
1794 4425 1832 4499 in
1850 4424 1959 4502 dictis
1976 4423 2161 4500 mensuris
2177 4449 2289 4530 quam

870 4551 910 4625 in
925 4551 1076 4656 justicia
1091 4552 1261 4656 ipsorum
1277 4553 1541 4662 religiosorum
1561 4555 1601 4630 in
1617 4553 1725 4631 dictis
1744 4553 1890 4631 casibus
1906 4570 1944 4630 et
1959 4552 2040 4630 aliis
2052 4553 2091 4629 in
2107 4551 2193 4628 villa
2208 4581 2292 4656 pre-

870 4681 968 4758 dicta
985 4698 1024 4759 et
1042 4682 1232 4761 territorio
1250 4712 1293 4759 ac
1309 4684 1552 4790 pertinenciis
1574 4685 1746 4792 ejusdem
1768 4684 2006 4762 moventibus
2026 4712 2046 4760 a
2063 4681 2289 4760 monasterio

820 4818 829 4832 “
867 4813 1056 4921 predicto,
1074 4813 1310 4920 requirerent
1328 4814 1474 4892 dictum
1491 4815 1810 4922 impedimentum
1826 4815 1988 4894 amoveri
2010 4832 2101 4892 etse
2117 4812 2164 4889 de
2181 4811 2290 4888 dictis

868 4943 1055 5022 mensuris
1080 4972 1149 5051 per
1170 4962 1301 5050 gentes
1330 4962 1475 5022 nostras
1506 4947 1621 5052 captis
1650 4944 1837 5038 resaisiri3
1865 4946 2056 5052 preposito
2088 4960 2218 5022 nostro
2244 4943 2291 5018 de

867 5074 1035 5153 Yenvilla
1047 5103 1115 5181 pro
1130 5075 1240 5154 nobis
1256 5076 1488 5154 contrarium
1500 5094 1759 5184 proponente:
1780 5078 1971 5167 Tandem,
1988 5076 2162 5183 inquesta
2180 5102 2292 5180 super

867 5206 940 5283 boc
954 5204 1049 5283 sacta
1062 5205 1136 5283 visa
1154 5223 1194 5283 et
1206 5205 1406 5315 diligenter
1419 5207 1641 5299 examinata,
1661 5235 1835 5284 unacum
1852 5205 1988 5284 litteris
2009 5233 2077 5312 per
2092 5205 2211 5282 dictos
2232 5231 2289 5278 re-

867 5337 1020 5447 ligiosos
1035 5364 1149 5443 super
1164 5337 1237 5413 boc
1252 5336 1291 5412 in
1305 5337 1464 5415 modum
1481 5337 1718 5445 probacionis
1734 5339 1946 5446 productis,
1963 5367 2032 5444 per
2047 5335 2149 5412 curie
2163 5349 2289 5411 nostre

863 5468 1069 5574 judicium,
1085 5467 1228 5547 dictum
1240 5467 1313 5546 fuit
1324 5467 1657 5575 impedimentum,
1675 5498 1743 5576 per
1761 5486 1892 5577 gentes
1910 5486 2053 5546 nostras
2070 5465 2215 5542 eisdem
2232 5491 2292 5540 re-
