5817 7292
890 1155 960 1227 118
1462 1153 1558 1227 ·LES
1588 1153 1731 1227 O'blM.

660 1306 789 1359 aereum
801 1302 844 1368 IV,
883 1294 1088 1387 lebannes,
1107 1296 1200 1373 dum
1215 1296 1376 1384 viveret,
1396 1319 1476 1373 non
1495 1294 1738 1375 solummodo
1759 1293 1879 1373 dictas
1897 1294 2004 1372 mille
2023 1311 2066 1371 et
2084 1295 2305 1404 quingentas

722 1396 784 1438 1³0³.

882 1425 1014 1515 libras,
1037 1428 1177 1505 verum
1194 1426 1503 1533 eeiempredicta
1519 1428 1592 1503 tria
1611 1426 1730 1503 millia
1749 1425 1933 1503 librarum
1952 1425 2234 1518 Parisiensimn,
2254 1428 2306 1503 in

881 1574 984 1665 tegre
1005 1576 1214 1665 receperat}
1241 1557 1288 1634 de
1309 1558 1414 1635 dicta
1435 1585 1582 1635 mmera
1601 1575 1729 1636 nostra
1752 1557 2012 1646 denariorum,
2032 1556 2149 1664 ‘cujus
2179 1556 2305 1663 scripti

879 1686 973 1765 facta
992 1688 1065 1767 suit
1084 1691 1191 1796 eopia
1210 1688 1313 1765 dieto
1332 1688 1568 1796 procuratori
1588 1705 1626 1766 et
1644 1688 1738 1777 sibi,
1758 1688 2016 1796 procuratorio
2041 1687 2196 1766 nomiae
2215 1688 2305 1767 dicti

880 1820 1068 1909 Tassardi,
1086 1821 1300 1928 injunctum
1315 1821 1420 1927 quod
1435 1821 1535 1897 dieta
1545 1820 1617 1898 tria
1629 1820 1747 1899 millia
1762 1820 1945 1899 librarum
1957 1818 2223 1897 Parisiensium
2237 1846 2305 1897 no-

880 1951 938 2029 bis
958 1951 1102 2059 integre
1122 1951 1258 2029 reddat
1277 1966 1315 2027 et
1335 1950 1508 2059 assignet.

934 2084 1091 2161 Veneris
1111 2100 1194 2159 ante
1215 2082 1508 2174 Pentbccosten,
1530 2111 1628 2161 anno
1647 2084 1913 2161 trecentesimo
1931 2082 2060 2160 tercio.

935 2345 993 2422 lV.
1026 2346 1123 2423 Cum
1142 2343 1306 2453 religiosi
1326 2344 1395 2420 viri
1416 2343 1531 2421 abbas
1549 2344 1765 2422 monasterii
1782 2344 2009 2429 Menatensis
2027 2342 2139 2420 nobis
2158 2340 2302 2447 suppli-

878 2492 997 2552 casset
1016 2491 1060 2551 ut
1083 2493 1290 2553 mercatum
1314 2475 1421 2582 quod
1446 2474 1601 2553 invilla
1622 2475 1854 2563 Menstemi,
1884 2474 2042 2582 siugulis
2062 2472 2203 2555 diebus
2217 2471 2302 2549 sab-

876 2603 972 2697 bati,
993 2601 1076 2683 lieri
1097 2606 1304 2698 consucvit,
1320 2605 1369 2683 ad
1384 2605 1487 2685 diem
1506 2605 1684 2685 mercurii
1701 2622 1849 2687 mutare
1862 2604 2061 2694 vellemus,
2083 2621 2137 2693 et,
2156 2604 2207 2684 ad
2220 2604 2303 2710 ejus

850 2810 860 2820 ,
879 2735 1116 2827 instanciam,
1127 2735 1455 2819 ballivoArvernie
1463 2736 1750 2816 mandassemus
1763 2752 1808 2814 ut
1822 2736 2022 2845 diligenter
2029 2752 2071 2814 'se
2080 2732 2304 2819 informaret
2394 2724 2401 2733 ’

875 2868 923 2957 si,
940 2868 1081 2974 absque
1094 2885 1240 2957 nostro,
1252 2867 1507 2975 locorumque
1517 2869 1728 2947 vicinorum
1743 2867 2006 2958 incommodo,
2021 2884 2065 2943 et
2083 2867 2164 2946 sine
2179 2866 2303 2973 cujus—

876 3026 989 3103 quam
1013 3000 1243 3108 prejudicio,
1263 2996 1346 3077 fieri
1365 3016 1494 3107 posset
1514 3002 1680 3079 mutacio
1703 2999 1899 3107 predicta:
1920 2998 2008 3081 Visa
2026 2998 2142 3106 igitur
2160 3013 2198 3075 et
2218 2995 2303 3078 dili·

874 3150 1017 3235 genter,
1039 3137 1108 3237 psr'
1126 3130 1269 3209 curiam
1289 3148 1473 3217 nostram,
1497 3132 1709 3211 examinata
1725 3129 1997 3210 internecione
2013 3129 2195 3235 predicta,
2215 3158 2302 3210 oum

874 3286 943 3363 per
964 3287 1045 3335 eam
1070 3275 1244 3366 appareat
1274 3259 1411 3335 dictam
1440 3260 1713 3347 mutacionsm,
1743 3259 1774 3337 si
1795 3259 1924 3346 fieret,
1952 3256 2237 3365 prejudicialem
2258 3287 2302 3337 ae

875 3389 1121 3496 dampnosam
1141 3390 1238 3482 fore,
1258 3406 1337 3467 tem
1360 3389 1472 3467 nobis
1490 3418 1605 3496 quam
1632 3390 1804 3468 locorum
1828 3389 1996 3469 dominis
2011 3388 2238 3479 vicinorum,
2261 3406 2301 3465 et

875 3518 913 3595 in
934 3518 1048 3597 rebus
1067 3522 1172 3598 novis
1190 3520 1466 3600 constituendis
1477 3521 1643 3599 evidens
1662 3519 1801 3599 debeat
1818 3518 1962 3597 utilitas
1978 3518 2141 3609 scendi,
2158 3546 2227 3626 per
2236 3518 2300 3625 ju·

872 3651 1014 3729 dicium
1035 3669 1162 3731 nostre
1190 3652 1308 3743 curie,
1335 3652 1478 3731 dictum
1502 3651 1575 3731 fiu't
1597 3650 1806 3759 predictam
1834 3652 2088 3729 mutacionem
2113 3648 2199 3727 fieri
2220 3676 2298 3728 non

872 3781 1024 3860 debere.

930 3912 1087 3991 Veneris
1105 3930 1190 4022 post
1202 3913 1342 3993 festum
1365 3914 1580 4003 Trinitatis,
1600 3942 1701 3991 anno
1720 3913 1987 3993 trecentesimo
2005 3910 2135 3991 tercio.

928 4178 971 4255 V.
1004 4177 1101 4257 Cum
1131 4178 1314 4257 Martinus
1344 4179 1470 4287 Luppi
1499 4178 1548 4257 de
1579 4180 1715 4267 Urroz,
1746 4174 1853 4255 miles
1880 4176 1929 4255 de
1958 4176 2134 4264 Navarra,
2171 4192 2299 4253 contra

870 4308 1051 4387 Riconem
1076 4308 1279 4419 Galligani,
1307 4309 1566 4401 lombardum,
1587 4325 1818 4418 proponeret
1837 4308 1947 4414 quod
1965 4306 2043 4386 duo
2068 4306 2170 4413 paria
2201 4306 2300 4383 litte·

870 4464 1015 4527 rarum,
1040 4439 1165 4546 sigillo
1193 4460 1322 4521 nostro
1349 4441 1612 4551 sigillatsmm,
1643 4442 1685 4519 in
1706 4439 1849 4548 quibus
1873 4438 1998 4517 dictus
2020 4437 2130 4517 miles
2149 4436 2300 4517 dicebat

869 4592 938 4643 nos
958 4567 1084 4645 eidem
1104 4572 1226 4647 teneri
1247 4573 1287 4648 in
1306 4571 1411 4649 mille
1432 4572 1679 4681 septingentis
1697 4570 1807 4650 libris
1820 4568 2109 4651 Turonensibus
2124 4584 2172 4645 et
2193 4568 2294 4674 plus,

869 4696 993 4775 eidem
1017 4696 1219 4779 lumbardo
1242 4701 1391 4809 pignori
1411 4702 1656 4810 obligaverat,
1679 4731 1749 4810 pro
1773 4701 1937 4809 quadam
1958 4699 2119 4807 pecunie
2146 4695 2295 4803 quanti-

867 4840 942 4905 tate
968 4828 1072 4907 dicto
1106 4829 1215 4909 militi
1230 4860 1264 4908 a
1288 4831 1389 4911 dicto
1413 4833 1616 4913 lumbardo
1642 4852 1830 4922 muniam
1854 4832 2003 4911 dicebat
2028 4828 2146 4907 eciam
2170 4826 2295 4904 dictus

867 4958 1101 5067 milesquod
1127 4962 1251 5041 dictus
1273 4962 1511 5056 lumbardus,
1537 4995 1606 5073 per
1627 4966 1799 5044 fraudem
1826 4964 1866 5040 e't
1887 4958 2093 5050 maliciam,
2116 4983 2216 5037 eum
2240 4958 2292 5034 in·

869 5090 1024 5169 duxerat
1038 5093 1084 5171 nd
1100 5096 1344 5175 vendendum
1358 5097 1486 5175 eidem
1501 5097 1620 5177 dictas
1635 5097 1798 5187 litteras,
1812 5094 2007 5173 occasione
2021 5091 2146 5171 mutui
2162 5116 2298 5197 supra·

867 5221 976 5315 dicti,
994 5224 1068 5303 hoc
1078 5242 1206 5305 umen
1216 5244 1302 5306 acto
1314 5256 1484 5337 expresse
1496 5228 1538 5306 in
1551 5228 1774 5307 vendidere
1782 5223 1951 5331 predicta
1963 5222 2081 5332 quod,
2096 5221 2297 5329 quociens·

868 5382 1034 5465 cumque
1056 5356 1160 5437 idem
1180 5358 1290 5437 miles
1316 5360 1418 5441 dicto
1437 5360 1640 5440 lumbardo
1665 5357 1826 5438 solveret
1843 5354 2043 5464 pecuniam
2064 5369 2294 5440 mutuatam,

867 5485 970 5567 idem
997 5488 1219 5570 lumbardus
1245 5490 1347 5569 dieto
1378 5492 1492 5570 militi
1519 5490 1697 5570 redderet
1724 5487 1867 5566 litteras
1899 5484 2126 5576 antedictam
2155 5512 2292 5594 quare,
