5817 7292
710 1358 774 1399 1³00.

878 1103 949 1178 tat
1460 1106 1550 1180 LES
1579 1105 1718 1180 OLIM.

651 1269 780 1322 marni
793 1260 836 1322 tv.
872 1247 946 1325 bus
965 1245 1070 1325 lactis
1088 1245 1308 1325 hominibus
1327 1246 1376 1324 de
1396 1248 1534 1354 Marey‚
1554 1248 1818 1353 condempnati
1836 1247 1990 1328 luerunt
2008 1251 2057 1330 ad
2074 1254 2297 1338 solvendum

873 1377 1032 1456 domino
1052 1378 1143 1485 Regi
1161 1377 1240 1455 duo
1256 1376 1374 1456 millia
1392 1376 1593 1466 librarum,
1612 1407 1682 1484 pro
1701 1379 1877 1468 emenda,
1900 1397 1939 1458 et
1955 1380 2003 1458 ad
2018 1385 2298 1466 restituendum

874 1510 1036 1616 dampna
1061 1507 1172 1586 dictis
1194 1506 1414 1586 hominibus
1438 1507 1486 1586 de
1513 1509 1674 1616 Mayrey‚
1701 1526 1813 1615 prout
1835 1508 2017 1592 dominus
2041 1512 2087 1593 G.
2109 1515 2157 1593 de
2176 1518 2299 1626 ¹Naga-

872 1657 953 1718 reto
975 1638 1089 1718 michi
1113 1638 1324 1743 reportavit.
1347 1637 1395 1713 Et
1418 1636 1491 1714 fuit
1507 1637 1689 1744 judicata,
1717 1656 1760 1717 ut
1781 1640 1887 1730 dicit,
1913 1670 2012 1756 annq
2033 1647 2296 1737 trecentesimo

872 1771 1006 1878 quinto
1026 1795 1155 1846 mense
1176 1767 1328 1847 Marcio.
2174 1771 2178 1782 ’

928 1895 1144 2008 loquentem
1159 1898 1283 1981 habeo
1297 1899 1337 1975 in
1351 1924 1458 1976 sacco
1471 1898 1586 2005 hujus
1600 1898 1836 2005 parlamenti.

927 2165 1053 2242 XLIX.
1079 2163 1177 2242 Cum
1191 2163 1291 2241 inter
1303 2162 1509 2244 Gossinum
1522 2161 1726 2272 Flamingi,
1744 2183 2004 2260 mercatorem,
2022 2195 2067 2246 ex
2081 2186 2187 2276 parte
2203 2199 2291 2260 una,

874 2313 912 2373 et
929 2294 1125 2372 Nicolaum
1141 2294 1189 2371 de
1201 2292 1470 2386 Ponte-Levio‚
1487 2294 1711 2373 servientem
1723 2312 1814 2372 tunc
1826 2313 1999 2375 nostrum
2014 2298 2115 2403 apud
2127 2298 2295 2378 Bellum·

873 2427 1023 2514 Videre‚
1036 2426 1076 2501 in
1084 2423 1473 2516 balliviaTuronensi‚
1489 2442 1646 2530 exparte
1657 2425 1787 2515 altera,
1800 2444 1880 2506 orta
1891 2428 2219 2508 suissetdiscordia
2232 2459 2296 2512 su·

871 2586 941 2663 per
956 2584 1002 2633 eo
1017 2555 1137 2663 quod,
1152 2556 1779 2664 tempore‚guerra1um,quoidem
1794 2555 1976 2636 Gossinus
1992 2575 2071 2636 erat
2084 2587 2152 2666 per
2164 2577 2295 2668 gentes

872 2689 970 2795 regis
985 2687 1119 2794 Anglie
1134 2705 1261 2794 captus
1283 2705 1322 2765 et
1335 2688 1373 2764 in
1391 2687 1557 2793 prisione
1578 2688 1769 2778 detentus,
1792 2688 1895 2768 idem
1911 2687 2098 2779 Nicolaus,
2119 2691 2191 2769 sub
2212 2720 2297 2796 pre·

871 2837 975 2896 textu
995 2816 1139 2896 servicii
1154 2847 1196 2896 ac
1211 2817 1329 2896 officii
1346 2820 1485 2909 nostri,
1506 2819 1706 2896 maximam
1723 2821 1970 2926 quantitatem
1986 2821 2088 2909 salis,
2105 2822 2295 2901 existentis

872 2951 911 3026 in
923 2951 1038 3028 domo
1052 2945 1141 3024 dicti
1157 2946 1307 3029 Gossini
1321 2949 1422 3056 apud
1433 2948 1757 3042 Rodum-Videre,
1772 2950 1887 3058 cepit,
1899 2967 1943 3026 ut
1954 2951 2103 3040 dicitur,
2115 2951 2297 3032 violenter

873 3098 910 3156 et
919 3081 1076 3186 injuste,
1092 3097 1131 3156 et
1143 3108 1211 3187 per
1224 3078 1415 3157 ministros
1429 3108 1519 3158 suos
1534 3079 1666 3157 levavit
1681 3097 1720 3157 et
1734 3080 1968 3186 explectavit‚
1985 3082 2025 3157 in
2041 3109 2150 3188 grave
2167 3081 2297 3189 damp-

872 3240 965 3288 num
986 3227 1025 3287 et
1042 3211 1295 3320 prejudicium
1315 3209 1406 3288 dicti
1427 3209 1594 3298 Gemini,
1619 3210 1701 3316 qui,
1722 3227 1924 3316 postquam
1945 3211 1994 3290 de
2014 3211 2112 3288 dicta
2130 3211 2295 3318 prisione

873 3342 1000 3432 exivit,
1022 3341 1111 3420 lecit
1125 3370 1238 3449 super
1250 3340 1441 3448 premissis
1455 3341 1600 3418 dictum
1620 3339 1814 3418 Nicolaum
1830 3367 1954 3418 coram
1969 3340 2144 3447 gentibus
2158 3344 2296 3422 nostris

870 3473 1014 3578 pluries
1038 3472 1219 3581 ajomari.‚,
1245 3472 1346 3550 dicto
1371 3471 1522 3550 Nicolao
1547 3469 1846 3579 subterfugiente
1874 3489 1913 3548 et
1936 3471 2207 3550 contumaciter
2231 3473 2296 3552 ab·

872 3620 997 3693 sente,
1018 3631 1088 3681 nos
1106 3632 1221 3711 super
1234 3602 1309 3680 hiis
1322 3601 1580 3679 mandavimus
1592 3599 1786 3678 veritatem
1808 3599 1948 3706 inquiri
1961 3632 1971 3676 ε
1984 3601 2092 3676 Facta
2110 3600 2226 3708 igitur
2239 3629 2296 3681 su·

871 3763 942 3840 per
960 3735 1034 3812 hiis
1053 3734 1224 3840 inquesta
1246 3750 1284 3811 et
1296 3732 1504 3840 diligenter
1522 3731 1614 3822 visa,
1634 3747 1826 3838 repertum
1845 3731 1918 3810 suit
1937 3731 2083 3809 dictum
2098 3730 2294 3812 Nicolaum

873 3893 942 3971 per
963 3866 1166 3943 servientes
1186 3890 1275 3943 suos
1293 3864 1432 3942 levasse
1452 3879 1492 3940 et
1511 3861 1755 3968 explectasse‚
1784 3863 1885 3940 dicto
1904 3880 2092 3970 tempore,
2115 3863 2296 3946 ducentas

874 4013 912 4073 et
927 3996 1171 4104 quadraginta
1186 4023 1310 4103 cargas
1329 3993 1415 4072 salis
1434 3990 1594 4100 predicti
1612 3989 1779 4084 Gemini,
1804 3993 1852 4070 ad
1870 4019 2044 4100 magnam
2065 4023 2211 4104 cargam
2231 4025 2296 4104 pa—
2356 3986 2362 4000 ’

769 4161 772 4164 ’
872 4127 941 4205 trie
968 4127 1085 4218 illius,
1110 4155 1184 4233 que
1207 4126 1361 4203 luerunt
1383 4124 1554 4202 estimato
1578 4122 1695 4201 octies
1722 4140 1874 4206 centum
1895 4122 2009 4204 libras
2032 4127 2292 4219 turonenses,

872 4275 1026 4364 propter
1039 4259 1145 4366 quod
1160 4257 1232 4335 fuit
1246 4256 1369 4334 dictus
1381 4253 1557 4334 Nicolaus
1575 4253 1644 4360 ipsi
1662 4252 1823 4331 Gossino
1840 4255 1880 4330 in
1895 4254 2012 4334 octies
2024 4273 2177 4334 centum
2189 4256 2296 4334 libris

872 4389 1176 4477 Turonensibus·‚
1191 4417 1258 4496 per
1272 4387 1375 4466 curie
1391 4403 1519 4464 nostre
1525 4385 1731 4494 judicium,
1747 4387 2067 4494 condempnatus,
2079 4388 2296 4468 salvanobis

873 4517 1032 4594 emenda
1048 4535 1194 4610 nostra,
1209 4518 1316 4625 cujus
1333 4517 1474 4593 taracio
1493 4515 1566 4594 luit
1579 4533 1777 4624 prorogata
1791 4545 1989 4624 quousque
2007 4517 2147 4600 sciatur
2164 4519 2296 4602 veritas

871 4647 919 4722 de
940 4647 1063 4724 valore
1083 4647 1274 4725 bonorum
1290 4647 1424 4753 ipsius,
1441 4645 1562 4724 soluta
1576 4647 1923 4753 condempnacione
1938 4628 2119 4752 predicta.

930 4777 1104 4854 Mercurii
1125 4793 1210 4882 post
1228 4776 1516 4854 Penthecoston.

928 4908 1088 4985 Sanctus
1106 4905 1272 4986 Obcrtus
1290 4906 1503 5014 reportavit

928 5037 1167 5116 Mandabitur
1192 5038 1331 5118 ballivo
1359 5038 1574 5117 Turonensi
1601 5039 1708 5145 quod
1740 5038 1831 5116 sciat
1861 5054 1900 5114 et
1926 5037 2107 5116 rescribat
2129 5039 2294 5118 valorem

871 5170 1096 5275 predictum.

925 5435 972 5516 :L-
1001 5431 1100 5510 Cum
1127 5430 1296 5510 incuria
1325 5449 1452 5510 nostra
1488 5449 1586 5510 esset
1614 5431 1660 5508 lis
1685 5456 1752 5508 seu
1786 5431 2037 5508 controuersia
2061 5431 2160 5510 inter
2190 5431 2297 5510 deca·
