<?xml version="1.0" encoding="UTF-8"?>
<!DOCTYPE html PUBLIC "-//W3C//DTD XHTML 1.0 Transitional//EN"
    "http://www.w3.org/TR/xhtml1/DTD/xhtml1-transitional.dtd">
<html xmlns="http://www.w3.org/1999/xhtml" xml:lang="en" lang="en">
 <head>
  <title>
</title>
<meta http-equiv="Content-Type" content="text/html;charset=utf-8" />
  <meta name='ocr-system' content='tesseract 3.04.00' />
  <meta name='ocr-capabilities' content='ocr_page ocr_carea ocr_par ocr_line ocrx_word'/>
</head>
<body>
  <div class='ocr_page' id='page_1' title='image "./lesolimouregist00pargoog_0627.png"; bbox 0 0 5817 7292; ppageno 0'>
   <div class='ocr_carea' id='block_1_1' title="bbox 992 1060 2009 1170">
    <p class='ocr_par' dir='ltr' id='par_1_1' title="bbox 992 1060 2009 1170">
     <span class='ocr_line' id='line_1_1' title="bbox 992 1060 2009 1170; baseline 0.003 -18"><span class='ocrx_word' id='word_1_1' title='bbox 992 1061 1260 1170; x_wconf 75' lang='lat' dir='ltr'>enormes</span> <span class='ocrx_word' id='word_1_2' title='bbox 1284 1078 1348 1152; x_wconf 83' lang='lat' dir='ltr'>rr</span> <span class='ocrx_word' id='word_1_3' title='bbox 1373 1060 1580 1154; x_wconf 72' lang='lat' dir='ltr'>esoces.</span> <span class='ocrx_word' id='word_1_4' title='bbox 1922 1065 2009 1155; x_wconf 72' lang='lat' dir='ltr'>sas·</span> 
     </span>
    </p>
   </div>
   <div class='ocr_carea' id='block_1_2' title="bbox 583 1217 2221 2248">
    <p class='ocr_par' dir='ltr' id='par_1_2' title="bbox 583 1217 2221 1593">
     <span class='ocr_line' id='line_1_2' title="bbox 583 1217 2221 1330; baseline 0.001 -32"><span class='ocrx_word' id='word_1_5' title='bbox 583 1235 736 1298; x_wconf 85' lang='lat' dir='ltr'>centum</span> <span class='ocrx_word' id='word_1_6' title='bbox 754 1218 905 1326; x_wconf 80' lang='lat' dir='ltr'>triginta</span> <span class='ocrx_word' id='word_1_7' title='bbox 923 1219 1037 1298; x_wconf 78' lang='lat' dir='ltr'>libras</span> <span class='ocrx_word' id='word_1_8' title='bbox 1056 1237 1095 1300; x_wconf 88' lang='lat' dir='ltr'>et</span> <span class='ocrx_word' id='word_1_9' title='bbox 1113 1239 1275 1330; x_wconf 86' lang='lat' dir='ltr'>quatuor</span> <span class='ocrx_word' id='word_1_10' title='bbox 1293 1219 1453 1311; x_wconf 90' lang='lat' dir='ltr'>solidos,</span> <span class='ocrx_word' id='word_1_11' title='bbox 1475 1221 1717 1298; x_wconf 84' lang='lat' dir='ltr'><strong>mandabitur</strong></span> <span class='ocrx_word' id='word_1_12' title='bbox 1733 1217 1872 1298; x_wconf 84' lang='lat' dir='ltr'>ballivo</span> <span class='ocrx_word' id='word_1_13' title='bbox 1887 1223 1999 1301; x_wconf 85' lang='lat' dir='ltr'>Viro·</span> <span class='ocrx_word' id='word_1_14' title='bbox 2035 1237 2164 1291; x_wconf 67' lang='lat' dir='ltr'>Partim</span> <span class='ocrx_word' id='word_1_15' title='bbox 2178 1233 2221 1299; x_wconf 80' lang='lat' dir='ltr'>tv,</span> 
     </span>
     <span class='ocr_line' id='line_1_3' title="bbox 583 1328 2161 1462; baseline 0.001 -34"><span class='ocrx_word' id='word_1_16' title='bbox 583 1349 780 1454; x_wconf 76' lang='lat' dir='ltr'>mandensi</span> <span class='ocrx_word' id='word_1_17' title='bbox 797 1352 923 1458; x_wconf 86' lang='lat' dir='ltr'>quod,</span> <span class='ocrx_word' id='word_1_18' title='bbox 938 1355 1076 1434; x_wconf 85' lang='lat' dir='ltr'>vocatis</span> <span class='ocrx_word' id='word_1_19' title='bbox 1093 1356 1263 1462; x_wconf 88' lang='lat' dir='ltr'>personis</span> <span class='ocrx_word' id='word_1_20' title='bbox 1277 1353 1352 1432; x_wconf 85' lang='lat' dir='ltr'>rllis</span> <span class='ocrx_word' id='word_1_21' title='bbox 1368 1355 1416 1432; x_wconf 89' lang='lat' dir='ltr'>de</span> <span class='ocrx_word' id='word_1_22' title='bbox 1431 1352 1572 1462; x_wconf 88' lang='lat' dir='ltr'>quibus</span> <span class='ocrx_word' id='word_1_23' title='bbox 1587 1353 1725 1432; x_wconf 88' lang='lat' dir='ltr'>dicitur</span> <span class='ocrx_word' id='word_1_24' title='bbox 1736 1381 1901 1431; x_wconf 88' lang='lat' dir='ltr'>summas</span> <span class='ocrx_word' id='word_1_25' title='bbox 1916 1381 2001 1458; x_wconf 86' lang='lat' dir='ltr'>pre·</span> <span class='ocrx_word' id='word_1_26' title='bbox 2097 1328 2161 1374; x_wconf 67' lang='lat'>&#39;⁸¹⁰&#39;</span> 
     </span>
     <span class='ocr_line' id='line_1_4' title="bbox 585 1481 2003 1593; baseline 0.002 -35"><span class='ocrx_word' id='word_1_27' title='bbox 585 1481 701 1559; x_wconf 85' lang='lat' dir='ltr'>dictas</span> <span class='ocrx_word' id='word_1_28' title='bbox 720 1481 915 1562; x_wconf 80' lang='lat' dir='ltr'><strong>extorsisse</strong></span> <span class='ocrx_word' id='word_1_29' title='bbox 934 1484 994 1562; x_wconf 85' lang='lat' dir='ltr'>rel</span> <span class='ocrx_word' id='word_1_30' title='bbox 1013 1485 1140 1562; x_wconf 91' lang='lat' dir='ltr'>minus</span> <span class='ocrx_word' id='word_1_31' title='bbox 1161 1485 1263 1593; x_wconf 86' lang='lat' dir='ltr'>juste</span> <span class='ocrx_word' id='word_1_32' title='bbox 1290 1482 1491 1591; x_wconf 79' lang='lat' dir='ltr'>recepisse,</span> <span class='ocrx_word' id='word_1_33' title='bbox 1520 1500 1560 1561; x_wconf 88' lang='lat' dir='ltr'>et</span> <span class='ocrx_word' id='word_1_34' title='bbox 1582 1484 1760 1562; x_wconf 89' lang='lat' dir='ltr'>omnibus</span> <span class='ocrx_word' id='word_1_35' title='bbox 1785 1483 1868 1561; x_wconf 83' lang='lat' dir='ltr'>aliis</span> <span class='ocrx_word' id='word_1_36' title='bbox 1893 1483 2003 1561; x_wconf 83' lang='lat' dir='ltr'>dese</span> 
     </span>
    </p>

    <p class='ocr_par' dir='ltr' id='par_1_3' title="bbox 584 1609 2005 1852">
     <span class='ocr_line' id='line_1_5' title="bbox 586 1609 2005 1722; baseline 0.001 -33"><span class='ocrx_word' id='word_1_37' title='bbox 586 1611 766 1718; x_wconf 81' lang='lat' dir='ltr'>conqueri</span> <span class='ocrx_word' id='word_1_38' title='bbox 785 1609 998 1692; x_wconf 82' lang='lat' dir='ltr'>volentibus</span> <span class='ocrx_word' id='word_1_39' title='bbox 1025 1643 1138 1721; x_wconf 89' lang='lat' dir='ltr'>super</span> <span class='ocrx_word' id='word_1_40' title='bbox 1156 1615 1335 1722; x_wconf 78' lang='lat' dir='ltr'><strong>predictis</strong></span> <span class='ocrx_word' id='word_1_41' title='bbox 1355 1633 1392 1692; x_wconf 89' lang='lat' dir='ltr'>et</span> <span class='ocrx_word' id='word_1_42' title='bbox 1415 1614 1591 1719; x_wconf 89' lang='lat' dir='ltr'>aliisque</span> <span class='ocrx_word' id='word_1_43' title='bbox 1615 1631 1742 1691; x_wconf 88' lang='lat' dir='ltr'>contra</span> <span class='ocrx_word' id='word_1_44' title='bbox 1768 1615 1892 1720; x_wconf 92' lang='lat' dir='ltr'>ipsum</span> <span class='ocrx_word' id='word_1_45' title='bbox 1915 1641 2005 1719; x_wconf 87' lang='lat' dir='ltr'>pro-</span> 
     </span>
     <span class='ocr_line' id='line_1_6' title="bbox 584 1741 2005 1852; baseline 0.001 -32"><span class='ocrx_word' id='word_1_46' title='bbox 584 1741 796 1847; x_wconf 78' lang='lat' dir='ltr'>posuerint,</span> <span class='ocrx_word' id='word_1_47' title='bbox 830 1741 968 1820; x_wconf 81' lang='lat' dir='ltr'>cuditis</span> <span class='ocrx_word' id='word_1_48' title='bbox 994 1745 1186 1852; x_wconf 80' lang='lat' dir='ltr'>partibus,</span> <span class='ocrx_word' id='word_1_49' title='bbox 1219 1746 1361 1824; x_wconf 87' lang='lat' dir='ltr'>eisdem</span> <span class='ocrx_word' id='word_1_50' title='bbox 1388 1744 1561 1822; x_wconf 79' lang='lat' dir='ltr'><strong>exhibeat</strong></span> <span class='ocrx_word' id='word_1_51' title='bbox 1585 1744 1634 1821; x_wconf 87' lang='lat' dir='ltr'>de</span> <span class='ocrx_word' id='word_1_52' title='bbox 1657 1743 1771 1851; x_wconf 88' lang='lat' dir='ltr'>plano</span> <span class='ocrx_word' id='word_1_53' title='bbox 1798 1761 1837 1820; x_wconf 91' lang='lat' dir='ltr'>et</span> <span class='ocrx_word' id='word_1_54' title='bbox 1866 1743 2005 1850; x_wconf 74' lang='lat' dir='ltr'>alisque</span> 
     </span>
    </p>

    <p class='ocr_par' dir='ltr' id='par_1_4' title="bbox 586 1871 2009 1984">
     <span class='ocr_line' id='line_1_7' title="bbox 586 1871 2009 1984; baseline 0.002 -36"><span class='ocrx_word' id='word_1_55' title='bbox 586 1872 744 1978; x_wconf 84' lang='lat' dir='ltr'>strepitu</span> <span class='ocrx_word' id='word_1_56' title='bbox 759 1871 914 1978; x_wconf 85' lang='lat' dir='ltr'>judicii,</span> <span class='ocrx_word' id='word_1_57' title='bbox 932 1874 1065 1954; x_wconf 86' lang='lat' dir='ltr'>celeris</span> <span class='ocrx_word' id='word_1_58' title='bbox 1075 1876 1226 1984; x_wconf 85' lang='lat' dir='ltr'>justicie</span> <span class='ocrx_word' id='word_1_59' title='bbox 1244 1877 1583 1983; x_wconf 82' lang='lat' dir='ltr'>complementum,</span> <span class='ocrx_word' id='word_1_60' title='bbox 1605 1878 1691 1953; x_wconf 87' lang='lat' dir='ltr'>etsi</span> <span class='ocrx_word' id='word_1_61' title='bbox 1711 1876 1835 1982; x_wconf 85' lang='lat' dir='ltr'>ipsum</span> <span class='ocrx_word' id='word_1_62' title='bbox 1856 1875 2009 1952; x_wconf 81' lang='lat' dir='ltr'>invene-</span> 
     </span>
    </p>

    <p class='ocr_par' dir='ltr' id='par_1_5' title="bbox 586 2002 2008 2114">
     <span class='ocr_line' id='line_1_8' title="bbox 586 2002 2008 2114; baseline 0.002 -36"><span class='ocrx_word' id='word_1_63' title='bbox 586 2003 636 2078; x_wconf 88' lang='lat' dir='ltr'>rit</span> <span class='ocrx_word' id='word_1_64' title='bbox 660 2003 699 2080; x_wconf 89' lang='lat' dir='ltr'>in</span> <span class='ocrx_word' id='word_1_65' title='bbox 722 2002 900 2108; x_wconf 80' lang='lat' dir='ltr'>predictis</span> <span class='ocrx_word' id='word_1_66' title='bbox 918 2004 979 2082; x_wconf 89' lang='lat' dir='ltr'>vel</span> <span class='ocrx_word' id='word_1_67' title='bbox 1006 2005 1107 2096; x_wconf 82' lang='lat' dir='ltr'>aliis,</span> <span class='ocrx_word' id='word_1_68' title='bbox 1129 2007 1280 2084; x_wconf 82' lang='lat' dir='ltr'>racione</span> <span class='ocrx_word' id='word_1_69' title='bbox 1303 2007 1362 2084; x_wconf 90' lang='lat' dir='ltr'>sui</span> <span class='ocrx_word' id='word_1_70' title='bbox 1383 2005 1513 2097; x_wconf 87' lang='lat' dir='ltr'>officii,</span> <span class='ocrx_word' id='word_1_71' title='bbox 1542 2006 1756 2096; x_wconf 85' lang='lat' dir='ltr'>excessisse,</span> <span class='ocrx_word' id='word_1_72' title='bbox 1783 2005 2008 2114; x_wconf 80' lang='lat' dir='ltr'>condignam</span> 
     </span>
    </p>

    <p class='ocr_par' dir='ltr' id='par_1_6' title="bbox 585 2127 2008 2248">
     <span class='ocr_line' id='line_1_9' title="bbox 585 2127 2008 2248; baseline 0.003 -38"><span class='ocrx_word' id='word_1_73' title='bbox 585 2132 745 2238; x_wconf 87' lang='lat' dir='ltr'>proinde</span> <span class='ocrx_word' id='word_1_74' title='bbox 765 2133 865 2212; x_wconf 86' lang='lat' dir='ltr'>levet</span> <span class='ocrx_word' id='word_1_75' title='bbox 881 2135 926 2212; x_wconf 85' lang='lat' dir='ltr'>ab</span> <span class='ocrx_word' id='word_1_76' title='bbox 945 2135 1044 2241; x_wconf 90' lang='lat' dir='ltr'>ipso,</span> <span class='ocrx_word' id='word_1_77' title='bbox 1062 2166 1130 2243; x_wconf 90' lang='lat' dir='ltr'>pro</span> <span class='ocrx_word' id='word_1_78' title='bbox 1148 2127 1275 2227; x_wconf 81' lang='lat' dir='ltr'>nobis,</span> <span class='ocrx_word' id='word_1_79' title='bbox 1295 2135 1511 2227; x_wconf 87' lang='lat' dir='ltr'>emendam,</span> <span class='ocrx_word' id='word_1_80' title='bbox 1527 2153 1566 2213; x_wconf 82' lang='lat' dir='ltr'>et</span> <span class='ocrx_word' id='word_1_81' title='bbox 1587 2137 1778 2242; x_wconf 88' lang='lat' dir='ltr'>pendente</span> <span class='ocrx_word' id='word_1_82' title='bbox 1790 2137 2008 2248; x_wconf 81' lang='lat' dir='ltr'>cognicione</span> 
     </span>
    </p>
   </div>
   <div class='ocr_carea' id='block_1_3' title="bbox 586 2262 2006 2501">
    <p class='ocr_par' dir='ltr' id='par_1_7' title="bbox 586 2262 2006 2501">
     <span class='ocr_line' id='line_1_10' title="bbox 586 2262 2006 2370; baseline 0.004 -32"><span class='ocrx_word' id='word_1_83' title='bbox 586 2262 824 2370; x_wconf 87' lang='lat' dir='ltr'>hujusmodi,</span> <span class='ocrx_word' id='word_1_84' title='bbox 842 2265 986 2344; x_wconf 86' lang='lat' dir='ltr'>dictum</span> <span class='ocrx_word' id='word_1_85' title='bbox 1003 2266 1254 2348; x_wconf 88' lang='lat' dir='ltr'>Guillelmum</span> <span class='ocrx_word' id='word_1_86' title='bbox 1269 2269 1316 2346; x_wconf 84' lang='lat' dir='ltr'>ab</span> <span class='ocrx_word' id='word_1_87' title='bbox 1334 2267 1459 2347; x_wconf 89' lang='lat' dir='ltr'>officio</span> <span class='ocrx_word' id='word_1_88' title='bbox 1475 2295 1561 2357; x_wconf 90' lang='lat' dir='ltr'>suo,</span> <span class='ocrx_word' id='word_1_89' title='bbox 1579 2267 1610 2345; x_wconf 91' lang='lat' dir='ltr'>si</span> <span class='ocrx_word' id='word_1_90' title='bbox 1625 2268 1760 2346; x_wconf 82' lang='lat' dir='ltr'>viderit</span> <span class='ocrx_word' id='word_1_91' title='bbox 1773 2267 2006 2359; x_wconf 82' lang='lat' dir='ltr'>faciendum,</span> 
     </span>
     <span class='ocr_line' id='line_1_11' title="bbox 586 2395 802 2501; baseline 0 -29"><span class='ocrx_word' id='word_1_92' title='bbox 586 2395 802 2501; x_wconf 87' lang='lat' dir='ltr'>suspendat.</span> 
     </span>
    </p>
   </div>
   <div class='ocr_carea' id='block_1_4' title="bbox 642 2525 2012 2894">
    <p class='ocr_par' dir='ltr' id='par_1_8' title="bbox 642 2525 2012 2894">
     <span class='ocr_line' id='line_1_12' title="bbox 642 2525 1094 2631; baseline 0.004 -29"><span class='ocrx_word' id='word_1_93' title='bbox 642 2525 743 2604; x_wconf 79' lang='lat' dir='ltr'>lovis</span> <span class='ocrx_word' id='word_1_94' title='bbox 759 2542 846 2631; x_wconf 90' lang='lat' dir='ltr'>post</span> <span class='ocrx_word' id='word_1_95' title='bbox 863 2529 1094 2606; x_wconf 85' lang='lat' dir='ltr'>Brandones.</span> 
     </span>
     <span class='ocr_line' id='line_1_13' title="bbox 643 2656 1299 2763; baseline -0.002 -29"><span class='ocrx_word' id='word_1_96' title='bbox 643 2656 817 2734; x_wconf 87' lang='lat' dir='ltr'>Decanus</span> <span class='ocrx_word' id='word_1_97' title='bbox 836 2656 884 2732; x_wconf 85' lang='lat' dir='ltr'>de</span> <span class='ocrx_word' id='word_1_98' title='bbox 902 2656 1067 2736; x_wconf 90' lang='lat' dir='ltr'>Cassello</span> <span class='ocrx_word' id='word_1_99' title='bbox 1087 2657 1299 2763; x_wconf 83' lang='lat' dir='ltr'>reportavit.</span> 
     </span>
     <span class='ocr_line' id='line_1_14' title="bbox 645 2783 2012 2894; baseline 0.004 -35"><span class='ocrx_word' id='word_1_100' title='bbox 645 2783 915 2889; x_wconf 73' lang='lat' dir='ltr'>inquisitores:</span> <span class='ocrx_word' id='word_1_101' title='bbox 936 2786 1060 2865; x_wconf 72' lang='lat' dir='ltr'>Alebus</span> <span class='ocrx_word' id='word_1_102' title='bbox 1087 2786 1135 2864; x_wconf 93' lang='lat' dir='ltr'>de</span> <span class='ocrx_word' id='word_1_103' title='bbox 1161 2786 1393 2864; x_wconf 79' lang='lat' dir='ltr'>Charmerre</span> <span class='ocrx_word' id='word_1_104' title='bbox 1419 2801 1459 2862; x_wconf 85' lang='lat' dir='ltr'>et</span> <span class='ocrx_word' id='word_1_105' title='bbox 1485 2785 1664 2864; x_wconf 89' lang='lat' dir='ltr'>dominus</span> <span class='ocrx_word' id='word_1_106' title='bbox 1685 2786 1825 2894; x_wconf 86' lang='lat' dir='ltr'>Symon</span> <span class='ocrx_word' id='word_1_107' title='bbox 1845 2786 1894 2864; x_wconf 88' lang='lat' dir='ltr'>de</span> <span class='ocrx_word' id='word_1_108' title='bbox 1915 2789 2012 2866; x_wconf 84' lang='lat' dir='ltr'>Mar·</span> 
     </span>
    </p>
   </div>
   <div class='ocr_carea' id='block_1_5' title="bbox 590 2915 738 3023">
    <p class='ocr_par' dir='ltr' id='par_1_9' title="bbox 590 2915 738 3023">
     <span class='ocr_line' id='line_1_15' title="bbox 590 2915 738 3023; baseline 0.007 -31"><span class='ocrx_word' id='word_1_109' title='bbox 590 2915 738 3023; x_wconf 81' lang='lat' dir='ltr'>chesyo.</span> 
     </span>
    </p>
   </div>
   <div class='ocr_carea' id='block_1_6' title="bbox 590 3173 2019 4986">
    <p class='ocr_par' dir='ltr' id='par_1_10' title="bbox 590 3173 2019 4986">
     <span class='ocr_line' id='line_1_16' title="bbox 645 3173 2015 3289; baseline 0.003 -33"><span class='ocrx_word' id='word_1_110' title='bbox 645 3177 755 3256; x_wconf 85' lang='lat' dir='ltr'><strong>XXII.</strong></span> <span class='ocrx_word' id='word_1_111' title='bbox 786 3178 869 3256; x_wconf 88' lang='lat' dir='ltr'>Lite</span> <span class='ocrx_word' id='word_1_112' title='bbox 894 3197 997 3258; x_wconf 88' lang='lat' dir='ltr'>mota</span> <span class='ocrx_word' id='word_1_113' title='bbox 1018 3179 1119 3258; x_wconf 83' lang='lat' dir='ltr'>inter</span> <span class='ocrx_word' id='word_1_114' title='bbox 1141 3173 1399 3258; x_wconf 68' lang='lat' dir='ltr'>Andream&#39;de</span> <span class='ocrx_word' id='word_1_115' title='bbox 1419 3182 1580 3269; x_wconf 75' lang='lat' dir='ltr'>Vareno,</span> <span class='ocrx_word' id='word_1_116' title='bbox 1608 3181 1849 3289; x_wconf 86' lang='lat' dir='ltr'>armigerum,</span> <span class='ocrx_word' id='word_1_117' title='bbox 1877 3211 1921 3260; x_wconf 83' lang='lat' dir='ltr'>er</span> <span class='ocrx_word' id='word_1_118' title='bbox 1939 3211 2015 3260; x_wconf 83' lang='lat' dir='ltr'>una</span> 
     </span>
     <span class='ocr_line' id='line_1_17' title="bbox 590 3309 2017 3421; baseline 0.004 -34"><span class='ocrx_word' id='word_1_119' title='bbox 590 3325 716 3416; x_wconf 79' lang='lat' dir='ltr'>perte,</span> <span class='ocrx_word' id='word_1_120' title='bbox 738 3327 777 3388; x_wconf 86' lang='lat' dir='ltr'>et</span> <span class='ocrx_word' id='word_1_121' title='bbox 794 3309 957 3388; x_wconf 84' lang='lat' dir='ltr'>Alanum</span> <span class='ocrx_word' id='word_1_122' title='bbox 982 3309 1029 3388; x_wconf 88' lang='lat' dir='ltr'>de</span> <span class='ocrx_word' id='word_1_123' title='bbox 1052 3311 1248 3404; x_wconf 89' lang='lat' dir='ltr'>Dudouio,</span> <span class='ocrx_word' id='word_1_124' title='bbox 1270 3310 1451 3400; x_wconf 89' lang='lat' dir='ltr'>militem,</span> <span class='ocrx_word' id='word_1_125' title='bbox 1475 3311 1675 3405; x_wconf 80' lang='lat' dir='ltr'>exaltem,</span> <span class='ocrx_word' id='word_1_126' title='bbox 1702 3339 1816 3418; x_wconf 88' lang='lat' dir='ltr'>super</span> <span class='ocrx_word' id='word_1_127' title='bbox 1841 3339 1886 3390; x_wconf 91' lang='lat' dir='ltr'>eo</span> <span class='ocrx_word' id='word_1_128' title='bbox 1910 3314 2017 3421; x_wconf 88' lang='lat' dir='ltr'>quod</span> 
     </span>
     <span class='ocr_line' id='line_1_18' title="bbox 593 3438 2017 3550; baseline 0.003 -34"><span class='ocrx_word' id='word_1_129' title='bbox 593 3439 716 3517; x_wconf 86' lang='lat' dir='ltr'>dictus</span> <span class='ocrx_word' id='word_1_130' title='bbox 730 3438 899 3518; x_wconf 79' lang='lat' dir='ltr'>Andreas</span> <span class='ocrx_word' id='word_1_131' title='bbox 915 3439 1064 3520; x_wconf 89' lang='lat' dir='ltr'>dicebat</span> <span class='ocrx_word' id='word_1_132' title='bbox 1079 3441 1200 3550; x_wconf 88' lang='lat' dir='ltr'>quod,</span> <span class='ocrx_word' id='word_1_133' title='bbox 1219 3471 1305 3519; x_wconf 89' lang='lat' dir='ltr'>cum</span> <span class='ocrx_word' id='word_1_134' title='bbox 1321 3443 1452 3550; x_wconf 90' lang='lat' dir='ltr'>ipsein</span> <span class='ocrx_word' id='word_1_135' title='bbox 1467 3444 1570 3519; x_wconf 89' lang='lat' dir='ltr'>curia</span> <span class='ocrx_word' id='word_1_136' title='bbox 1586 3443 1692 3520; x_wconf 90' lang='lat' dir='ltr'>ducis</span> <span class='ocrx_word' id='word_1_137' title='bbox 1706 3441 1912 3533; x_wconf 84' lang='lat' dir='ltr'>Britannie‚</span> <span class='ocrx_word' id='word_1_138' title='bbox 1928 3459 2017 3520; x_wconf 86' lang='lat' dir='ltr'>con·</span> 
     </span>
     <span class='ocr_line' id='line_1_19' title="bbox 590 3569 2014 3682; baseline 0.006 -37"><span class='ocrx_word' id='word_1_139' title='bbox 590 3586 647 3646; x_wconf 85' lang='lat' dir='ltr'>tra</span> <span class='ocrx_word' id='word_1_140' title='bbox 669 3569 812 3650; x_wconf 89' lang='lat' dir='ltr'>dictum</span> <span class='ocrx_word' id='word_1_141' title='bbox 828 3572 1006 3664; x_wconf 87' lang='lat' dir='ltr'>Alanum,</span> <span class='ocrx_word' id='word_1_142' title='bbox 1028 3573 1172 3652; x_wconf 85' lang='lat' dir='ltr'>diceret</span> <span class='ocrx_word' id='word_1_143' title='bbox 1189 3574 1296 3680; x_wconf 85' lang='lat' dir='ltr'>quod</span> <span class='ocrx_word' id='word_1_144' title='bbox 1314 3591 1420 3680; x_wconf 88' lang='lat' dir='ltr'>pater</span> <span class='ocrx_word' id='word_1_145' title='bbox 1440 3603 1546 3663; x_wconf 90' lang='lat' dir='ltr'>suus,</span> <span class='ocrx_word' id='word_1_146' title='bbox 1567 3592 1739 3682; x_wconf 87' lang='lat' dir='ltr'>tempore</span> <span class='ocrx_word' id='word_1_147' title='bbox 1756 3602 1833 3680; x_wconf 90' lang='lat' dir='ltr'>quo</span> <span class='ocrx_word' id='word_1_148' title='bbox 1850 3573 2014 3668; x_wconf 78' lang='lat' dir='ltr'>vivebat,</span> 
     </span>
     <span class='ocr_line' id='line_1_20' title="bbox 593 3698 2018 3810; baseline 0.005 -34"><span class='ocrx_word' id='word_1_149' title='bbox 593 3698 715 3778; x_wconf 86' lang='lat' dir='ltr'>luerat</span> <span class='ocrx_word' id='word_1_150' title='bbox 734 3703 773 3778; x_wconf 91' lang='lat' dir='ltr'>in</span> <span class='ocrx_word' id='word_1_151' title='bbox 791 3701 893 3780; x_wconf 90' lang='lat' dir='ltr'>bona</span> <span class='ocrx_word' id='word_1_152' title='bbox 912 3705 1046 3779; x_wconf 82' lang='lat' dir='ltr'>saisina</span> <span class='ocrx_word' id='word_1_153' title='bbox 1065 3703 1234 3808; x_wconf 88' lang='lat' dir='ltr'>ponendi</span> <span class='ocrx_word' id='word_1_154' title='bbox 1253 3729 1389 3810; x_wconf 91' lang='lat' dir='ltr'>porcos</span> <span class='ocrx_word' id='word_1_155' title='bbox 1408 3721 1446 3780; x_wconf 86' lang='lat' dir='ltr'>et</span> <span class='ocrx_word' id='word_1_156' title='bbox 1466 3704 1594 3781; x_wconf 86' lang='lat' dir='ltr'>omnia</span> <span class='ocrx_word' id='word_1_157' title='bbox 1612 3703 1786 3778; x_wconf 81' lang='lat' dir='ltr'>animalia</span> <span class='ocrx_word' id='word_1_158' title='bbox 1800 3731 1865 3780; x_wconf 86' lang='lat' dir='ltr'>sua</span> <span class='ocrx_word' id='word_1_159' title='bbox 1885 3705 1932 3779; x_wconf 87' lang='lat' dir='ltr'>ad</span> <span class='ocrx_word' id='word_1_160' title='bbox 1951 3704 2018 3783; x_wconf 91' lang='lat' dir='ltr'>de-</span> 
     </span>
     <span class='ocr_line' id='line_1_21' title="bbox 594 3830 2017 3940; baseline 0.003 -35"><span class='ocrx_word' id='word_1_161' title='bbox 594 3831 823 3934; x_wconf 77' lang='lat' dir='ltr'>poscendum</span> <span class='ocrx_word' id='word_1_162' title='bbox 839 3832 878 3907; x_wconf 88' lang='lat' dir='ltr'>in</span> <span class='ocrx_word' id='word_1_163' title='bbox 893 3832 1104 3940; x_wconf 86' lang='lat' dir='ltr'>insulaque</span> <span class='ocrx_word' id='word_1_164' title='bbox 1119 3833 1504 3940; x_wconf 85' lang='lat' dir='ltr'>diciturMagna-lsla,</span> <span class='ocrx_word' id='word_1_165' title='bbox 1521 3833 1624 3909; x_wconf 91' lang='lat' dir='ltr'>idem</span> <span class='ocrx_word' id='word_1_166' title='bbox 1640 3830 1751 3907; x_wconf 90' lang='lat' dir='ltr'>miles</span> <span class='ocrx_word' id='word_1_167' title='bbox 1765 3848 1909 3937; x_wconf 88' lang='lat' dir='ltr'>patrem</span> <span class='ocrx_word' id='word_1_168' title='bbox 1926 3832 2017 3910; x_wconf 90' lang='lat' dir='ltr'>dicti</span> 
     </span>
     <span class='ocr_line' id='line_1_22' title="bbox 595 3959 2013 4071; baseline 0.001 -33"><span class='ocrx_word' id='word_1_169' title='bbox 595 3959 743 4038; x_wconf 78' lang='lat' dir='ltr'>Andree</span> <span class='ocrx_word' id='word_1_170' title='bbox 764 3961 1002 4040; x_wconf 86' lang='lat' dir='ltr'>desaisiverat</span> <span class='ocrx_word' id='word_1_171' title='bbox 1028 3963 1076 4040; x_wconf 89' lang='lat' dir='ltr'>de</span> <span class='ocrx_word' id='word_1_172' title='bbox 1100 3963 1298 4070; x_wconf 86' lang='lat' dir='ltr'>predictis,</span> <span class='ocrx_word' id='word_1_173' title='bbox 1327 3980 1365 4040; x_wconf 88' lang='lat' dir='ltr'>et</span> <span class='ocrx_word' id='word_1_174' title='bbox 1388 3989 1503 4071; x_wconf 86' lang='lat' dir='ltr'>super</span> <span class='ocrx_word' id='word_1_175' title='bbox 1522 3963 1596 4039; x_wconf 91' lang='lat' dir='ltr'>hoc</span> <span class='ocrx_word' id='word_1_176' title='bbox 1613 3977 1760 4068; x_wconf 87' lang='lat' dir='ltr'>peteret</span> <span class='ocrx_word' id='word_1_177' title='bbox 1778 3991 1816 4039; x_wconf 85' lang='lat' dir='ltr'>se</span> <span class='ocrx_word' id='word_1_178' title='bbox 1837 3961 2013 4055; x_wconf 83' lang='lat' dir='ltr'>resaisiri;</span> 
     </span>
     <span class='ocr_line' id='line_1_23' title="bbox 596 4089 2018 4202; baseline 0.004 -36"><span class='ocrx_word' id='word_1_179' title='bbox 596 4089 707 4179; x_wconf 85' lang='lat' dir='ltr'>item,</span> <span class='ocrx_word' id='word_1_180' title='bbox 723 4107 762 4168; x_wconf 90' lang='lat' dir='ltr'>et</span> <span class='ocrx_word' id='word_1_181' title='bbox 773 4092 878 4197; x_wconf 87' lang='lat' dir='ltr'>quod</span> <span class='ocrx_word' id='word_1_182' title='bbox 891 4093 994 4171; x_wconf 89' lang='lat' dir='ltr'>idem</span> <span class='ocrx_word' id='word_1_183' title='bbox 1010 4093 1120 4172; x_wconf 90' lang='lat' dir='ltr'>miles</span> <span class='ocrx_word' id='word_1_184' title='bbox 1135 4111 1174 4170; x_wconf 86' lang='lat' dir='ltr'>et</span> <span class='ocrx_word' id='word_1_185' title='bbox 1186 4111 1292 4202; x_wconf 85' lang='lat' dir='ltr'>pater</span> <span class='ocrx_word' id='word_1_186' title='bbox 1306 4121 1411 4184; x_wconf 89' lang='lat' dir='ltr'>snus,</span> <span class='ocrx_word' id='word_1_187' title='bbox 1429 4095 1469 4170; x_wconf 93' lang='lat' dir='ltr'>in</span> <span class='ocrx_word' id='word_1_188' title='bbox 1483 4091 1622 4170; x_wconf 83' lang='lat' dir='ltr'>foresta</span> <span class='ocrx_word' id='word_1_189' title='bbox 1635 4091 1684 4170; x_wconf 87' lang='lat' dir='ltr'>de</span> <span class='ocrx_word' id='word_1_190' title='bbox 1697 4091 1872 4182; x_wconf 85' lang='lat' dir='ltr'>Cellario,</span> <span class='ocrx_word' id='word_1_191' title='bbox 1887 4121 2018 4201; x_wconf 82' lang='lat' dir='ltr'>garan-</span> 
     </span>
     <span class='ocr_line' id='line_1_24' title="bbox 596 4222 2016 4330; baseline 0.003 -33"><span class='ocrx_word' id='word_1_192' title='bbox 596 4247 683 4298; x_wconf 87' lang='lat' dir='ltr'>nam</span> <span class='ocrx_word' id='word_1_193' title='bbox 702 4249 837 4300; x_wconf 80' lang='lat' dir='ltr'>novam</span> <span class='ocrx_word' id='word_1_194' title='bbox 856 4222 1041 4314; x_wconf 81' lang='lat' dir='ltr'>fecerant,</span> <span class='ocrx_word' id='word_1_195' title='bbox 1063 4241 1193 4302; x_wconf 86' lang='lat' dir='ltr'>contra</span> <span class='ocrx_word' id='word_1_196' title='bbox 1216 4223 1531 4302; x_wconf 87' lang='lat' dir='ltr'>consuetudinem</span> <span class='ocrx_word' id='word_1_197' title='bbox 1551 4222 1758 4329; x_wconf 83' lang='lat' dir='ltr'>antiquam,</span> <span class='ocrx_word' id='word_1_198' title='bbox 1781 4239 1911 4329; x_wconf 85' lang='lat' dir='ltr'>petens</span> <span class='ocrx_word' id='word_1_199' title='bbox 1929 4250 2016 4330; x_wconf 92' lang='lat' dir='ltr'>pre-</span> 
     </span>
     <span class='ocr_line' id='line_1_25' title="bbox 597 4343 2017 4446; baseline 0.002 -18"><span class='ocrx_word' id='word_1_200' title='bbox 597 4350 694 4428; x_wconf 88' lang='lat' dir='ltr'>dicta</span> <span class='ocrx_word' id='word_1_201' title='bbox 709 4351 758 4430; x_wconf 92' lang='lat' dir='ltr'>ad</span> <span class='ocrx_word' id='word_1_202' title='bbox 774 4353 947 4434; x_wconf 89' lang='lat' dir='ltr'>debitum</span> <span class='ocrx_word' id='word_1_203' title='bbox 961 4371 1101 4432; x_wconf 87' lang='lat' dir='ltr'>statum</span> <span class='ocrx_word' id='word_1_204' title='bbox 1118 4355 1267 4446; x_wconf 84' lang='lat' dir='ltr'>reduci,</span> <span class='ocrx_word' id='word_1_205' title='bbox 1282 4355 1385 4432; x_wconf 87' lang='lat' dir='ltr'>idem</span> <span class='ocrx_word' id='word_1_206' title='bbox 1402 4354 1533 4444; x_wconf 89' lang='lat' dir='ltr'>miles,</span> <span class='ocrx_word' id='word_1_207' title='bbox 1547 4381 1715 4433; x_wconf 82' lang='lat' dir='ltr'>asserens</span> <span class='ocrx_word' id='word_1_208' title='bbox 1726 4381 1781 4443; x_wconf 87' lang='lat' dir='ltr'>se,</span> <span class='ocrx_word' id='word_1_209' title='bbox 1799 4343 2017 4432; x_wconf 82' lang='lat' dir='ltr'>ab&#39;audieu·</span> 
     </span>
     <span class='ocr_line' id='line_1_26' title="bbox 597 4481 2016 4592; baseline 0.003 -34"><span class='ocrx_word' id='word_1_210' title='bbox 597 4481 653 4559; x_wconf 84' lang='lat' dir='ltr'>cin</span> <span class='ocrx_word' id='word_1_211' title='bbox 669 4481 757 4558; x_wconf 88' lang='lat' dir='ltr'>dicti</span> <span class='ocrx_word' id='word_1_212' title='bbox 774 4482 896 4574; x_wconf 91' lang='lat' dir='ltr'>ducis,</span> <span class='ocrx_word' id='word_1_213' title='bbox 912 4485 961 4563; x_wconf 89' lang='lat' dir='ltr'>ad</span> <span class='ocrx_word' id='word_1_214' title='bbox 974 4501 1142 4563; x_wconf 67' lang='lat' dir='ltr'>nodram</span> <span class='ocrx_word' id='word_1_215' title='bbox 1158 4485 1299 4564; x_wconf 87' lang='lat' dir='ltr'>curiam</span> <span class='ocrx_word' id='word_1_216' title='bbox 1315 4484 1520 4592; x_wconf 79' lang='lat' dir='ltr'>appellasse</span> <span class='ocrx_word' id='word_1_217' title='bbox 1536 4501 1574 4562; x_wconf 89' lang='lat' dir='ltr'>et</span> <span class='ocrx_word' id='word_1_218' title='bbox 1587 4486 1712 4564; x_wconf 91' lang='lat' dir='ltr'>adhuc</span> <span class='ocrx_word' id='word_1_219' title='bbox 1723 4483 2016 4592; x_wconf 86' lang='lat' dir='ltr'>appellacionem</span> 
     </span>
     <span class='ocr_line' id='line_1_27' title="bbox 597 4611 2018 4723; baseline 0.004 -36"><span class='ocrx_word' id='word_1_220' title='bbox 597 4611 816 4719; x_wconf 78' lang='lat' dir='ltr'>hujusmodi</span> <span class='ocrx_word' id='word_1_221' title='bbox 836 4615 876 4692; x_wconf 91' lang='lat' dir='ltr'>in</span> <span class='ocrx_word' id='word_1_222' title='bbox 893 4631 1020 4694; x_wconf 84' lang='lat' dir='ltr'>nostra</span> <span class='ocrx_word' id='word_1_223' title='bbox 1039 4616 1142 4693; x_wconf 85' lang='lat' dir='ltr'>curis</span> <span class='ocrx_word' id='word_1_224' title='bbox 1159 4616 1341 4723; x_wconf 88' lang='lat' dir='ltr'>pendere,</span> <span class='ocrx_word' id='word_1_225' title='bbox 1362 4631 1458 4694; x_wconf 86' lang='lat' dir='ltr'>etse</span> <span class='ocrx_word' id='word_1_226' title='bbox 1478 4634 1693 4722; x_wconf 82' lang='lat' dir='ltr'>exemptum</span> <span class='ocrx_word' id='word_1_227' title='bbox 1714 4643 1795 4693; x_wconf 89' lang='lat' dir='ltr'>esse</span> <span class='ocrx_word' id='word_1_228' title='bbox 1812 4615 2018 4722; x_wconf 86' lang='lat' dir='ltr'>ajurisdic·</span> 
     </span>
     <span class='ocr_line' id='line_1_28' title="bbox 597 4744 2017 4855; baseline 0.004 -37"><span class='ocrx_word' id='word_1_229' title='bbox 597 4744 701 4822; x_wconf 87' lang='lat' dir='ltr'>tione</span> <span class='ocrx_word' id='word_1_230' title='bbox 726 4744 818 4822; x_wconf 82' lang='lat' dir='ltr'>dicti</span> <span class='ocrx_word' id='word_1_231' title='bbox 843 4745 966 4836; x_wconf 88' lang='lat' dir='ltr'>ducis,</span> <span class='ocrx_word' id='word_1_232' title='bbox 993 4745 1184 4854; x_wconf 85' lang='lat' dir='ltr'>pendente</span> <span class='ocrx_word' id='word_1_233' title='bbox 1209 4746 1465 4855; x_wconf 87' lang='lat' dir='ltr'>appellacione</span> <span class='ocrx_word' id='word_1_234' title='bbox 1487 4746 1670 4853; x_wconf 84' lang='lat' dir='ltr'>predicta,</span> <span class='ocrx_word' id='word_1_235' title='bbox 1699 4745 1824 4823; x_wconf 85' lang='lat' dir='ltr'>noluit</span> <span class='ocrx_word' id='word_1_236' title='bbox 1846 4744 2017 4824; x_wconf 81' lang='lat' dir='ltr'>incuria</span> 
     </span>
     <span class='ocr_line' id='line_1_29' title="bbox 599 4873 2019 4986; baseline 0.003 -35"><span class='ocrx_word' id='word_1_237' title='bbox 599 4873 688 4952; x_wconf 89' lang='lat' dir='ltr'>dicti</span> <span class='ocrx_word' id='word_1_238' title='bbox 713 4875 819 4956; x_wconf 87' lang='lat' dir='ltr'>du&#39;cis</span> <span class='ocrx_word' id='word_1_239' title='bbox 843 4905 958 4985; x_wconf 86' lang='lat' dir='ltr'>super</span> <span class='ocrx_word' id='word_1_240' title='bbox 978 4878 1170 4984; x_wconf 87' lang='lat' dir='ltr'>premissis</span> <span class='ocrx_word' id='word_1_241' title='bbox 1187 4879 1437 4986; x_wconf 88' lang='lat' dir='ltr'>respondere,</span> <span class='ocrx_word' id='word_1_242' title='bbox 1462 4906 1551 4956; x_wconf 90' lang='lat' dir='ltr'>cum</span> <span class='ocrx_word' id='word_1_243' title='bbox 1577 4877 1700 4956; x_wconf 89' lang='lat' dir='ltr'>dictus</span> <span class='ocrx_word' id='word_1_244' title='bbox 1722 4875 1831 4954; x_wconf 89' lang='lat' dir='ltr'>miles</span> <span class='ocrx_word' id='word_1_245' title='bbox 1850 4877 2019 4984; x_wconf 86' lang='lat' dir='ltr'>predicta</span> 
     </span>
    </p>
   </div>
   <div class='ocr_carea' id='block_1_7' title="bbox 575 5003 2021 5616">
    <p class='ocr_par' dir='ltr' id='par_1_11' title="bbox 599 5003 2021 5117">
     <span class='ocr_line' id='line_1_30' title="bbox 599 5003 2021 5117; baseline 0.002 -35"><span class='ocrx_word' id='word_1_246' title='bbox 599 5003 722 5085; x_wconf 91' lang='lat' dir='ltr'>adhuc</span> <span class='ocrx_word' id='word_1_247' title='bbox 745 5009 916 5088; x_wconf 88' lang='lat' dir='ltr'>detinere</span> <span class='ocrx_word' id='word_1_248' title='bbox 930 5038 998 5088; x_wconf 91' lang='lat' dir='ltr'>seu</span> <span class='ocrx_word' id='word_1_249' title='bbox 1013 5008 1175 5090; x_wconf 89' lang='lat' dir='ltr'>detineri</span> <span class='ocrx_word' id='word_1_250' title='bbox 1197 5010 1316 5090; x_wconf 83' lang='lat' dir='ltr'>facere</span> <span class='ocrx_word' id='word_1_251' title='bbox 1331 5011 1487 5102; x_wconf 87' lang='lat' dir='ltr'>dicatur,</span> <span class='ocrx_word' id='word_1_252' title='bbox 1509 5011 1548 5086; x_wconf 91' lang='lat' dir='ltr'>in</span> <span class='ocrx_word' id='word_1_253' title='bbox 1569 5011 1777 5117; x_wconf 85' lang='lat' dir='ltr'>dampnum</span> <span class='ocrx_word' id='word_1_254' title='bbox 1797 5025 1836 5085; x_wconf 88' lang='lat' dir='ltr'>et</span> <span class='ocrx_word' id='word_1_255' title='bbox 1852 5008 2021 5116; x_wconf 88' lang='lat' dir='ltr'>prejudi-</span> 
     </span>
    </p>

    <p class='ocr_par' dir='ltr' id='par_1_12' title="bbox 575 5136 2019 5249">
     <span class='ocr_line' id='line_1_31' title="bbox 575 5136 2019 5249; baseline 0.003 -38"><span class='ocrx_word' id='word_1_256' title='bbox 575 5137 583 5148; x_wconf 83' lang='lat'>&#39;</span> <span class='ocrx_word' id='word_1_257' title='bbox 601 5136 702 5214; x_wconf 91' lang='lat' dir='ltr'>cium</span> <span class='ocrx_word' id='word_1_258' title='bbox 721 5167 799 5218; x_wconf 91' lang='lat' dir='ltr'>non</span> <span class='ocrx_word' id='word_1_259' title='bbox 817 5141 1012 5228; x_wconf 87' lang='lat' dir='ltr'>modicum</span> <span class='ocrx_word' id='word_1_260' title='bbox 1029 5143 1119 5220; x_wconf 87' lang='lat' dir='ltr'>dicti</span> <span class='ocrx_word' id='word_1_261' title='bbox 1135 5142 1301 5234; x_wconf 76' lang='lat' dir='ltr'>Andree,</span> <span class='ocrx_word' id='word_1_262' title='bbox 1324 5141 1545 5249; x_wconf 86' lang='lat' dir='ltr'>supplicavit</span> <span class='ocrx_word' id='word_1_263' title='bbox 1564 5140 1668 5219; x_wconf 90' lang='lat' dir='ltr'>idem</span> <span class='ocrx_word' id='word_1_264' title='bbox 1685 5138 1853 5218; x_wconf 84' lang='lat' dir='ltr'>Andreas</span> <span class='ocrx_word' id='word_1_265' title='bbox 1869 5168 1891 5216; x_wconf 90' lang='lat' dir='ltr'>a</span> <span class='ocrx_word' id='word_1_266' title='bbox 1910 5139 2019 5217; x_wconf 89' lang='lat' dir='ltr'>nobis</span> 
     </span>
    </p>

    <p class='ocr_par' dir='ltr' id='par_1_13' title="bbox 601 5267 2020 5382">
     <span class='ocr_line' id='line_1_32' title="bbox 601 5267 2020 5382; baseline -0.003 -35"><span class='ocrx_word' id='word_1_267' title='bbox 601 5270 799 5372; x_wconf 79' lang='lat' dir='ltr'>superbiis</span> <span class='ocrx_word' id='word_1_268' title='bbox 813 5272 884 5351; x_wconf 91' lang='lat' dir='ltr'>sibi</span> <span class='ocrx_word' id='word_1_269' title='bbox 898 5273 1105 5382; x_wconf 71' lang='lat' dir='ltr'>provideri,</span> <span class='ocrx_word' id='word_1_270' title='bbox 1121 5302 1191 5352; x_wconf 91' lang='lat' dir='ltr'>nos</span> <span class='ocrx_word' id='word_1_271' title='bbox 1203 5301 1292 5355; x_wconf 76' lang='lat' dir='ltr'>sero</span> <span class='ocrx_word' id='word_1_272' title='bbox 1306 5274 1444 5353; x_wconf 85' lang='lat' dir='ltr'>ballivo</span> <span class='ocrx_word' id='word_1_273' title='bbox 1459 5291 1587 5353; x_wconf 88' lang='lat' dir='ltr'>nostro</span> <span class='ocrx_word' id='word_1_274' title='bbox 1601 5270 1814 5352; x_wconf 90' lang='lat' dir='ltr'>Turonensi</span> <span class='ocrx_word' id='word_1_275' title='bbox 1829 5267 2020 5346; x_wconf 84' lang='lat' dir='ltr'>mandavi-</span> 
     </span>
    </p>

    <p class='ocr_par' dir='ltr' id='par_1_14' title="bbox 603 5397 2018 5616">
     <span class='ocr_line' id='line_1_33' title="bbox 603 5397 2018 5516; baseline -0.001 -38"><span class='ocrx_word' id='word_1_276' title='bbox 603 5422 687 5478; x_wconf 84' lang='lat' dir='ltr'>mus</span> <span class='ocrx_word' id='word_1_277' title='bbox 705 5417 744 5478; x_wconf 88' lang='lat' dir='ltr'>et</span> <span class='ocrx_word' id='word_1_278' title='bbox 762 5404 1020 5486; x_wconf 89' lang='lat' dir='ltr'>commisimus</span> <span class='ocrx_word' id='word_1_279' title='bbox 1033 5406 1224 5516; x_wconf 87' lang='lat' dir='ltr'>quatinus,</span> <span class='ocrx_word' id='word_1_280' title='bbox 1246 5407 1277 5487; x_wconf 89' lang='lat' dir='ltr'>si</span> <span class='ocrx_word' id='word_1_281' title='bbox 1296 5407 1367 5487; x_wconf 86' lang='lat' dir='ltr'>sibi</span> <span class='ocrx_word' id='word_1_282' title='bbox 1387 5406 1569 5516; x_wconf 81' lang='lat' dir='ltr'>legittime</span> <span class='ocrx_word' id='word_1_283' title='bbox 1589 5418 1774 5484; x_wconf 67' lang='lat' dir='ltr'>constarm</span> <span class='ocrx_word' id='word_1_284' title='bbox 1791 5399 1897 5507; x_wconf 86' lang='lat' dir='ltr'>quod</span> <span class='ocrx_word' id='word_1_285' title='bbox 1915 5397 2018 5476; x_wconf 91' lang='lat' dir='ltr'>idem</span> 
     </span>
     <span class='ocr_line' id='line_1_34' title="bbox 1840 5551 1890 5616; baseline 0 -1"><span class='ocrx_word' id='word_1_286' title='bbox 1840 5551 1890 5616; x_wconf 80' lang='lat'>66.</span> 
     </span>
    </p>
   </div>
   <div class='ocr_carea' id='block_1_8' title="bbox 0 0 2942 7284">
    <p class='ocr_par' dir='ltr' id='par_1_15' title="bbox 0 0 2942 7284">
     <span class='ocr_line' id='line_1_35' title="bbox 0 0 2942 7284; baseline 0 0"><span class='ocrx_word' id='word_1_287' title='bbox 0 0 2942 7284; x_wconf 95' lang='lat' dir='ltr'> </span> 
     </span>
    </p>
   </div>
  </div>
 </body>
</html>
