5817 7292
1081 1109 1349 1218 uuousrss
1374 1109 1674 1240 urrnoorls.
2017 1129 2082 1200 rsr

658 1287 664 1296 ’
723 1268 848 1346 XLIll.
878 1269 990 1358 ltem,
1018 1269 1142 1347 simile
1163 1269 1377 1379 judicatum
1405 1269 1506 1346 inter
1532 1269 1705 1346 abbatem
1726 1283 1765 1346 et
1783 1286 2008 1347 conventum
2038 1271 2086 1347 de
2119 1277 2248 1334 runnu
2267 1283 2310 1346 lv.

666 1398 814 1489 Electo,
831 1402 954 1478 Mosse
966 1399 1136 1507 Astrugi,
1151 1400 1331 1489 Vitalem,
1346 1401 1495 1477 Bonum
1510 1399 1738 1506 Astrugum,
1754 1414 1792 1474 et
1811 1399 1935 1478 Mosse
1955 1400 2087 1476 Katha·
2186 1373 2248 1414 lm

665 1530 758 1620 lani,
786 1561 830 1608 ac
854 1531 1040 1636 quosdam
1063 1530 1157 1609 alios
1171 1530 1311 1638 judeos
1334 1558 1430 1636 quos
1450 1529 1541 1608 dicti
1566 1529 1679 1606 abbas
1702 1545 1742 1606 et
1762 1537 1967 1607 conventus
1987 1529 2087 1606 dice-

664 1659 756 1736 bant
775 1687 858 1738 esse
874 1689 964 1738 suos
980 1662 1155 1768 proprios
1178 1678 1218 1738 et
1240 1661 1461 1767 originarios
1487 1677 1526 1736 et
1549 1687 1682 1736 eorum
1705 1656 1923 1748 talliabiles,
1945 1687 1989 1736 ex
2012 1689 2087 1738 una

663 1807 790 1895 parte,
821 1808 861 1867 et
882 1807 1164 1897 procuratorem
1196 1807 1370 1869 nostrum
1399 1790 1439 1865 in
1464 1789 1681 1886 senescallia
1707 1789 2010 1878 Carcassonensi,
2044 1819 2086 1868 ae

662 1938 945 2025 procuratorem
974 1922 1257 2000 communitatis
1277 1921 1487 2028 judeorum
1510 1921 1617 2026 regni
1646 1920 1787 2009 nostri,
1815 1936 2021 1998 asserentes
2047 1921 2085 1996 in

661 2050 906 2140 contrarium,
925 2065 997 2156 'pro
1020 2051 1131 2128 nobis
1154 2068 1192 2128 et
1205 2048 1334 2158 judeis
1353 2050 1506 2141 nostris,
1531 2037 1656 2128 dictos
1670 2048 1814 2158 judeos
1834 2066 1981 2128 nostros
2005 2078 2084 2127 esse

660 2197 699 2255 et
727 2181 837 2258 nobis
865 2180 1084 2270 telliabiles,
1118 2209 1164 2260 ex
1193 2181 1330 2270 altera,
1362 2180 1611 2260 controversia
1642 2196 1745 2258 mota
1780 2193 1897 2269 esset,
1926 2198 1996 2258 etc.
2038 2183 2084 2258 Ut

658 2336 784 2415 supra.

714 2440 844 2518 Martis
856 2437 1036 2547 predicta.

713 2572 843 2679 Voyssi
863 2574 1075 2679 reportavit.

712 2831 837 2912 XLIV.
867 2834 967 2912 Cum
982 2833 1226 2938 inquisitores
1243 2857 1265 2909 a
1284 2830 1395 2911 nobis
1414 2834 1454 2909 in
1473 2834 1766 2940 Petragoricensi
1782 2827 1995 2912 senescallia
2011 2839 2078 2913 de-
2180 2895 2182 2900 ,

655 2962 793 3067 putati,
815 2963 854 3040 in
880 2961 1045 3070 quodam
1071 2961 1203 3068 papiro
1230 2962 1426 3070 cujusdam
1450 2963 1585 3041 notarii
1610 2962 1708 3042 dicte
1732 2965 1967 3059 senescallie,
1989 2984 2078 3045 tune

655 3090 839 3185 defuncti,
856 3094 1037 3200 scriptum
1057 3093 1286 3172 invenissent
1303 3094 1409 3200 quod
1422 3095 1554 3171 Petrus
1568 3092 1758 3184 Salinerii,
1777 3095 1970 3202 quondam
1983 3096 2077 3175 bur-

652 3223 776 3330 gensis
798 3224 954 3331 Figiaci,
981 3226 1176 3302 occasione
1196 3223 1469 3301 submersionis
1487 3224 1586 3301 Petri
1611 3224 1836 3318 Predicaire,
1857 3226 1982 3317 nobis,
2008 3257 2076 3333 per

652 3353 780 3432 locum
803 3372 997 3435 tenentem
1016 3355 1210 3432 senescalli
1235 3355 1563 3462 Petregoricensis‚
1586 3356 1626 3432 in
1645 3355 1751 3433 mille
1775 3357 1908 3434 marcis
1931 3363 2074 3466 argenti

651 3483 773 3561 suerat
796 3485 1110 3591 condempnatus,
1132 3485 1348 3574 etidcirco,
1373 3501 1451 3562 tam
1474 3513 1542 3591 per
1566 3485 1667 3591 ipsos
1689 3486 1930 3593 inquisitores
1959 3513 2071 3596 quam

650 3615 789 3693 deinde
808 3645 878 3723 per
895 3618 1037 3694 curiam
1053 3633 1236 3706 nostram,
1258 3616 1403 3694 dictum
1422 3615 1554 3695 fuisset
1573 3633 1611 3694 et
1628 3617 1840 3724 injunctum
1855 3620 1960 3726 quod
1975 3620 2073 3698 dicta

649 3747 919 3824 condemnaeio
944 3763 1075 3824 contra
1090 3743 1344 3824 Bertrandum
1368 3746 1559 3840 Salinerii,
1581 3747 1704 3826 filium
1725 3763 1762 3825 et
1780 3748 1961 3826 heredem
1981 3750 2071 3828 dicti

649 3877 766 3965 Petri,
788 3878 1031 3956 mandaretur
1046 3878 1282 3967 execucioni3
1300 3879 1409 3988 cujus
1427 3879 1562 3956 virtute
1579 3877 1743 3956 mandati
1759 3877 1883 3956 dictus
1895 3881 2071 3958 Bertran-

648 4006 718 4083 dus
733 4007 948 4112 compulsus
963 4007 1036 4085 fuit
1051 4025 1192 4086 certam
1203 4009 1365 4115 pecunie
1380 4009 1627 4114 quantitatem
1643 4008 1753 4086 nobis
1765 4006 1907 4085 solvere
1920 4008 1968 4088 de
1982 4039 2070 4088 con·
2192 4053 2195 4062 ,

647 4136 919 4242 dempnacione
935 4137 1120 4244 predicta;
1144 4136 1352 4246 datumque
1369 4156 1497 4245 postea
1517 4136 1633 4215 suerit
1653 4137 1763 4216 nobis
1786 4138 1945 4247 intelligi
1965 4144 2070 4246 quod

647 4265 770 4344 dietus
789 4267 941 4374 papirus
958 4266 1113 4345 falsatus
1128 4266 1267 4357 luerat,
1287 4285 1326 4346 et
1344 4267 1449 4374 quod
1465 4251 1634 4373 predicta
1653 4266 1968 4376 condempnacio,
1990 4298 2067 4348 non

644 4425 714 4504 per
732 4425 886 4474 manum
907 4397 1009 4473 illius
1027 4398 1135 4505 cujus
1155 4398 1276 4476 luerat
1291 4398 1414 4475 dictus
1427 4397 1596 4504 papirus,
1617 4399 1685 4476 sed
1700 4416 1784 4506 post
1801 4399 1883 4507 ejus
1899 4401 2065 4492 obitum,

643 4555 712 4634 per
729 4555 885 4604 manum
903 4526 1073 4618 alterius,
1094 4527 1189 4605 falso
1207 4526 1330 4605 luerat
1349 4527 1403 4604 ibi
1421 4527 1574 4634 scripta,
1597 4557 1712 4634 super
1730 4531 1803 4608 boc
1822 4529 1964 4637 inquiri
1983 4532 2068 4610 leci-

644 4686 730 4736 mus
738 4659 955 4762 yeritatem:
970 4658 1057 4737 Visa
1069 4658 1185 4765 igitur
1199 4673 1239 4735 et
1250 4657 1450 4766 diligenter
1462 4657 1668 4736 examinata
1680 4658 1852 4767 inquesta
1866 4689 1982 4768 super
1993 4661 2066 4740 hoc

643 4789 691 4868 de
709 4789 888 4868 mandato
907 4807 1038 4868 nostro
1056 4789 1168 4878 lacta,
1189 4788 1386 4868 inventum
1404 4789 1479 4868 fuit
1496 4789 1726 4868 sufficienter
1739 4791 1940 4898 probatum
1959 4791 2064 4900 quod
2156 4789 2160 4798 ’

641 4919 741 4998 dicta
764 4920 1061 5027 condempnacio
1078 4949 1148 5026 per
1171 4948 1326 4999 manum
1345 4921 1506 4998 alienam
1525 4920 1619 4998 falso
1638 4919 1761 4999 luerat
1779 4920 1833 4999 ibi
1853 4923 2004 5032 scripta,
2027 4941 2065 5002 et

639 5051 781 5129 idcirco
802 5051 927 5129 dictus
943 5051 1173 5130 bertrandus
1189 5052 1237 5130 ab
1255 5051 1476 5161 hujusmodi
1491 5051 1811 5132 condemnacione
1828 5054 1963 5162 atejus
1979 5082 2065 5132 exe-

640 5181 796 5260 cucione
814 5181 904 5275 fuit,
928 5209 999 5289 per
1021 5181 1124 5260 curie
1143 5198 1270 5262 nostre
1288 5182 1495 5291 judicium,
1516 5181 1683 5260 totaliter
1706 5181 1920 5274 absolutus,
1947 5201 1985 5262 et
2009 5185 2062 5260 ei-

640 5309 728 5388 dem
751 5311 861 5390 reddi
880 5310 1060 5393 laciemus
1082 5311 1264 5419 quicquid
1287 5313 1368 5420 ipse
1391 5312 1502 5391 nobis
1520 5311 1629 5391 solvit
1648 5311 1695 5390 de
1715 5311 2062 5418 condempnacione

639 5441 817 5544 predicta.
