5817 7292
1068 1127 1337 1237 enuntias
1363 1144 1427 1216 ur
1454 1128 1662 1218 Procne.
2005 1143 2075 1218 195

653 1303 694 1362 et
707 1285 878 1364 eamdem
893 1314 962 1394 per
973 1287 1105 1394 piures
1116 1312 1235 1366 annes
1249 1285 1418 1366 fideliter
1435 1286 1674 1376 custodisset,
1691 1301 1729 1362 et
1742 1284 1938 1364 educasset
1953 1313 2073 1392 usque
2113 1297 2164 1352 ne
2166 1313 2243 1354 ¹¹¹¹¹
2256 1300 2299 1366 tv,

654 1415 703 1494 ad
720 1445 840 1496 annos
856 1417 1082 1524 pubertatis,
1098 1418 1222 1500 (Ιίοῑω
1234 1419 1346 1526 Hugo
1365 1417 1414 1494 de
1427 1442 1543 1508 novo,
1560 1444 1630 1522 per
1642 1414 1816 1494 fraudem
1835 1433 1873 1493 et
1888 1417 2074 1496 maliciam
2174 1389 2236 1434 m

654 1549 916 1656 excogitatam,
939 1551 1183 1641 menciendo,
1208 1551 1348 1628 dictam
1372 1548 1556 1655 puellam,
1586 1548 1639 1650 de
1658 1573 1844 1626 consensu
1868 1550 2075 1628 muicorum

651 1707 810 1760 suorum
824 1699 864 1759 et
880 1699 1026 1761 serrato
1038 1683 1139 1791 juris
1157 1681 1307 1771 ordine,
1328 1709 1396 1788 per
1414 1679 1615 1760 officialem
1633 1679 1878 1758 Parisiensem
1895 1680 1977 1786 ejus
1994 1709 2077 1758 cus·

651 1811 758 1889 todie
774 1811 890 1891 fuisse
905 1815 1099 1904 traditam,
1116 1815 1290 1893 eamdem
1303 1811 1472 1921 puellam
1487 1829 1673 1920 quantum
1687 1828 1834 1918 poterat
1848 1811 2075 1890 renitentem

654 1959 693 2019 et
709 1941 993 2034 reclamantem,
1015 1945 1064 2022 de
1086 1943 1203 2024 domo
1222 1942 1340 2050 ipsius
1358 1943 1478 2034 Petri,
1498 1960 1591 2022 tnnc
1608 1942 1792 2031 absentis,
1812 1939 1996 2020 violenter
2015 1971 2077 2018 ex·

652 2073 778 2164 traxit,
800 2092 838 2151 et
856 2102 984 2152 secum
1009 2074 1133 2166 duxit;
1154 2074 1275 2182 quod,
1296 2102 1385 2151 cum
1409 2074 1631 2150 nunciatum
1648 2061 1925 2152 fuisset'eidem
1945 2073 2073 2161 Petro,

651 2203 732 2309 ipse
746 2205 895 2293 Petrus,
908 2233 1036 2282 curam
1050 2204 1195 2282 habens
1207 2219 1247 2281 et
1259 2201 1560 2282 sollicitudinem
1570 2202 1620 2279 de
1631 2201 1800 2280 custodia
1816 2201 1915 2280 dicte
1930 2201 2073 2309 puelle,
2193 2280 2197 2288 ,

652 2333 750 2411 sicut
765 2334 916 2412 adeum
930 2334 1159 2441 pertinebat,
1176 2334 1302 2410 stetim
1317 2332 1384 2410 ivit
1397 2334 1446 2410 ad
1463 2332 1620 2410 domum
1636 2331 1726 2410 dicti
1741 2333 1909 2440 Hugonis
1924 2334 2075 2440 pacifice

651 2480 692 2540 et
709 2462 792 2540 sine
809 2463 944 2552 armis,
965 2491 1042 2541 una
1063 2491 1150 2540 cum
1172 2462 1321 2542 duabus
1338 2462 1451 2541 bonis
1475 2463 1659 2542 matronis
1681 2461 1729 2540 de
1748 2463 1940 2570 parentela
1959 2464 2076 2570 ipsius

650 2593 797 2701 puelle,
812 2623 881 2700 pro
895 2595 1051 2673 sciendo
1062 2621 1212 2673 cansam
1226 2621 1345 2700 quare
1359 2593 1409 2671 de
1423 2593 1541 2672 domu
1555 2621 1623 2672 sua
1633 2591 1756 2672 marat
1769 2610 1944 2684 extracta3
1959 2624 2075 2701 quem

653 2723 747 2800 dum
764 2725 859 2801 vidit
877 2725 977 2803 dicta
993 2725 1141 2832 puella,
1161 2751 1401 2830 conquerens
1417 2724 1467 2800 de
1486 2723 1585 2802 dicta
1603 2723 1786 2802 violencia
1805 2723 1879 2802 sibi
1897 2722 1991 2802 sacta
2009 2753 2078 2830 per
2227 2821 2232 2830 1

652 2853 855 2962 hugonem
872 2854 1105 2963 predictum,
1124 2855 1250 2934 statim
1264 2855 1314 2932 ad
1331 2878 1421 2931 eum
1438 2851 1624 2959 confugit,
1639 2852 1713 2931 sihi
1729 2853 1949 2932 adherendo
1965 2870 2004 2930 et
2017 2883 2077 2932 se-

652 3013 741 3062 cum
754 2983 969 3078 redeundo,
985 2985 1183 3093 dictusque
1197 2987 1327 3092 Hugo,
1342 3013 1431 3062 cum
1444 2985 1523 3062 suis
1534 2983 1783 3090 complicibus
1793 3002 1832 3062 et
1846 3013 1935 3064 cum
1945 2987 2074 3073 armis,

651 3115 783 3194 voleus
794 3145 877 3194 eam
893 3116 965 3194 sibi
980 3116 1147 3208 auferre,
1161 3115 1302 3194 multas
1313 3115 1470 3223 injurias
1483 3132 1523 3192 et
1537 3113 1739 3194 violencie
1753 3113 1885 3194 intulit
1899 3115 2023 3194 eidem
2038 3135 2076 3194 et

650 3248 834 3324 metronis
843 3247 1039 3354 prodierim
1052 3274 1169 3353 qnare
1183 3244 1387 3352 petebrtse
1402 3262 1441 3323 et
1451 3244 1642 3352 predictos
1652 3245 1858 3354 complices
1865 3273 1954 3326 suos
1965 3277 1985 3323 a
1997 3275 2077 3353 pre

651 3377 761 3456 dictis
774 3395 906 3456 contra
917 3377 1020 3482 ipsos
1034 3374 1271 3454 denunciatis
1282 3374 1442 3462 absolvi,
1459 3391 1497 3452 et
1511 3374 1699 3483 predictas
1712 3375 1868 3483 injurias
1885 3393 1926 3454 et
1936 3377 2077 3458 violen-

649 3508 743 3597 cias,
763 3507 835 3586 sibi
853 3535 924 3616 per
940 3507 1087 3584 dictum
1104 3494 1308 3616 Hugonem
1323 3502 1461 3595 illatas,
1484 3521 1742 3612 competenter
1761 3505 1953 3584 emendari
1971 3540 1980 3584 ε
2001 3507 2078 3586 Λιι-

650 3637 740 3717 ditis
761 3639 877 3747 igitur
895 3640 1065 3747 parrirun
1086 3637 1303 3716 nacionibus
1318 3636 1409 3714 binc
1430 3654 1469 3713 et
1488 3635 1596 3726 inde,
1617 3652 1655 3714 et
1677 3637 1753 3716 risa
1772 3638 1945 3750 inquesta
1964 3667 2078 3746 super

651 3770 725 3847 hoc
740 3771 977 3848 demandato
987 3769 1093 3848 curie
1105 3769 1218 3862 facta,
1228 3767 1492 3876 perjudicium
1508 3769 1631 3855 curie,
1645 3767 1769 3847 dictus
1779 3770 1956 3876 magister
1967 3771 2076 3878 Hugo

650 3899 692 3975 in
704 3901 987 4008 quadringentis
999 3901 1124 3992 libris,
1141 3899 1469 3990 etdictusPetrus,
1484 3898 1937 4006 cumsuiecmnplicibus‚
1950 3899 1990 3976 in
2005 3899 2076 3976 du-

652 4031 770 4108 centis
787 4030 896 4110 libris
911 4060 1113 4138 parvorum
1131 4031 1323 4109 bonorum
1339 4029 1622 4120 Parisieneium,
1637 4029 1679 4107 in
1698 4029 1898 4107 emendam
1919 4029 2076 4108 domino

651 4161 745 4269 Regi
768 4162 958 4242 solvendis
974 4193 1044 4271 pro
1068 4163 1174 4241 factis
1198 4180 1237 4241 et
1254 4161 1466 4240 excessibus
1485 4159 1682 4267 predictis,
1703 4160 1871 4267 dictique
1889 4161 2022 4238 Petrus
2041 4178 2078 4237 et
2239 4151 2242 4158 ¹

651 4293 736 4400 ejus
751 4292 954 4402 complices
964 4295 1013 4372 ad
1024 4294 1307 4373 resarciendum
1322 4292 1423 4370 dicto
1439 4291 1612 4370 servienti
1628 4289 1708 4370 leso
1724 4291 1884 4398 dampna
1899 4319 1982 4379 sna,
2000 4317 2077 4368 sen·

650 4424 860 4502 tencialiter
880 4423 1147 4532 condempnati
1163 4422 1328 4501 firmant.

708 4554 888 4636 Mercurii
905 4555 947 4632 in
964 4554 1059 4634 sesto
1078 4555 1180 4634 beati
1196 4553 1359 4633 Andree.

707 4686 895 4765 Dominus
911 4687 959 4764 Η.
976 4686 1026 4765 de
1045 4685 1150 4767 Cella
1167 4686 1381 4794 reportavit.

706 4817 749 4892 ln
767 4841 955 4924 suspenso
971 4833 1029 4896 est
1047 4817 1116 4896 ista
1135 4817 1308 4895 emenda.

706 4948 752 5024 H.
773 4950 930 5027 Rectore
950 4949 1044 5028 dixit
1060 4949 1200 5027 michir
1219 4947 1407 5026 Dominus
1423 4945 1641 5054 Bajocensis
1656 4944 1818 5025 litteram
1838 4944 1984 5026 domini
2007 4950 2077 5024 Re·

648 5079 706 5190 gis
724 5077 841 5157 habet
858 5080 907 5159 de
925 5081 1149 5188 quittatione
1168 5080 1284 5189 hujus
1302 5076 1476 5158 amende.
1497 5077 1779 5184 Transcriptum
1798 5076 1932 5156 habeo.

706 5341 799 5419 xlv.
831 5343 956 5450 Super
979 5343 1276 5422 denunciacione
1299 5358 1431 5419 contra
1455 5339 1676 5447 Philippum
1699 5340 1747 5418 de
1774 5339 1957 5419 Gevriner
1980 5335 2075 5412 facta

650 5469 789 5549 ballivo
803 5473 1081 5567 Aurelianensi,
1101 5494 1179 5553 tam
1198 5502 1314 5582 super
1332 5471 1595 5551 verberacinue
1613 5499 1728 5578 quam
1742 5497 1858 5575 super
1871 5483 1993 5548 morte
2012 5462 2075 5542 de·

1898 5625 1946 5684 25.
