5817 7292
854 1122 930 1194 eto
1345 1181 1350 1188 -
1415 1125 1526 1204 tos
1553 1125 1695 1201 OLlM.
1736 1182 1740 1190 .

629 1266 760 1322 Pensm
771 1267 817 1331 W·
910 1263 1034 1343 Xblll.
1060 1268 1161 1345 Cum
1174 1267 1505 1346 interDtn‘andum
1515 1268 1625 1346 Fabri
1636 1265 1887 1358 dedrvemie,
1900 1270 2098 1364 elericnm,
2114 1293 2273 1382 experte

691 1361 754 1402 ’Μ’
855 1421 944 1484 nne,
957 1421 999 1474 se
1008 1398 1221 1476 iohannem
1231 1417 1270 1476 et
1280 1399 1457 1506 Egldinm
1469 1401 1593 1478 'dictos
1612 1401 1659 1476 de
1676 1399 1900 1490 Silvanooto,
1918 1403 2123 1482 servientes
2138 1406 2275 1486 Castel-

851 1529 918 1606 leti
932 1528 1164 1616 Psrisiensis,
1179 1555 1223 1606 ex
1233 1547 1339 1635 parte
1348 1531 1480 1620 alters,
1490 1530 1639 1636 questio
1652 1547 1859 1608 verteretur
1870 1557 1989 1638 super
1999 1561 2045 1612 eo
2055 1537 2161 1642 quod
2172 1539 2273 1616 idem

852 1661 1053 1738 Delendus
1066 1657 1215 1738 dicebat
1226 1661 1333 1766 qnod
1344 1662 1434 1738 dieti
1448 1661 1657 1738 servientes·
1669 1662 1805 1768 injuste
1823 1683 1956 1742 manus
1971 1693 2057 1744 suns
2071 1665 2275 1774 injecerant

851 1795 891 1868 in
912 1820 1001 1869 eum
1016 1810 1163 1869 temere
1179 1791 1375 1878 violentes,
1400 1794 1523 1897 ipsum
1543 1793 1793 1898 perentiendo
1814 1794 1886 1872 snb
1904 1784 2068 1886 'morville
2085 1799 2272 1905 pulsando

851 1923 889 2000 in
906 1942 1056 2029 pectore
1074 1941 1114 2000 et
1127 1917 1295 2032 lugende
1312 1923 1481 2000 eundem
1497 1949 1585 2000 eum
1605 1947 1692 2000 ense
1707 1941 1888 2017 extracto,
1904 1929 2008 2033 quasi
2023 1929 2162 2006 vellent
2182 1959 2271 2008 eum

751 2107 759 2114 -
850 2055 1078 2146 interficere,
1094 2055 1312 2131 oontiet'eet
1322 2053 1525 2160 oppmbn'a
1536 2054 1607 2130 alia
1619 2051 1691 2132 sibi
1705 2055 1867 2133 dicendo
1882 2074 1922 2133 et
1934 2057 2146 2148 inferend0‚
2159 2087 2272 2166 quem

849 2186 1027 2291 injuriam
1043 2187 1228 2264 sustinere
1238 2185 1437 2270 notuisse,
1455 2202 1499 2261 nt
1512 2184 1674 2273 dicebat,
1692 2211 1760 2290 pro
1771 2203 1924 2263 eentum
1939 2189 2097 2266 merobis
2109 2193 2267 2295 argenti,

849 2317 969 2394 immo
981 2317 1101 2424 magis
1114 2316 1293 2393 voluisset
1307 2328 1455 2393 tentum
1474 2315 1522 2394 de
1539 2341 1610 2392 suo
1623 2315 1776 2421 proprio
1792 2315 2020 2422 perdidisse;
2038 2343 2152 2424 quere
2170 2339 2269 2424 pete·

848 2446 914 2522 bnt
934 2449 1054 2525 dictos
1075 2448 1278 2526 servientes
1296 2471 1409 2551 super
1428 2446 1502 2522 hiis
1522 2446 1666 2553 puniri,
1691 2463 1728 2522 et
1751 2447 1947 2524 emendem
1965 2449 2066 2527 dicto
2086 2449 2268 2527 Durando

848 2578 930 2654 fieri
944 2595 1242 2684 competentem
1258 2601 1304 2652 es
1317 2575 1472 2654 adver-so
1489 2593 1621 2674 eutem,
1636 2577 1821 2684 negebsnt
1834 2576 1925 2654 dieti
1944 2581 2144 2657 servientes
2162 2575 2268 2686 quod

847 2711 1116 2812 permansissent
1127 2735 1197 2784 seu
1213 2707 1424 2812 pulsassent
1439 2707 1619 2798 enodem,
1641 2707 1810 2784 dieentes
1824 2708 1929 2813 qood
1945 2710 1977 2786 si
1997 2711 2205 2817 tetigerunt
2220 2711 2270 2815 ip

846 2864 930 2918 som
948 2841 1026 2924 suh
1040 2839 1204 2928 maxilla,
1225 2839 1298 2914 boe
1317 2837 1490 2913 fecerunt
1506 2839 1588 2914 sine
1606 2837 1751 2914 lesione
1776 2838 1892 2944 ipsius
1915 2856 1953 2915 et
1966 2839 2109 2946 absque
2129 2865 2269 2946 propo·

847 2972 918 3048 sito
933 2970 1136 3078 injuriandi
1157 2969 1299 3056 eidem,
1317 2969 1420 3060 licet,
1439 2987 1482 3046 ut
1499 2971 1713 3047 asserebant
1731 2971 1821 3046 dicti
1843 2971 2061 3056 servientes,
2079 2971 2181 3046 idern
2199 2971 2271 3048 Dn-

847 3102 985 3177 rendus
999 3101 1136 3178 multas
1149 3099 1378 3177 rebelliones
1391 3117 1518 3176 contra
1532 3102 1632 3206 ipsos
1649 3100 1811 3190 sedissets
1827 3119 1864 3178 el
1878 3102 1907 3177 si
1920 3127 2048 3178 ensem
2061 3119 2266 3190 tinxerunt,

847 3235 918 3308 hoc
934 3261 1010 3309 non
1024 3230 1194 3307 fecerunt
1207 3258 1316 3306 eausa
1330 3231 1550 3323 invasionis,
1567 3231 1634 3309 sed
1649 3231 1881 3308 defensionis
1895 3257 2045 3319 eorum,
2059 3259 2146 3308 oum
2160 3232 2269 3308 time·

847 3380 930 3438 rent
947 3390 994 3437 ne
1011 3361 1133 3438 dictus
1149 3361 1352 3438 Durandus
1367 3377 1534 3437 curreret
1552 3360 1840 3438 adsumendum
1857 3389 1960 3436 arma
1975 3379 2012 3436 et
2027 3360 2074 3436 ad
2089 3361 2266 3437 invaden-

847 3492 940 3568 dum
959 3491 1113 3569 eosdem
1135 3524 1143 3567 ε
1164 3491 1249 3570 Vise
1269 3490 1382 3599 igitur
1401 3493 1572 3598 inquesta
1593 3517 1706 3602 super
1726 3489 1799 3566 hiis
1815 3489 1929 3578 bete,
1951 3491 2128 3596 inspectis
2146 3490 2265 3565 eciem

845 3643 920 3699 tem
935 3623 1111 3730 personis
1118 3649 1233 3730 quam
1252 3623 1540 3700 condicionibus
1555 3621 1722 3729 parcium
1742 3621 2010 3727 predictarum,
2031 3621 2119 3725 quia
2135 3647 2264 3726 reper-

843 3774 927 3831 tum
947 3752 1019 3830 fuit
1036 3752 1154 3831 dictos
1175 3753 1383 3832 >servientes
1401 3755 1441 3830 in
1462 3753 1652 3860 premissis
1670 3753 1867 3829 excessisse
1885 3751 2065 3858 dictoque
2086 3751 2266 3828 Dnrnndo

845 3883 1020 3991 injuriam
1043 3886 1230 3974 intulisse,
1249 3911 1317 3992 per
1335 3887 1480 3961 curiam
1502 3903 1670 3964 nostresn
1690 3883 1833 3965 dietum
1854 3881 1926 3959 fuit
1952 3883 2057 3988 qnod
2074 3881 2166 3958 dieti
2188 3909 2266 3958 ser-

844 4019 986 4093 vientes
1006 4016 1150 4093 solvent
1170 4017 1269 4094 dicto
1288 4013 1484 4106 Boseude,
1506 4043 1576 4123 pro
1596 4015 1776 4103 emendo,
1798 4015 1931 4091 deeem
1951 4014 2066 4091 libres
2084 4013 2268 4090 Perisien·

845 4149 942 4224 sium
961 4173 1161 4254 par-vorum
1177 4149 1383 4235 bonorum,
1397 4149 1429 4225 si
1445 4148 1568 4226 dirtos
1582 4146 1785 4225 Dur-andos
1802 4161 1947 4222 tentum
1959 4147 2086 4251 jurare
2102 4143 2206 4232 velit,
2227 4161 2266 4218 et

720 4297 728 4308 ’
844 4298 1027 4384 qnantum
1044 4281 1092 4357 ad
1107 4281 1302 4358 residuum
1317 4280 1569 4357 estimonionis
1588 4296 1739 4355 eentum
1760 4279 1998 4353 marcherum
2013 4275 2264 4382 predictarum

844 4409 998 4484 luerunt
1017 4411 1119 4486 idem
1137 4411 1338 4489 servientes
1355 4411 1635 4488 sentencialiter
1652 4407 1827 4486 obsoleti.

900 4540 1058 4617 Veneris
1069 4559 1156 4646 pest
1171 4542 1430 4647 Epiphaninm.

901 4650 1057 4748 Senotns
1074 4670 1239 4747 Obevvus
1255 4673 1466 4776 reportavit.

898 4913 1021 4990 XLIV.
1051 4913 1136 4992 Visa
1150 4915 1338 5022 inqueste,
1353 4932 1482 4992 eontra
1493 4916 1692 5022 majorem,
1705 4917 1849 5022 juratos
1860 4933 1897 4992 et
1908 4912 2261 4993 cornmuniarnville

842 5044 1013 5151 Corbeye
1026 5044 1137 5133 lacte,
1155 5074 1328 5152 supereo
1342 5047 1447 5153 quod
1465 5047 1535 5152 ipsi
1555 5075 1677 5152 nuper
1698 5064 1798 5124 entre
1813 5074 1928 5124 suum
1948 5043 2199 5130 territorium,
2222 5044 2262 5120 in

841 5194 938 5253 terra
950 5192 986 5252 et
990 5176 1139 5283 justicie
1152 5177 1297 5254 abbatis
1309 5195 1348 5253 et
1357 5196 1564 5256 conventus
1574 5177 1807 5266 corbiensis,
1820 5177 1930 5256 turba
1941 5175 2148 5254 multonem
2157 5174 2263 5251 eond-

842 5326 969 5396 nnete,
988 5335 1089 5384 arma
1103 5325 1338 5414 portaverant
1358 5337 1425 5413 per
1444 5309 1605 5386 modum
1623 5309 1805 5398 vindicte,
1823 5337 1891 5414 per
1905 5309 2008 5385 curie
2021 5323 2151 5384 nasute
2161 5300 2263 5409 jndi-

841 5440 959 5529 eium,
974 5438 1063 5516 dicti
1079 5440 1209 5545 major,
1221 5437 1334 5544 jurati
1353 5455 1389 5513 et
1404 5439 1616 5516 communia
1637 5440 1675 5515 in
1696 5439 1897 5516 emendem
1916 5439 2206 5544 quingentorum
2224 5430 2265 5507 li-
