5817 7292
1064 1077 1336 1214 nnousrns
1364 1123 1429 1196 nr
1455 1104 1660 1198 esoces.
2022 1129 2071 1221 ss

650 1289 739 1339 vum
758 1261 1048 1342 Ambianensem
1073 1283 1111 1343 et
1137 1263 1313 1344 comitem
1333 1265 1515 1356 bolonie,
1538 1267 1626 1372 quia
1650 1250 1796 1342 articuli
1822 1270 1969 1346 consitis
1987 1269 2072 1346 fecti
2110 1277 2295 1342 Pmmrtv,

652 1409 741 1472 sunt
756 1421 869 1501 super
882 1397 1109 1503 proprietate
1125 1397 1222 1475 dicte
1237 1398 1369 1506 garde,
1387 1414 1426 1476 et
1438 1397 1536 1474 iIInd
1550 1396 1740 1474 invenitur
1755 1399 1989 1476 esse-sacuam
1999 1431 2071 1506 pro
2170 1370 2233 1412 lm

517 1515 521 1524 ⁴
654 1526 811 1604 domino
840 1530 956 1638 Rege,
985 1557 1056 1607 nec
1080 1530 1266 1607 invenitur
1288 1531 1394 1636 quod
1417 1529 1515 1607 dicta
1542 1528 1762 1607 informacio
1780 1530 1875 1606 facte
1893 1530 2007 1608 fuerit
2025 1532 2072 1608 de

653 1658 830 1736 mandato
851 1660 970 1750 curie,
992 1659 1065 1737 fuit
1082 1661 1247 1739 totaliter
1264 1661 1438 1738 anuIIata.

708 1787 908 1866 Dominica
927 1809 1012 1870 ante
1034 1794 1211 1872 Sanctum
1231 1792 1432 1872 Andream.

708 2051 831 2126 XXIII.
863 2053 933 2128 Per
951 2052 1163 2158 inquestant
1184 2051 1311 2128 ballivi
1330 2053 1630 2142 Aurelianensis,
1654 2053 1768 2130 visam
1794 2071 1832 2130 et
1849 2053 2073 2161 judicatam,

651 2179 841 2256 Iohannes
855 2181 903 2258 de
918 2183 1014 2270 Bou,
1028 2211 1141 2288 super
1154 2184 1417 2261 verberacione
1432 2201 1471 2260 et
1485 2201 1608 2264 morte
1620 2183 1817 2264 Guillelmi
1831 2185 1879 2262 de
1894 2185 2073 2272 Materna,

652 2328 835 2414 quantum
854 2313 903 2390 ad
921 2316 1061 2422 Regem
1085 2331 1125 2390 et
1148 2313 1314 2392 officium
1333 2315 1436 2392 curie
1456 2343 1524 2392 sue
1542 2317 1727 2421 pertinet,
1749 2317 1928 2395 liberatus
1947 2316 2019 2394 fuit
2038 2334 2076 2392 et

652 2441 856 2520 absolutus.

708 2703 832 2782 XXIV.
864 2705 961 2782 Cum
988 2706 1215 2782 bertrandus
1239 2707 1290 2783 de
1311 2705 1519 2784 PestiIbaco
1545 2723 1773 2812 conquestus
1794 2705 1928 2784 fuisset
1947 2736 2073 2784 eornm

652 2833 829 2942 magistro
844 2837 958 2913 Petro
977 2837 1125 2924 Marini,
1143 2838 1241 2913 vices
1259 2853 1412 2942 gerente
1430 2865 1500 2913 sue
1520 2837 1777 2914 commissario
1797 2837 1963 2944 magistri
1983 2840 2076 2943 Ray-

652 2966 786 3042 mundi
812 2965 859 3042 de
885 2965 1065 3056 Bisturre,
1089 2967 1230 3074 judicis
1253 2995 1274 3042 a
1297 2965 1408 3046 uobis
1427 2967 1503 3043 dati
1523 2967 1650 3044 eidem
1667 2967 1874 3044 Boeuendo
1894 2969 1933 3044 in
1953 2970 2077 3046 omni-

648 3095 723 3174 bus
742 3097 861 3174 causis
879 3097 972 3187 suis,
995 3098 1099 3204 quod
1119 3127 1205 3176 cum
1225 3099 1307 3204 ipse
1328 3098 1558 3174 Bertrandus
1578 3116 1617 3175 et
1638 3098 1923 3203 predecessores
1940 3103 2001 3176 sui
2021 3127 2078 3176 es·

651 3244 734 3305 sent
750 3245 795 3304 et
822 3227 997 3317 fuissent,
1027 3247 1070 3305 ut
1098 3229 1177 3335 ipse
1202 3228 1365 3316 dicebat,
1382 3259 1414 3304 a
1436 3246 1612 3334 tempore
1637 3231 1747 3337 cujus
1774 3230 1819 3306 in
1848 3230 2076 3306 contrarium

651 3359 834 3435 memoria
860 3387 938 3437 non
963 3359 1105 3449 existit,
1127 3363 1168 3436 in
1192 3359 1426 3466 possessione
1448 3359 1604 3466 pacifica
1625 3360 1832 3466 recipiendi
1854 3359 2017 3436 unamm
2034 3378 2077 3436 et

651 3488 841 3566 bledatam
858 3490 1025 3567 incertis
1044 3490 1250 3597 parrochiis
1268 3491 1348 3567 sitis
1368 3509 1406 3568 et
1424 3491 1667 3569 existentibus
1681 3491 1723 3566 in
1741 3491 1887 3568 honore
1906 3508 1944 3567 et
1960 3493 2077 3596 perti-

651 3619 794 3696 nenciis
814 3621 921 3697 castri
945 3620 992 3696 de
1013 3621 1239 3711 Pestilbaco,
1257 3649 1278 3696 a
1297 3621 1455 3728 singulis
1474 3638 1593 3698 terras
1612 3638 1650 3696 et
1666 3621 1791 3698 vinem
1811 3621 1957 3698 ibidem
1977 3649 2078 3699 exco-

650 3748 815 3828 lentibus
836 3751 907 3828 sibi
927 3750 985 3828 veI
1006 3751 1182 3829 mandato
1202 3778 1271 3830 suo
1291 3751 1464 3830 solvendi
1480 3753 1592 3830 certis
1611 3752 1755 3841 modis,
1776 3753 1913 3830 diebus
1932 3769 1970 3828 et
1989 3752 2074 3830 loco

643 3897 690 3954 et
710 3881 783 3958 sub
803 3900 902 3958 serta
921 3909 1036 3989 pena,
1058 3902 1172 3989 prout
1194 3884 1235 3958 in
1259 3884 1425 3988 quodam
1436 3883 1605 3990 judicato
1626 3911 1740 3989 super
1755 3883 1829 3962 hoc
1842 3911 1915 3990 per
1935 3882 2076 3960 cur'iam

653 4027 816 4088 nostram
833 4014 1173 4121 Petregoricensem
1196 4017 1516 4094 ret-Cemrcensem
1533 4043 1603 4122 pro
1620 4015 1705 4119 ipso
1724 4014 1800 4092 Into
1818 4015 2001 4092 contineri
2020 4015 2078 4091 di-

653 4141 777 4231 cebat3
802 4144 1018 4252 diceretque
1038 4145 1162 4225 dictus
1177 4147 1406 4226 Bertrandus
1424 4175 1465 4224 se
1484 4147 1524 4223 in
1541 4146 1777 4252 possessione
1796 4145 1981 4220 dictarum
1998 4146 2079 4222 bia-

654 4273 737 4349 date
754 4293 793 4350 et
809 4275 931 4352 vinate
946 4277 1171 4382 impeditum
1187 4305 1255 4384 per
1269 4278 1487 4384 Philippum
1495 4278 1549 4354 de
1564 4273 1792 4362 doncberiis,
1806 4291 2000 4351 tenentem
2021 4275 2078 4351 lo-

654 4433 741 4481 cum
753 4405 1131 4512 gardiatorisbastide
1145 4409 1481 4516 MontisCeprarii,
1499 4426 1537 4485 et
1551 4407 1726 4486 conmies
1740 4405 1839 4483 dicte
1853 4405 2015 4494 baetide,
2025 4435 2076 4484 eo

653 4537 758 4638 quod
783 4535 934 4641 publice
963 4538 1155 4644 prohiberi
1180 4537 1353 4618 iecerunt
1375 4541 1481 4647 quod
1504 4538 1672 4647 predicta
1694 4538 1840 4615 deveris
1856 4536 2014 4618 'btartue
2039 4555 2078 4614 et

652 4667 773 4744 vinate
798 4667 870 4744 sibi
895 4697 963 4775 per
984 4667 1129 4774 aliquos
1149 4671 1306 4748 minime
1328 4672 1579 4759 solverentur,
1604 4675 1827 4776 peteretque
1849 4667 1972 4745 dictus
1989 4670 2077 4745 Ber-

652 4799 809 4876 trandus
829 4799 973 4876 dietum
993 4801 1310 4907 impedimentum
1329 4803 1509 4892 amoveri,
1532 4821 1571 4880 et
1587 4799 1963 4908 homines-predictos
1978 4829 2076 4877 oom-

652 4929 743 5036 pelli
759 4929 807 5006 ad
820 4929 1042 5008 solvendum
1056 4932 1202 5009 deveria
1216 4933 1400 5040 predicta,
1413 4934 1612 5040 dictusque
1624 4935 1757 5010 Petrus
1771 4931 1922 5022 Marini,
1939 4931 2076 5032 vocatis

653 5061 821 5165 partibus
836 5061 1196 5169 inquisiveritsnper
1209 5066 1461 5171 possessione,
1472 5063 1641 5171 judicato
1655 5061 2077 5169 etimpedimentopre-

655 5191 781 5270 dictis:
800 5192 886 5272 Visa
904 5193 1075 5302 inquestn
1093 5195 1279 5300 predicta,
1294 5195 1408 5274 nobis
1426 5223 1496 5302 per
1512 5195 1636 5302 ipsum
1649 5194 1805 5272 remora
1821 5209 1859 5270 et
1875 5193 2076 5300 diligenter

646 5323 875 5414 -srarninata,
899 5324 979 5404 viso
1005 5326 1124 5404 eciam
1139 5326 1309 5434 judicato
1328 5326 1520 5434 predicto,
1541 5353 1608 5432 per
1624 5325 1726 5404 ctarie
1742 5341 1869 5402 nostre
1887 5321 2076 5431 judicium

649 5455 943 5555 pronunciatum
961 5455 1047 5546 fuit,
1068 5485 1147 5534 non
1167 5457 1404 5537 obstantibus
1422 5456 1652 5566 quibusdam
1670 5453 1989 5563 appsIIeoionibus
2004 5475 2075 5556 per

1904 5627 1951 5666 11.
