5817 7292
846 1044 916 1115 122
1421 1044 1517 1131 ,LES
1547 1043 1686 1119 OLIM.

615 1194 801 1257 sarcinam,
840 1184 1008 1293 genteria
1038 1182 1600 1278 Smcti·Hilani-le÷Hascuit‚
1627 1204 1756 1267 contra
1781 1186 1977 1278 Galterum
2001 1189 2198 1279 Corbelin,
2225 1222 2269 1271 ex

678 1286 740 1329 1³0³.

842 1314 1107 1396 commissione
1127 1331 1269 1405 nostra,
1292 1344 1359 1423 per
1379 1333 1500 1411 certos
1519 1318 1711 1396 auditores
1729 1316 1864 1400 factam
1885 1335 1923 1396 et
1942 1320 2045 1397 curie
2060 1337 2186 1401 nostre
2210 1352 2270 1403 re·

841 1464 1043 1555 portatam,
1069 1448 1189 1528 videri
1217 1464 1365 1554 peteret
1385 1446 1634 1553 ‚et;.judicari;
1659 1467 1698 1527 et
1724 1468 1896 1529 econtra
1922 1450 2046 1530 dictus
2075 1452 2268 1545 Galterus,

839 1579 1014 1687 pluribus
1033 1577 1245 1657 racionibus
1265 1606 1481 1684 proponens
1501 1577 1640 1658 dictam
1664 1580 1878 1688 inquestam
1902 1597 1941 1659 et
1964 1580 2269 1667 commissionem

839 1712 1062 1819 predictam.
1077 1708 1217 1787 dehere
1248 1709 1416 1789 totaliter
1450 1708 1631 1800 anullari,
1662 1739 1778 1818 seque
1809 1712 1909 1794 dicta
1942 1714 2160 1821 serjenteria
2188 1717 2270 1796 sine

841 1870 950 1921 cause
975 1840 1194 1947 cognicioue
1215 1857 1253 1919 et
1272 1857 1400 1924 contra
1419 1846 1537 1948 patrie
1559 1842 1877 1923 consuetudinem
1896 1843 2116 1932 desaisitum
2136 1845 2266 1937 luisse,

839 1973 1049 2079 requireret
1072 1971 1195 2076 quod,
1223 1972 1400 2051 anullatis
1423 1974 1688 2054 commissione
1711 1992 1749 2053 et
1770 1974 1942 2082 inquesta
1966 1959 2163 2082 predictis,
2188 1979 2267 2084 ipse

839 2120 1088 2211 reponeretur
1109 2103 1149 2179 in
1165 2104 1299 2183 saisina
1313 2108 1541 2213 sergentarie
1560 2105 1794 2213 supradicte:
1816 2105 2004 2201 Tandem,
2025 2107 2164 2186 auditis
2178 2108 2268 2187 hinc

840 2234 930 2319 inde
956 2234 1174 2341 propositis,
1201 2234 1352 2341 visaque
1381 2236 1480 2325 dicta
1504 2236 1693 2343 inquesta,
1723 2265 1871 2317 necnon
1897 2223 2164 2317 commissione
2183 2267 2268 2344 pre·

841 2366 955 2458 dicta,
974 2396 1014 2443 ac
1029 2366 1214 2452 relacione
1231 2366 1449 2457 auditorum
1463 2368 1736 2476 predictorum,
1754 2369 1853 2449 dicta
1871 2370 2061 2476 inquesta,
2080 2398 2169 2448 cum
2183 2370 2267 2478 ejus

841 2499 1124 2589 commissione,
1144 2524 1212 2605 per
1225 2498 1327 2580 curie
1343 2515 1472 2584 nostre
1482 2499 1686 2609 judicium,
1704 2501 1827 2579 extitit
1844 2500 2027 2589 anullata,
2050 2518 2089 2581 et
2100 2528 2268 2607 pronun-

840 2631 978 2707 ciatum
999 2629 1072 2707 luit
1087 2630 1229 2710 dictum
1246 2629 1442 2723 Galterurn
1461 2630 1501 2706 in
1517 2631 1653 2712 saisina
1671 2660 1739 2713 sua
1758 2632 1859 2713 dicte
1879 2632 2111 2740 sergenterie
2125 2629 2266 2708 debere

840 2760 990 2866 reponi,
1013 2759 1112 2839 salvo
1131 2760 1220 2869 jure
1238 2762 1353 2867 pastis
1377 2761 1574 2870 utriusque
1599 2790 1714 2869 super
1737 2762 1836 2841 dicta
1860 2761 2106 2868 sergenteria‚
2125 2776 2204 2838 tam
2227 2758 2267 2837 in

841 2894 1074 2999 possessione
1094 2922 1210 3001 quam
1228 2894 1268 2969 in
1287 2895 1529 3002 proprietate.

898 3025 1060 3105 Sabbato
1084 3042 1170 3133 post
1192 3025 1494 3106 Decollaoiouem
1514 3028 1631 3105 sancti
1653 3027 1852 3116 Johannis‚
1879 3053 1979 3108 anno
2000 3024 2266 3106 trecentesimo

839 3175 970 3234 tercio.

898 3420 957 3497 XI.
988 3416 1129 3495 Ballivo
1147 3417 1440 3523 Rothomagensi
1459 3448 1468 3492 t
1487 3417 1587 3495 Cum
1606 3444 1719 3523 super
1739 3444 1785 3495 eo
1800 3416 1906 3524 quod
1925 3444 2009 3509 nos,
2028 3433 2179 3495 vacante
2194 3445 2267 3495 nu-

841 3579 908 3656 per
919 3546 1088 3655 prioratu
1101 3546 1304 3654 leprosarie
1319 3544 1589 3656 Sancti-Egidii
1604 3547 1653 3625 de
1668 3546 2026 3637 Ponte-Andomari,
2039 3546 2088 3625 ad
2100 3547 2265 3625 eundem

841 3681 1049 3787 prioratum
1081 3693 1426 3785 presentaveramus
1459 3677 1672 3760 Johaunem
1706 3678 1842 3769 Rabot,
1875 3695 2106 3785 conquestus
2134 3677 2267 3758 firisset

843 3812 1001 3894 dilectus
1021 3826 1059 3887 et
1077 3808 1200 3889 fidelis
1220 3826 1348 3887 noster
1368 3810 1566 3917 episcopus
1589 3809 1840 3900 Lemniensis,
1865 3810 1995 3888 dicens
2015 3807 2147 3887 fratres
2167 3808 2267 3888 dicte

842 3942 1042 4049 leprosarie
1065 3970 1145 4019 esse
1166 3941 1206 4018 in
1226 3941 1360 4020 saisina
1375 3940 1538 4051 eligendi
1558 3941 1629 4019 sibi
1646 3942 1813 4048 priorem
1829 3958 1867 4020 et
1886 3940 2053 4020 eundem
2069 3939 2169 4017 dicto
2187 3940 2267 4047 epi-

842 4102 955 4180 scopo
976 4072 1234 4181 presentandi,
1254 4090 1293 4151 et
1308 4072 1435 4180 ipsum
1456 4074 1675 4179 episcopum
1693 4100 1774 4151 esse
1792 4073 1832 4150 in
1849 4072 1983 4154 saisina
2001 4070 2146 4151 dictum
2164 4070 2266 4177 prio·

841 4234 938 4295 rem,
954 4205 1007 4283 sic
1021 4204 1201 4295 electum,
1215 4204 1437 4295 instituendi
1452 4204 1493 4281 in
1506 4204 1706 4311 leprosaria
1718 4204 1948 4310 supradicta;
1961 4222 2000 4282 et
2010 4233 2080 4312 per
2090 4202 2267 4282 informa-

842 4338 988 4416 cionem
1015 4365 1128 4444 supsr
1151 4338 1224 4417 hoc
1244 4336 1291 4415 de
1317 4336 1493 4422 mandato
1517 4353 1647 4425 nostro
1672 4334 1805 4414 lacmm
1829 4335 2023 4415 inventum
2047 4335 2120 4414 luit
2142 4333 2263 4441 quod,

842 4484 991 4545 vacante
1017 4467 1117 4543 dicto
1142 4468 1328 4573 prioratu,
1355 4466 1487 4547 fratres
1513 4468 1684 4575 ejusdem
1710 4465 1912 4574 leprosarie
1937 4466 2090 4545 suntin
2114 4464 2263 4550 saisina,

843 4597 979 4684 vocatis
1003 4597 1051 4675 ad
1075 4597 1148 4675 hoc
1167 4597 1384 4676 vicecomite
1406 4615 1443 4677 et
1460 4598 1603 4706 majore
1622 4597 1710 4680 ville
1733 4595 2099 4685 Pontisludomart
2121 4620 2191 4699 pro
2211 4593 2266 4669 eis

843 4727 1084 4814 consulendis
1094 4726 1333 4807 etviolenciis
1345 4728 1578 4823 amovendis,
1591 4728 1755 4837 eligendi
1768 4727 1840 4807 sibi
1851 4726 2035 4832 priorem,
2050 4719 2264 4799 eteundem

844 4859 943 4937 dicto
965 4858 1159 4965 episcopo,
1181 4857 1330 4938 racione
1350 4857 1621 4963 spiritualitatis
1639 4858 1740 4945 ¹dicte
1760 4852 1982 4962 leprosarie‚
2003 4848 2263 4959 presentandi,

843 4992 908 5096 qui
926 4989 1040 5097 prior,
1061 5017 1130 5097 per
1147 4990 1364 5099 episcopum
1379 4989 1618 5097 approbatus,
1638 4987 1687 5068 ad
1703 5015 1774 5067 nos
1789 5013 1858 5094 pro
1872 4980 2148 5089 temporalitate
2166 4979 2265 5057 dicte

843 5122 980 5199 domus
997 5122 1189 5202 consuevit
1203 5121 1347 5211 venire,
1365 5120 1672 5211 mandamustibi
1687 5118 1864 5228 qrutinus
1878 5112 2032 5194 eosdem
2045 5111 2263 5221 episcopum

844 5270 880 5328 et
904 5250 1035 5330 fratres
1061 5251 1159 5329 dicta
1182 5252 1431 5358 possessione,
1461 5252 1670 5331 secundum
1695 5248 1801 5356 quod
1826 5247 2049 5354 premissum
2075 5259 2147 5334 est,
2174 5270 2264 5351 gau·

844 5384 932 5481 dere
952 5384 1162 5490 permittas,
1183 5382 1280 5475 salse
1298 5383 1337 5461 in
1355 5383 1574 5491 hujusmodi
1593 5379 1790 5488 questione
1808 5377 2057 5485 proprietatis.
