5817 7292
882 1101 955 1176 ιι78
1462 1100 1552 1172 Lus
1581 1096 1726 1172 OLlM

657 1257 707 1310 rm
709 1271 786 1310 ιιιιιι
770 1255 842 1315 ιιι
881 1244 979 1322 ultra
997 1269 1185 1322 summam
1207 1237 1317 1318 lirme
1332 1238 1527 1346 predicte·
1548 1256 1588 1317 et
1605 1239 1786 1353 debitur
1775 1267 1816 1318 ru
1841 1239 2029 1318 mendatis
2046 1241 2223 1348 magistro
2243 1247 2308 1324 Jo-

719 1346 781 1389 ¹³⁰⁹
881 1373 1308 1465 bannidelnCsumete,
1322 1371 1594 1479 osstodisigilli
1603 1371 2035 1478 nostriapudlllontem·
2017 1371 2175 1453 -ldorilii
2182 1377 2308 1482 ,quod

882 1508 962 1613 ipse
979 1535 1001 1584 a
1016 1504 1253 1612 predictisP
1268 1502 1372 1582 etG
1385 1503 1543 1609 recipiat
1553 1502 1769 1609 juramenta
1783 1502 1969 1608 predicta,
1985 1531 2108 1610 usque
2122 1505 2172 1582 ad
2191 1533 2310 1612 qusn-

881 1638 1005 1714 titntes
1025 1649 1063 1711 et
1081 1662 1249 1712 summus
1266 1631 1469 1738 predictas,
1491 1649 1530 1710 et
1553 1631 1732 1708 rescribat
1751 1632 1942 1739 preposito
1962 1651 2092 1713 nomo
2109 1635 2309 1714 Parisiensi

883 1765 1106 1874 quantitates
1127 1781 1165 1844 et
1180 1792 1352 1844 summas
1367 1791 1463 1869 quas
1480 1764 1551 1868 ipsi
1576 1791 1690 1868 super
1711 1764 1891 1870 predictis
1908 1765 1978 1871 per
1997 1793 2064 1844 sua
2083 1767 2311 1848 asseruerint

879 1901 1108 2006 juramenta,
1127 1911 1170 1974 ut
1183 1896 1301 2004 possit
1317 1896 1402 1974 lieri
1417 1895 1594 1974 erecucio
1613 1894 1662 1972 de
1681 1896 1873 2003 predictis.
2011 1917 2015 1924 ’

940 2027 1098 2108 Veneris
1116 2045 1203 2106 ente
1224 2029 1360 2106 Remos
1373 2025 1599 2106 Palmsrum.

940 2158 1149 2265 [Decianus]
1170 2156 1414 2238 Gemellensis
1425 2157 1643 2264 reportavit.

940 2422 1113 2498 LXXXV.
1143 2420 1262 2508 Cum,
1278 2448 1322 2496 ex
1337 2418 1656 2526 perte'bominum
1669 2421 1850 2500 territorii
1862 2422 2309 2502 deAlto-Monteetloco

885 2581 970 2630 rum
996 2552 1345 2630 circumvicinorum
1371 2549 1484 2628 nobis
1508 2550 1761 2657 significatum
1780 2551 1913 2632 linisset
1929 2553 2037 2660 quod
2053 2553 2166 2633 nobis
2182 2570 2219 2630 et
2237 2553 2308 2632 ho·

887 2683 1054 2760 minibus
1069 2683 1159 2759 dicti
1179 2681 1253 2760 loci
1273 2699 1311 2760 et
1328 2681 1398 2760 toti
1415 2681 1535 2788 patrie
1555 2682 1777 2789 expediebat
1789 2684 1897 2791 quod
1910 2670 2000 2774 nos,
2017 2685 2058 2762 in
2071 2682 2156 2764 loco
2173 2685 2240 2790 qui
2252 2683 2311 2760 di-

888 2813 984 2892 citur
995 2811 1260 2903 Gaude-mou,
1273 2810 1463 2919 quandem
1475 2841 1609 2891 novam
1623 2810 1706 2893 beri
1716 2813 1926 2894 faceremus
1938 2815 2143 2907 bestidem,
2159 2843 2248 2904 nos,
2264 2814 2311 2892 ad

841 3051 845 3058 .
887 2972 1019 3022 eorum
1036 2943 1545 3034 instanciammandavimus
1563 2946 1768 3026 senescallo
1787 2945 2080 3056 Petrsgoricensi
2100 2962 2144 3025 ut
2156 2946 2238 3052 ipse
2252 2973 2312 3022 ve·

886 3075 1034 3152 ritatem
1053 3075 1278 3181 inquireret,
1297 3075 1434 3154 vocatis
1453 3077 1520 3182 qui
1536 3077 1723 3155 deberent
1735 3079 1875 3167 vocari,
1891 3093 2019 3154 utrum
2041 3076 2180 3154 dicum
2199 3076 2314 3154 bestie

890 3206 976 3284 dam
996 3204 1077 3284 lieri
1098 3203 1209 3284 nobis
1228 3222 1267 3282 et
1287 3204 1397 3284 dictis
1416 3205 1638 3285 bominibus
1657 3236 1700 3312 ac
1718 3208 1885 3314 predicte
1903 3207 2023 3313 patrie
2038 3205 2250 3313 expediret,
2270 3221 2311 3282 et

890 3336 996 3442 quod
1016 3336 1260 3414 commodum
1274 3335 1332 3414 vel
1349 3336 1653 3429 incommodum,
1666 3339 1788 3445 si-ipsa
1798 3338 1924 3426 beret,
1941 3365 2012 3416 nos
2027 3353 2066 3414 et
2080 3336 2312 3442 quicumque

892 3465 955 3542 alii
975 3465 1218 3556 haberemus,
1235 3483 1272 3546 et
1285 3466 1498 3572 inquestam
1513 3497 1631 3575 quem
1649 3497 1763 3577 super
1773 3469 1847 3547 boc
1859 3467 2013 3554 laceret,
2024 3464 2229 3576 subsigillo
2240 3493 2311 3544 suo

893 3596 1072 3687 clausam,
1092 3623 1207 3702 quam
1224 3595 1338 3675 cicius
1355 3616 1497 3704 posset,
1513 3599 1624 3678 uobis
1642 3600 1869 3688 remittereta
1889 3598 1956 3706 qui
1975 3595 2216 3685 senescallus,
2232 3623 2312 3674 ser-

891 3743 972 3804 ιιιιι
984 3725 1105 3804 forma
1118 3725 1285 3805 mandati
1307 3729 1489 3832 predicti,
1503 3729 1716 3837 inquestnm
1729 3758 1843 3836 super
1857 3729 1932 3808 boc
1952 3725 2086 3807 seuam
2098 3754 2168 3834 per
2188 3727 2313 3833 ipsum

891 3857 938 3934 ad
959 3857 1099 3936 curiam
1125 3872 1291 3938 nostram
1314 3860 1460 3940 remisit
1475 3892 1484 3938 ε
1499 3861 1586 3939 Visa
1606 3862 1722 3968 igitur
1740 3861 1913 3968 inquesta
1929 3858 2107 3965 predicta,
2125 3884 2231 3949 cum,
2248 3885 2317 3963 per

891 4015 973 4068 eam
989 4017 1069 4066 non
1087 3988 1203 4068 luerit
1221 3990 1418 4070 inventum
1436 3992 1544 4097 quod
1559 3991 1678 4098 aliqui
1697 4020 1739 4070 se
1754 3991 1794 4069 in
1814 3988 2038 4098 hujusmodi
2054 3987 2314 4095 opposuerint,

891 4137 1146 4224 proponentes
1156 4119 1301 4228 aliquid
1314 4122 1547 4203 racionabile
1558 4150 1674 4229 quare
1687 4123 1785 4200 dicte
1797 4121 1943 4200 bastide
1958 4120 2042 4198 lieri
2053 4148 2132 4198 non
2142 4120 2314 4207 deberet,

891 4277 959 4355 per
973 4249 1077 4328 curie
1093 4268 1223 4332 nostre
1238 4252 1430 4360 judicium
1446 4252 1588 4333 dictum
1607 4253 1680 4332 luit
1701 4253 1808 4362 quod
1821 4253 1950 4339 nobis,
1962 4251 2143 4358 predictis
2155 4250 2318 4330 bomini-

890 4378 963 4458 bus
983 4397 1022 4457 et
1034 4381 1104 4458 toti
1125 4382 1246 4487 patrie
1268 4383 1420 4489 expedit
1437 4384 1544 4490 quod
1563 4384 1702 4464 dictem
1719 4383 1905 4462 bastidsm
1919 4383 1960 4462 in
1976 4381 2146 4488 predicto
2164 4380 2249 4460 loco
2269 4380 2316 4458 de

891 4507 1138 4588 Gauda-mon
1157 4511 1240 4592 lieri
1260 4511 1450 4592 faciamus.

947 4641 1104 4718 Veneris
1124 4660 1208 4722 unte
1229 4647 1365 4724 Remos
1379 4646 1612 4726 Palmarum.

948 4773 998 4850 M
1021 4774 1062 4849 R.
1086 4773 1133 4852 de
1154 4774 1288 4854 Sancto
1291 4777 1514 4858 -Benedicto
1532 4778 1746 4898 reportarit.

947 4902 1092 4980 Placuit
1106 4904 1265 4984 domino
1277 4908 1368 5016 Regi
1388 4906 1522 5016 quod
1512 4924 1582 4990 ista
1600 4887 1748 4986 bastida
1763 4907 1846 4996 fiat,
1866 4905 2060 4986 etidcirco
2077 4827 2319 4989 mandabitur

892 5031 1110 5118 senescallo
1117 5035 1410 5143 Petragoricensi
1429 5039 1564 5146 qnod
1554 5065 1635 5146 ipse
1653 5039 1695 5114 iu
1712 5037 1797 5118 loco
1815 5036 1988 5144 predicto
2010 5035 2119 5115 faciut
2136 5036 2223 5116 lieri
2241 5035 2320 5114 dic·

891 5181 967 5242 tem
987 5162 1193 5254 bastidam,
1213 5167 1331 5272 patrie
1357 5169 1634 5249 consuetudine
1658 5169 1870 5261 observata,
1895 5169 2045 5274 proviso
2068 5167 2189 5246 eciam
2214 5166 2320 5273 quod

892 5296 971 5402 ipse
984 5297 1257 5378 consenciente
1268 5327 1337 5406 per
1353 5299 1474 5384 dictos
1485 5299 1662 5382 homines
1675 5302 1877 5408 promissas
1891 5301 1994 5381 dieto
2009 5297 2231 5392 senescallo,
2245 5323 2316 5404 pro

892 5427 1049 5508 domino
1070 5431 1189 5538 Rege,
1211 5447 1367 5538 propter
1385 5431 1459 5513 hoc
1481 5432 1658 5542 integrari
1678 5431 1787 5513 faciat
1806 5450 1846 5515 et
1863 5431 2057 5538 compleri.
