5817 7292
794 1146 797 1149 ·
878 1110 948 1183 tlt
1005 1108 1008 1117 ’
1314 1154 1320 1165 ·
1456 1116 1548 1190 LES
1573 1112 1711 1188 OLlM.

646 1260 777 1393 ruffin
790 1258 832 1321 tv,
871 1253 1122 1363 gudiandum
1141 1255 1284 1334 dictum
1305 1256 1523 1365 episcopum
1544 1256 1741 1363 deputato,
1763 1271 1817 1343 et,
1836 1282 1904 1363 per
1922 1255 2203 1360 aprisiaminde
2222 1258 2298 1337 lac-

765 1380 770 1392 ’
873 1401 950 1463 tam
974 1384 1023 1463 ds
1043 1386 1221 1465 mandato
1237 1404 1387 1477 nostro,
1409 1385 1595 1465 fuerimus
1613 1385 1806 1465 informati
1830 1386 1937 1492 quo'd
1956 1386 2054 1465 dina
2072 1386 2185 1495 prisia
2207 1388 2298 1468 dicti

873 1514 909 1595 la
928 1516 1011 1625 Gay
1034 1516 1139 1595 lacta
1154 1516 1238 1595 fuit
1255 1548 1367 1625 supra
1394 1518 1593 1597 calceatam
1618 1518 1707 1595 ville
1733 1518 2029 1610 suessionensis,
2051 1518 2092 1595 ia
2116 1516 2302 1599 trelundo

874 1648 1022 1730 comitis
1049 1648 1346 1741 suessionensis,
1375 1650 1417 1725 in
1446 1678 1522 1757 qua
1550 1648 1641 1727 dicti
1668 1648 1790 1756 major
1816 1666 1856 1726 et
1874 1649 1993 1757 jurati
2022 1648 2143 1727 lacere
2165 1650 2300 1757 prisias

872 1797 1147 1858 consueverunt
1175 1776 1438 1859 :Mandamus
1466 1779 1537 1858 tibi
1568 1779 1779 1887 quatinus,
1795 1778 1944 1858 racione
1976 1780 2075 1858 dicte
2109 1781 2298 1887 capcionis

871 1909 1065 1989 servientis
1083 1910 1261 2016 predicti,
1282 1938 1361 1988 non
1388 1910 1593 2017 compellas
1619 1911 1774 1989 eosdem
1800 1911 1983 2019 majorem
2002 1930 2042 1989 et
2055 1913 2201 2021 juratos
2219 1914 2298 1992 sol-

871 2070 956 2119 vere
984 2039 1095 2120 nobis
1116 2042 1331 2135 emendam,
1359 2041 1443 2132 sed,
1470 2061 1625 2150 propter
1648 2069 1783 2121 eorum
1806 2042 2127 2133 inobedientiam,
2153 2066 2295 2151 proso

871 2174 977 2281 quod
990 2174 1157 2252 eundem
1175 2174 1276 2251 dicto
1290 2173 1466 2251 servienti
1478 2192 1608 2253 nostro
1623 2203 1702 2253 non
1718 2173 1970 2252 reddiderunt
1982 2175 2031 2252 ab
2045 2202 2094 2257 eo
2106 2176 2294 2283 requisiti,

870 2334 940 2413 pro
960 2336 1035 2414 qua
1053 2306 1294 2417 gagiaverunt
1317 2305 1435 2382 eciam
1455 2304 1565 2384 nobis
1586 2305 1804 2397 emendam,
1826 2306 1873 2384 ab
1894 2334 1937 2383 ea
1956 2334 2034 2382 non
2055 2305 2193 2386 liberes
2211 2336 2295 2399 eos,

873 2436 941 2515 sed
957 2436 1005 2513 ad
1019 2466 1173 2545 presens
1191 2422 1435 2543 supersedeas
1451 2435 1499 2513 de
1514 2464 1558 2513 ea
1573 2436 1744 2515 levanda.
1762 2437 1833 2515 Per
1847 2436 1922 2515 hoc
1935 2453 2065 2515 tamen
2078 2436 2204 2516 eidem
2219 2438 2299 2544 epi-

825 2564 826 2569 ’
872 2596 1002 2673 scopo,
1023 2568 1063 2645 in
1077 2570 1163 2678 jure
1186 2596 1255 2646 suo
1274 2596 1343 2675 per
1362 2568 1512 2647 dictum·
1526 2585 1715 2647 arrestum
1734 2569 1903 2676 querito,
1922 2568 2103 2650 nolumus
2126 2568 2297 2676 prejudi-

876 2698 978 2777 cium
994 2699 1150 2808 aliquod
1169 2698 1351 2808 generari.

930 2830 1030 2910 lovis
1049 2850 1135 2910 ante
1155 2831 1503 2911 Annunciecionem
1523 2832 1692 2912 Domini.
1748 2901 1753 2909 .

931 2962 1072 3040 Ballivo
1091 2962 1348 3043 Viromandis.

930 3224 990 3304 Vl.
1021 3222 1165 3303 Ballivo
1194 3224 1430 3301 Turonensi:
1458 3222 1518 3299 Ad
1548 3224 1770 3304 instanciam
1806 3223 1936 3300 dilecti
1966 3241 2011 3301 et
2029 3221 2155 3301 fidelis
2181 3224 2300 3301 nostri

874 3332 1043 3461 episcopi
1065 3353 1379 3446 Cenomanensis,
1405 3353 1602 3431 asserentis
1630 3352 1735 3459 quod
1763 3353 1939 3431 custodes
1963 3353 2146 3461 regalium
2175 3356 2300 3434 Ceno-

873 3483 1129 3571 manensium‚
1145 3482 1292 3562 anobis
1309 3484 1478 3590 deputati
1493 3483 1532 3564 in
1548 3482 1855 3561 duabusultimis
1869 3483 2298 3566 sacacionibusecclesie

872 3615 1183 3708 Cenomanensis,
1198 3615 1379 3705 decimas,
1391 3614 1520 3692 firmas
1529 3631 1568 3696 et
1579 3610 1780 3722 pensiones
1788 3614 2040 3722 qiisrumdam
2055 3613 2299 3695 ecclesiarum

768 3746 772 3751 ’
873 3745 1171 3827 Cenomanensis
1195 3746 1378 3855 dyocesis,
1400 3742 1734 3853 ad¹episcopatmn
1760 3745 2300 3854 Cenomanensempertinen-

761 3956 763 3962 .
874 3896 947 3966 tes,
963 3862 1139 3956 videlicet
1153 3877 1396 3957 ecclesiarum
1412 3877 1462 3955 de
1476 3876 1689 3969 Ambitriis,
1702 3876 1757 3954 de
1768 3876 1954 3970 Colsiaoo,
1972 3875 2020 3954 de
2034 3877 2298 3987 Montignayo,

876 4009 923 4089 de
951 4008 1133 4103 Gestinia,
1162 4010 1210 4089 de
1230 4006 1411 4119 ¹Luneym
1432 4009 1482 4089 de
1506 4007 1661 4101 Alneto,
1683 4008 1733 4086 de
1756 4006 1957 4098 eronio,
1980 4008 2029 4085 de
2052 4008 2230 4106 Line'riis,
2252 4010 2299 4087 de

874 4140 1070 4232 Fontibus,
1087 4136 1138 4220 de
1149 4141 1389 4252 Argontreio,
1407 4141 1457 4220 dc
1473 4142 1653 4249 Saucaya,
1669 4140 1720 4217 de
1735 4138 1980 4232 Chimiriaco,
1997 4156 2037 4217 et
2048 4140 2300 4247 quarumdam

877 4274 1034 4351 aliarum
1055 4266 1295 4353 ecclesiarum
1315 4266 1408 4381 quas
1434 4273 1558 4351 dictus
1576 4272 1775 4380 episcopus
1793 4270 1982 4350 declarare
2007 4270 2188 4360 debebat,
2213 4300 2300 4379 per·

876 4422 1053 4508 ceperant
1079 4421 1118 4481 et
1144 4403 1369 4497 levaverant,
1391 4400 1482 4481 licet
1506 4402 1670 4495 decime,
1698 4400 1808 4492 firme
1839 4418 1878 4480 et
1904 4402 2106 4509 pensionps
2134 4400 2299 4508 predicte

876 4530 965 4609 alias
979 4533 1018 4608 in
1035 4533 1174 4643 regalia
1190 4561 1268 4611 uon
1288 4534 1501 4623 venissent,
1515 4533 1771 4640 predecessori
1788 4551 1858 4611 tuo
1875 4532 2137 4617 mandarimus
2155 4529 2300 4620 utro·

878 4662 967 4739 catis
997 4661 1209 4755 evocandis,
1240 4662 1443 4770 diligenter
1471 4664 1683 4771 inquireret
1710 4682 1841 4742 utrum
1870 4663 2024 4765 termiqi
2059 4662 2298 4743 soluciomrm

877 4792 1127 4884 decimarum,
1150 4793 1346 4871 firmarum
1362 4811 1400 4871 et
1415 4795 1643 4901 pensionum
1659 4795 1930 4902 predictarum,
1954 4790 2178 4871 durantibus
2196 4819 2303 4901 rega·

877 4922 982 5003 libus
997 4925 1136 5003 nostris
1153 4924 1243 5005 alias
1262 4925 1375 5033 quam
1401 4927 1449 5003 in
1464 4926 1852 5006 dictis-vacarionibus
1870 4923 2098 5015 ceciderant,
2116 4922 2237 5001 levate
2263 4940 2301 5000 et

876 5072 1024 5163 recepte
1042 5057 1192 5137 fuerant
1210 5084 1279 5165 pro
1297 5058 1407 5136 nobis
1424 5085 1493 5164 per
1507 5058 1682 5145 custodes
1701 5057 1885 5166 regaliam
1905 5072 2125 5134 nostrornm
2144 5053 2211 5163 qui
2230 5083 2299 5161 pro

877 5204 1048 5296 tempore
1067 5188 1238 5284 luerunt,
1262 5206 1299 5267 et
1317 5188 1529 5297 inquestam
1545 5191 1648 5268 curie
1666 5206 1793 5269 nostre
1813 5186 2024 5265 remitteret
2036 5186 2170 5271 factam
2185 5213 2300 5292 super

876 5321 971 5413 istisr
997 5320 1073 5401 viss
1102 5320 1216 5431 igitur
1244 5348 1312 5429 per
1336 5322 1476 5404 curiam
1503 5340 1671 5412 nostram
1689 5322 1859 5428 inquesta
1884 5333 2002 5425 super
2026 5318 2106 5399 boo
2127 5318 2223 5396 lacta
2250 5317 2298 5396 de

877 5448 1056 5533 mandato
1078 5472 1223 5546 nostro,
1252 5480 1464 5561 perquam
1487 5454 1670 5561 probatur
1694 5450 1816 5560 quod,
1838 5450 1927 5528 lieet
1947 5454 2019 5557 per
2038 5450 2219 5539 ⁴custodes
2240 5478 2300 5529 re·
