5817 7292
866 1184 936 1255 152
1275 1194 1276 1199 ’
1442 1176 1533 1249 LES
1564 1174 1703 1251 OLIM.

630 1340 820 1401 Puurrrlv.
859 1341 1106 1431 peterentque
1130 1322 1219 1400 dicti
1242 1319 1406 1428 religiosi
1432 1318 1578 1396 dictum
1602 1315 1920 1423 impedimentum
1942 1312 2106 1390 amoveri
2127 1328 2225 1389 etse
2246 1312 2285 1388 in

695 1435 756 1475 '³⁰⁶‘
859 1456 992 1535 saisina
1008 1454 1177 1561 predicta
1191 1451 1345 1559 pacifice
1360 1452 1500 1543 teneri,
1520 1467 1559 1528 et
1573 1450 1691 1526 dictas
1704 1445 1841 1555 prisias'
1853 1445 1923 1524 sibi
1940 1445 2067 1537 reddi,
2085 1444 2194 1522 dictis
2208 1473 2289 1521 ma-

853 1588 961 1694 jore,
978 1586 1115 1693 juratis
1134 1602 1173 1661 et
1192 1583 1410 1662 communia
1428 1580 1661 1660 contrarium
1681 1578 1951 1669 asserentibus,
1974 1595 2013 1655 et
2031 1576 2287 1683 petentibusa

856 1718 1036 1824 predictis
1051 1746 1089 1795 se
1104 1716 1244 1794 absolvi
1259 1746 1266 1790 :
1284 1716 1356 1792 Per
1370 1714 1474 1791 idem
1481 1714 1690 1824 judicium,
1706 1712 1849 1790 dictum
1862 1712 1935 1789 luit
1944 1728 1982 1789 et
1995 1710 2286 1817 pronunciatum

857 1850 978 1929 dictos
997 1848 1194 1957 religiosos
1213 1846 1367 1953 pacifice
1387 1844 1574 1923 tenendos
1597 1872 1677 1925 esse
1697 1845 1737 1921 in
1757 1844 1889 1921 saisina
1912 1843 2086 1949 capiendi
2104 1842 2203 1918 dicta
2223 1841 2287 1919 de-

792 1962 794 1967 ·
854 1983 969 2071 veria,
988 1997 1027 2057 et
1045 1977 1234 2089 gagiandi,
1253 1988 1328 2084 pro
1344 1976 1419 2055 illis
1440 1976 1550 2056 dictis
1570 1975 1707 2089 diebus
1726 1993 1764 2055 et
1783 1975 1975 2064 noctibus,
1995 1973 2081 2051 illos
2100 1974 2167 2081 qui
2188 1974 2287 2051 'dicta

856 2114 1001 2191 deveria
1028 2110 1171 2189 solvere
1193 2110 1371 2187 deficient
1389 2108 1449 2185 vel
1473 2108 1681 2187 cessabunt.
1703 2107 1801 2185 Dicti
1825 2125 1953 2184 tamen
1975 2107 2097 2214 major
2117 2122 2154 2183 et
2168 2106 2284 2213 jurati

855 2246 1010 2321 indicto
1025 2242 1194 2320 districtu
1207 2240 1446 2333 violenciam,
1462 2242 1493 2318 si
1508 2269 1621 2346 super
1634 2239 1708 2317 hoc
1720 2239 1829 2317 dictis
1844 2238 2028 2347 religiosis
2042 2237 2166 2327 fieret,
2181 2265 2285 2314 amo-

856 2377 1015 2467 vebunt,
1034 2374 1236 2459 etibidem
1256 2372 1404 2481 gagiare
1421 2386 1619 2478 poterunt,
1638 2387 1792 2478 propter
1806 2372 1897 2462 hoc,
1914 2369 1944 2446 si
1965 2401 1987 2447 a
2006 2368 2116 2447 dictis
2132 2369 2283 2477 religio-

855 2509 905 2587 sis
925 2507 1080 2585 fuerunt
1100 2533 1213 2613 super
1232 2503 1306 2581 hoc
1329 2502 1512 2610 requisiti.

914 2641 1013 2717 Jovis
1032 2655 1119 2745 post
1138 2636 1367 2715 Brandones.
1432 2678 1435 2687 =

911 2904 1035 2981 XXIX.
1068 2904 1165 2983 Cum
1192 2903 1291 2982 inter
1313 2901 1525 2981 Jobannam
1545 2901 1594 2981 de
1621 2902 1966 2990 Sancto-Martino,
1996 2930 2042 2980 ex
2067 2930 2143 2979 una
2160 2918 2282 3006 parte,

780 3103 782 3107 .
856 3053 894 3112 et
916 3036 1070 3112 Petrum
1092 3034 1337 3124 Insubrium,
1356 3036 1437 3143 ejus
1456 3035 1653 3125 maritum,
1672 3063 1715 3112 ex
1733 3034 1865 3123 altera,
1884 3061 1953 3141 per
1971 3033 2120 3115 curiam.
2129 3032 2284 3111 ecclesie

856 3166 1010 3245 divorcii
1024 3166 1215 3243 sentencia
1227 3166 1300 3243 lata
1313 3164 1461 3257 fuisset,
1476 3165 1647 3274 predicta
1660 3165 1833 3244 Johanna
1849 3194 1973 3243 coram
1987 3165 2184 3242 Parisiensi
2199 3192 2285 3269 pre-

854 3298 978 3405 posito
995 3296 1170 3405 Alaydim
1185 3299 1458 3385 Normannam‚
1477 3298 1567 3375 dicti
1586 3297 1686 3374 Petri
1703 3313 1876 3385 matrem,
1892 3316 1931 3374 et
1946 3296 2112 3373 eundem
2127 3296 2283 3372 Petrum

855 3428 965 3505 traxit
981 3428 1020 3504 in
1037 3458 1203 3517 causam,
1223 3404 1356 3534 petens
1376 3427 1476 3504 dicta
1493 3427 1666 3505 Johanna
1684 3427 1757 3505 sibi
1777 3426 1905 3515 reddi,
1923 3426 1971 3506 ab
1991 3425 2143 3503 adversa
2158 3443 2279 3531 parte,

858 3561 1037 3638 ducentas
1061 3560 1191 3649 libras,
1215 3558 1341 3635 eidem
1361 3560 1473 3637 Petro
1492 3558 1696 3665 promissas
1720 3559 1761 3635 in
1786 3559 1981 3665 maritagio
2005 3584 2091 3635 cum
2111 3557 2283 3634 lohanna

855 3691 1022 3798 predicta
1048 3705 1257 3781 contracto,
1285 3717 1432 3766 necnon
1459 3689 1507 3767 ad
1532 3688 1824 3769 deliberandum
1845 3707 1882 3767 et
1910 3690 2181 3766 dimittendum
2210 3688 2281 3793 ipsi

852 3800 1043 3911 lobanne,
1058 3846 1127 3924 pro
1148 3847 1218 3897 suo
1239 3796 1435 3912 dotalicio,
1453 3849 1514 3899 res
1527 3821 1774 3927 hereditarias
1789 3823 1876 3900 sitas
1891 3821 1991 3928 apud
2008 3819 2282 3899 Romaiu-Villo

855 3970 892 4029 et
911 3952 1135 4058 Boigneaus,
1158 3979 1255 4057 que,
1276 3966 1447 4057 tempore
1466 3950 1555 4030 dicti
1574 3953 1803 4031 matrimonii
1824 3953 2023 4041 contracti,
2047 3951 2186 4029 donate
2203 3950 2283 4029 fue-

814 4064 822 4081 ⁰
854 4100 938 4159 rant
956 4080 1082 4159 eidem
1103 4082 1233 4171 Petr0,
1253 4080 1463 4161 donacione
1484 4084 1716 4162 irrevocabili
1738 4083 1810 4161 sibi
1830 4083 1925 4161 facta
1944 4084 2044 4161 inter
2060 4083 2179 4173 nives,
2201 4111 2283 4160 om-

769 4266 782 4287 .
855 4216 992 4321 niaque
1011 4213 1111 4293 bona
1130 4214 1221 4291 dicti
1241 4214 1341 4293 Petri
1365 4216 1437 4293 'sibi
1461 4215 1684 4324 adjudicari,
1700 4216 1853 4293 racione
1872 4214 1964 4293 dicti
1981 4215 2155 4305 divorcii,
2173 4214 2282 4322 culpa

856 4347 945 4421 dicti
970 4348 1070 4423 Petri
1096 4348 1194 4424 inter
1219 4375 1284 4425 eos
1308 4346 1510 4436 celebrati3
1535 4348 1601 4455 qui
1625 4347 1838 4456 prepositus
1863 4348 1991 4427 omnia
2010 4347 2194 4454 predicta,
2215 4376 2283 4453 per

855 4475 992 4551 dictam
1011 4478 1222 4555 Johannam
1243 4478 1375 4583 petita,
1397 4479 1676 4558 sentencialiter
1690 4479 1874 4587 judicavit
1892 4480 2065 4557 sibi'esse
2084 4478 2282 4585 prestanda

855 4625 894 4683 et
912 4605 1098 4697 facienda,
1120 4624 1264 4714 partem
1284 4606 1478 4686 adversam
1503 4608 1542 4685 in
1561 4610 1758 4717 predictis,
1781 4640 1802 4688 a
1824 4609 1923 4690 dicta
1945 4610 2115 4687 Johanna
2135 4608 2278 4713 petitis,

855 4766 922 4842 per
946 4764 1056 4813 suum
1078 4737 1267 4845 judicium
1289 4737 1628 4845 condempnando;
1645 4771 1666 4819 a
1685 4770 1763 4848 quo
1775 4742 1967 4848 judicato,
1989 4758 2165 4845 tanquam
2188 4736 2280 4814 laiso

856 4884 893 4943 et
911 4894 1041 4973 pravo,
1065 4867 1111 4944 ad
1132 4883 1297 4944 nostram
1322 4868 1444 4945 extitit
1471 4870 1612 4949 curiam
1639 4872 1869 4981 appellatum
1891 4870 2069 4949 :eluditis
2085 4868 2215 4977 igitur,
2242 4868 2280 4943 in

855 5026 965 5073 causa
986 4996 1085 5075 dicte
1106 4998 1387 5104 appellacionis,
1416 5001 1852 5106 parcium2racionibus,
1878 5018 1917 5079 et
1941 5000 2028 5077 visis
2046 5026 2224 5105 processu
2244 5016 2282 5075 et

849 5127 1020 5235 judicato
1038 5130 1234 5236 predictis,
1262 5131 1350 5236 quia
1377 5119 1578 5213 inventum·
1591 5134 1665 5218 luit
1684 5134 1828 5213 dictum
1843 5132 2058 5239 judicatum
2079 5130 2122 5208 in
2146 5129 2280 5237 majori

852 5262 912 5338 sui
929 5278 1032 5369 parte
1052 5261 1186 5340 salsum
1208 5290 1287 5339 esse
1308 5279 1346 5339 et
1363 5293 1536 5371 pravum,
1558 5296 1627 5376 per
1648 5265 1751 5345 curie
1765 5280 1893 5343 nostre
1910 5262 2113 5370 judicium,
2135 5261 2280 5340 dictum

853 5393 926 5471 fuit
946 5410 985 5470 et
1002 5395 1311 5501 pronunciatum,
1332 5397 1533 5501 reprobato
1555 5399 1728 5506 judicato
1751 5394 1940 5502 predicto,
1970 5394 2075 5501 quod
2101 5393 2202 5471 dicta
2218 5395 2282 5471 Jo-

855 5526 977 5605 banna
1004 5527 1163 5607 habebit
1183 5542 1223 5604 'et
1248 5526 1318 5605 sibi
1343 5525 1524 5607 retinebit
1536 5530 1640 5607 bona
1663 5525 1873 5607 immobilia
1898 5524 2221 5631 etparafernalia,
2249 5528 2280 5603 si
