5817 7292
888 1126 962 1201 ἱι38
1475 1126 1565 1198 Lus
1589 1123 1730 1197 otttt.

665 1286 793 1338 eruum
806 1280 848 1341 Ν.
887 1275 961 1350 cias
981 1268 1184 1349 feudorum
1203 1287 1241 1347 et
1255 1266 1559 1346 retroseudorum
1579 1266 1843 1354 alienatorum,
1865 1263 2048 1344 hactenus
2065 1265 2206 1375 absque
2226 1298 2313 1349 nos·

725 1374 786 1415 m
887 1424 943 1482 tra
962 1403 1134 1496 licencia,
1153 1404 1192 1479 in
1211 1406 1289 1479 tola
1309 1399 1523 1478 senescalliu
1539 1398 1766 1477 Carcassone
1787 1412 1826 1473 et
1843 1395 2065 1491 Biterrensi,
2082 1416 2122 1477 et
2140 1400 2255 1477 eciam
2272 1404 2313 1478 in

888 1536 1104 1642 episcopatu
1118 1530 1344 1621 Lodovensi‚
1361 1558 1430 1635 pro
1441 1557 1495 1607 eo
1509 1529 1627 1605 eciam
1639 1527 1746 1634 quod
1760 1552 1895 1604 omnes
1908 1527 2047 1637 regalis
2061 1529 2154 1607 dicti
2173 1530 2317 1637 episco-

887 1682 995 1771 patus
1016 1660 1261 1749 lodovensis,
1285 1678 1324 1737 et
1343 1660 1472 1737 omnin
1490 1657 1751 1767 dependencia
1771 1687 1816 1735 ex
1834 1658 1995 1752 eisdem,
2012 1660 2063 1737 ad
2086 1684 2176 1748 nos,
2202 1678 2246 1738 ut
2268 1661 2316 1738 ed

888 1795 1120 1903 superiorem
1141 1792 1368 1901 principem,
1386 1789 1579 1899 pertinent
1597 1807 1636 1867 ct
1653 1789 1920 1897 pertinuerunt
1939 1788 2058 1867 eciam
2077 1790 2125 1868 rb
2145 1791 2312 1900 antiquo,

889 1942 927 2003 et
945 1927 1070 2004 adhuc
1084 1923 1273 2032 pertinent
1290 1940 1329 2001 et
1346 1921 1536 2030 pertinere
1556 1920 1713 2010 debent,
1731 1922 1818 2030 jure
1834 1938 1964 1999 nostro
1983 1922 2089 2030 regio
2108 1922 2312 2028 superiori,

889 2071 930 2131 et·
940 2056 1045 2164 quod
1063 2057 1103 2133 in
1119 2054 1250 2133 saisinn
1270 2055 1541 2161 premissorum
1556 2081 1628 2131 nos
1639 2070 1683 2130 et
1701 2051 1880 2131 officiales
1897 2053 2015 2130 nostri
2034 2051 2178 2131 luimus
2196 2071 2234 2131 et
2253 2084 2315 2132 su·

888 2214 973 2265 mus
997 2187 1115 2265 eciam
1144 2185 1190 2263 ab
1213 2185 1529 2293 cntiq1103quare
1554 2183 1703 2263 dicebat
1726 2201 1947 2293 procuretur
1970 2201 2098 2263 noster
2119 2184 2311 2291 predictus

889 2316 1066 2395 linancias
1077 2316 1263 2425 predictas
1275 2316 1315 2393 in
1327 2317 1546 2424 episcopatu
1559 2315 1747 2424 predicto,
1765 2315 1958 2395 occasione
1969 2314 2313 2423 premissorum,ed

889 2475 957 2527 uos
981 2464 1159 2555 tanquam
1180 2447 1413 2555 superiorem
1434 2448 1660 2555 principem,
1687 2449 1893 2555 pertinere,
1919 2466 1958 2525 et
1975 2474 2037 2524 ees
2055 2473 2122 2553 per
2147 2474 2216 2523 nos
2243 2472 2312 2523 seu

797 2658 807 2669 ,
890 2578 1069 2657 officiales
1095 2596 1243 2658 nostros
1262 2578 1376 2689 erigi,
1399 2577 1541 2686 percipi
1566 2596 1604 2656 et
1630 2578 1743 2656 levari
1765 2578 1922 2670 debere,
1946 2604 2089 2685 nosque
2112 2577 2152 2653 in
2179 2577 2312 2655 saisina

889 2709 1156 2816 premissorum
1185 2710 1392 2789 conservari
1424 2709 1566 2787 debere
1589 2727 1628 2788 et
1650 2710 1770 2789 eciam
1798 2738 2012 2798 remanere,
2037 2708 2147 2788 sicuti
2171 2708 2211 2784 in
2235 2708 2315 2784 aliis

888 2840 1059 2945 pertibus
1079 2840 1297 2919 senescallie
1315 2840 1523 2931 antedicte,
1547 2869 1625 2920 non
1647 2842 1884 2921 obstantibus
1900 2840 2094 2949 aliquibus
2115 2838 2315 2949 propositis

890 2997 933 3047 er
946 2971 1101 3049 adverso
1117 2971 1289 3050 :Auditis
1304 2970 1418 3080 igitur
1434 3000 1549 3079 super
1567 2972 1641 3049 boc
1660 2972 1771 3050 dictis
1783 2970 1971 3077 partibus,
1988 2989 2028 3049 et
2040 2972 2115 3049 viso
2128 2971 2313 3077 inquesta,

889 3130 1002 3209 super
1019 3104 1211 3209 premissis
1231 3103 1278 3181 de
1299 3104 1477 3181 mandato
1491 3120 1621 3181 nostro
1639 3102 1751 3194 lecte,
1773 3104 1862 3211 quia
1874 3120 2068 3211 repertum
2085 3118 2144 3179 est
2150 3102 2216 3209 jus
2231 3132 2318 3180 nos·

887 3249 989 3311 trum
1010 3260 1087 3311 non
1107 3231 1221 3311 fuisse
1241 3252 1490 3342 prosequtum
1508 3262 1634 3340 neque
1655 3232 1854 3311 defensum
1873 3231 2104 3311 sufficienter
2117 3232 2156 3307 in
2171 3232 2316 3337 predio-

888 3363 951 3452 tis,
969 3380 1170 3469 etpropter
1187 3362 1316 3469 plures
1339 3363 1431 3441 alios
1449 3363 1620 3441 defectus
1637 3379 1675 3440 et
1691 3363 1922 3469 suspiciones
1939 3362 2141 3469 legittimus
2157 3362 2196 3438 in
2211 3361 2313 3439 dicto

888 3518 1065 3597 processu
1088 3493 1270 3583 inventas,
1288 3521 1356 3600 per
1370 3493 1559 3601 judicium
1574 3493 1678 3571 curie
1697 3480 1842 3583 nosue,
1861 3492 1961 3571 dicta
1977 3492 2147 3599 inquesta
2167 3490 2239 3569 suit
2256 3509 2314 3569 to-

888 3622 1013 3701 taliter
1032 3622 1206 3701 anullsta.

943 3753 1073 3833 Martis
1092 3772 1177 3861 post
1193 3755 1455 3835 Reminiscere.

944 3884 1129 3965 Tbibotot
1149 3887 1360 3995 reportarit.

943 4146 1066 4225 XLVI.
1099 4147 1180 4227 lite
1201 4164 1331 4249 mota„
1343 4176 1470 4227 ocrem
1490 4166 1620 4227 nostro
1636 4149 1767 4257 judice
1780 4140 1999 4239 Biterrensi,
2019 4151 2237 4229 auctoritate
2258 4150 2316 4227 lit-

887 4292 1053 4359 temrum
1077 4297 1311 4369 nostrarum,
1341 4280 1441 4358 inter
1464 4280 1673 4387 capitulum
1702 4282 1932 4370 biterrense,
1959 4310 2003 4359 ex
2027 4300 2251 4390 pertenue,
2278 4298 2316 4361 et

887 4426 1168 4511 procuratorem
1185 4429 1358 4491 nostrum
1373 4411 1587 4490 senescallie
1601 4412 1919 4505 Cmcessonensis,
1937 4442 1982 4491 er
1996 4412 2126 4505 altera,
2141 4441 2314 4522 supereo

889 4538 992 4643 quod
1020 4539 1164 4619 dictum
1190 4541 1397 4647 capitulum
1423 4542 1572 4621 dicebat
1594 4542 1715 4651 quod,
1736 4543 1802 4622 lite
1827 4544 2167 4650 pendenteeoram
2185 4544 2312 4631 nobis,

888 4667 986 4745 inter
1009 4670 1180 4765 eosdem,
1201 4700 1315 4781 super
1333 4673 1468 4751 saisina
1484 4674 1558 4753 alte
1578 4673 1737 4753 etbssse
1748 4674 1899 4783 justicie
1911 4675 2063 4784 grangis
2085 4704 2152 4755 seu
2172 4674 2312 4755 locide

880 4800 1087 4892 'Amitacn
1103 4805 1298 4883 occasione
1315 4807 1565 4913 quarumdam
1583 4806 1772 4885 durarum
1791 4834 1859 4914 per
1876 4824 2007 4916 gentes
2021 4825 2165 4887 nocuas
2181 4824 2315 4885 erecta·

887 4960 973 5011 rum
989 4932 1028 5011 in
1047 4934 1148 5014 dicto
1168 4936 1270 5029 loco,
1292 4936 1339 5016 de
1359 4938 1500 5047 quihus
1516 4938 1662 5016 dictum
1681 4938 1889 5045 capitulum
1905 4940 2221 5048 conquerebatur,
2235 4968 2317 5050 pro

887 5082 1036 5143 curator
1055 5084 1183 5145 noster
1202 5068 1396 5175 quoddam
1414 5068 1596 5177 pilorium
1616 5071 1656 5148 in
1676 5071 1758 5177 ipso
1778 5071 1863 5149 loco
1886 5073 2128 5151 contensioso
2149 5072 2316 5151 erexerat

888 5194 935 5275 de
960 5223 1074 5286 novo,
1097 5228 1211 5306 quare
1230 5202 1383 5307 petebat
1401 5202 1547 5281 dictum
1565 5203 1772 5311 capitulum
1789 5204 2003 5311 predictum
2020 5203 2202 5312 pilorium
2216 5230 2314 5279 emo

886 5326 978 5418 veri,
1002 5348 1241 5435 procuratore
1267 5350 1416 5422 nostro,
1442 5334 1615 5441 pluribus
1640 5334 1872 5426 racionibus,
1897 5337 1937 5412 in
1961 5336 2190 5431 contrarium
2214 5360 2313 5412 asse·

888 5478 1010 5549 rente3
1032 5461 1154 5541 dictus
1168 5463 1302 5571 judex,
1320 5466 1471 5575 cognito
1493 5466 1542 5545 de
1562 5496 1672 5545 ceusu
1689 5468 1929 5575 hujusmodi,
1948 5466 2105 5546 absolvit
2124 5495 2191 5575 per
2206 5492 2312 5544 suam
