5817 7292
880 1140 949 1213 138
1457 1142 1547 1214 LES
1577 1140 1720 1215 OLIM.

648 1291 833 1357 anrrslv·
857 1256 1022 1359 racione
1042 1280 1142 1359 dicte
1161 1280 1321 1359 calceate
1342 1279 1503 1360 confessi
1523 1299 1627 1369 sunt,
1649 1280 1752 1359 curia
1772 1295 1898 1355 nostra
1918 1276 2193 1356 sentencialiter
2212 1307 2303 1357 con·

708 1385 772 1426 nu.
875 1413 1089 1520 dampnavit
1114 1413 1270 1491 cosdem
1289 1414 1517 1520 regalatores
1540 1414 1580 1489 in
1605 1412 1740 1491 ceteris
1762 1410 1931 1488 articulis
1951 1408 2155 1517 propositis
2176 1427 2304 1487 contra

874 1547 974 1651 ipsos
994 1574 1062 1651 per
1083 1545 1187 1623 idem
1201 1544 1389 1653 judicium
1411 1544 1652 1622 absolvendo.

929 1676 1081 1754 Sabbati
1102 1694 1188 1782 post
1206 1676 1441 1754 Nativitatem
1459 1677 1571 1753 beate
1589 1676 1721 1763 Marie,
1745 1702 1844 1751 anno
1865 1674 2133 1753 trecentesimo
2153 1692 2299 1780 quarto.

929 1940 1089 2019 XXXVI.
1121 1938 1217 2017 Cum
1244 1938 1447 2047 aquadam
1476 1939 1665 2015 sentencia
1692 1936 1971 2015 confirmatoria
1994 1938 2093 2014 iuter
2118 1936 2303 2015 Aalesiam

873 2072 1011 2147 dictam
1030 2071 1065 2148 la
1084 2071 1339 2159 Mareschale‚
1361 2100 1404 2148 ex
1427 2098 1501 2147 una
1521 2073 1642 2176 part'e,
1662 2086 1701 2146 et
1719 2070 1945 2148 Gaulridum
1968 2071 2143 2156 Scotum,
2167 2086 2206 2146 et
2223 2070 2304 2146 Ma·

744 2254 750 2267 ·
871 2204 986 2291 nam,
1013 2205 1093 2309 ejus
1113 2230 1290 2290 uxorem,
1316 2201 1415 2277 dicte
1438 2200 1584 2283 Aalesie
1609 2199 1745 2289 liliam,
1774 2229 1818 2277 ex
1841 2200 1978 2288 altera,
2002 2229 2116 2307 super
2137 2201 2300 2305 quadam

872 2335 986 2411 domo
1005 2334 1043 2409 in
1062 2362 1135 2440 qua
1152 2332 1242 2409 dicti
1260 2333 1439 2440 conjuges
1454 2332 1713 2421 morabantur,
1731 2359 1801 2438 per
1816 2331 1997 2409 ballivum
2015 2332 2179 2439 episcopi
2200 2331 2303 2407 Pari-

871 2466 1003 2541 siensis
1018 2464 1091 2541 lata
1104 2494 1172 2570 pro
1190 2464 1288 2541 dicta
1302 2464 1454 2571 Aalesya
1467 2480 1597 2542 contra
1608 2465 1787 2571 conjuges
1798 2464 2002 2569 predictos,
2021 2462 2090 2569 ipsi
2105 2462 2300 2570 conjuges,

871 2613 1049 2702 tanquam
1067 2626 1088 2671 a
1109 2595 1201 2674 falso
1221 2614 1258 2672 et
1277 2624 1389 2702 pravo
1403 2595 1662 2704 judicato,.ad
1680 2613 1846 2673 nostram
1864 2596 2005 2672 curiam
2027 2594 2301 2701 appellassent:

871 2726 1062 2816 Tandem,
1086 2726 1224 2803 auditis
1244 2728 1331 2804 hinc
1354 2728 1441 2803 inde
1461 2728 1630 2831 partibus
1655 2727 1873 2816 antedictis,
1898 2744 1935 2804 et
1958 2727 2043 2803 visis
2065 2726 2304 2831 processibus

872 2859 970 2935 dicte
988 2884 1097 2934 cause
1122 2873 1159 2934 et
1174 2857 1344 2964 judicato
1361 2858 1552 2964 predicto,
1574 2858 1850 2964 perjudicium
1871 2875 1999 2936 nostre
2019 2858 2140 2947 curie,
2159 2857 2303 2957 dictum

871 2989 941 3065 suit
960 2990 1060 3065 bene
1072 2987 1285 3095 judicatum
1306 2989 1442 3079 luisse,
1467 3006 1504 3067 et
1518 2989 1616 3067 male
1633 2989 1878 3096 appellatum.

928 3120 1079 3199 Sabbati
1103 3138 1186 3197 ante
1208 3121 1443 3199 Nativitatem
1462 3119 1571 3197 beate
1592 3122 1725 3210 Maria,
1748 3150 1848 3199 anuo
1868 3123 2138 3199 trecentesimo
2156 3137 2301 3226 quarto.

927 3384 1101 3462 XXXVII.
1133 3385 1307 3489 Inquesta
1327 3384 1425 3460 inter
1449 3384 1654 3489 Templum
1675 3399 1714 3459 et
1732 3382 1938 3489 armigeros
1962 3382 2008 3459 de
2032 3384 2192 3489 Pacyaco
2216 3384 2302 3459 refi-

872 3516 1000 3593 cienda
1022 3532 1078 3592 est
1098 3532 1135 3593 et
1154 3515 1339 3592 mittenda
1359 3514 1535 3592 auditori.
1916 3512 1919 3517 ’

930 3650 977 3725 Μ,
999 3647 1224 3753 Pasquerius
1243 3646 1455 3752 reportavit.

928 3911 1116 3989 XXXVIII.
1149 3911 1245 3987 Cum
1257 3910 1574 3986 interlabannem
1585 3909 1785 3997 Chochon,
1802 3927 1838 3986 et
1849 3926 2035 3986 rectorem
2047 3909 2302 3987 Universitatis

873 4042 1101 4119 scholarium
1117 4042 1401 4133 Parisiensium,
1426 4071 1470 4118 cx
1489 4071 1566 4119 uua
1584 4059 1706 4148 parte,
1730 4058 1769 4118 et
1783 4042 1963 4150 majorem
1984 4042 2072 4118 ville
2088 4044 2298 4135 Pontisare,

873 4206 915 4251 ex
932 4175 1017 4264 alia,
1037 4192 1134 4255 esset
1154 4192 1234 4252 orta
1250 4175 1399 4282 questio
1419 4204 1535 4282 super
1556 4174 1724 4280 eoquod
1744 4173 1835 4250 dicti
1851 4173 2039 4250 lohannes
2056 4192 2093 4250 et
2108 4192 2231 4251 rector
2248 4175 2302 4252 di·

873 4309 1006 4383 cebant
1017 4306 1139 4411 quod,
1156 4308 1193 4381 in
1207 4308 1383 4415 injuriam
1398 4324 1434 4384 et
1445 4307 1654 4412 dampnum
1668 4306 1757 4382 dicti
1770 4306 1970 4395 lobannis,
1984 4306 2178 4383 existentis
2188 4307 2302 4382 scola·

873 4465 951 4512 rom
968 4438 1231 4526 Parisiensem,
1249 4458 1286 4514 ct
1299 4441 1338 4515 in
1351 4440 1604 4547 prejudicium
1618 4439 1901 4546 privilegiorum
1918 4440 2016 4516 dicte
2027 4439 2299 4523 Universitatis,

874 4568 975 4643 idem
1000 4569 1119 4674 major
1136 4566 1236 4645 bona
1258 4570 1347 4647 dicti
1367 4572 1548 4649 Iohannis
1574 4572 1715 4649 venalia
1736 4589 1980 4678 exposuerat,
2002 4588 2040 4647 et
2064 4572 2166 4687 idem
2188 4600 2303 4675 super

875 4699 946 4774 boc
968 4698 1144 4774 intulerat
1161 4698 1280 4774 multa
1300 4701 1480 4805 dampna3
1507 4703 1670 4809 ideoque
1685 4704 1867 4810 petebant
1881 4703 2043 4779 revocari
2061 4720 2098 4778 et
2113 4701 2298 4777 retractari

873 4828 1055 4934 quicquid
1077 4828 1201 4905 dictus
1220 4831 1341 4937 major
1360 4860 1474 4937 super
1489 4833 1563 4909 hoc
1582 4832 1739 4921 lecerat,
1762 4853 1802 4911 et
1821 4852 1939 4910 certas
1956 4832 2114 4939 pecunie
2135 4859 2300 4907 summas

873 4960 1017 5035 eisdem
1031 4959 1193 5036 Iohanni
1208 4977 1246 5037 et
1259 4963 1395 5039 rectori
1410 4964 1569 5071 persolvi
1589 4984 1627 5042 et
1641 4966 1749 5043 reddi
1764 4995 1784 5041 a
1800 4964 1901 5041 dicto
1914 4962 2073 5069 majore,
2088 4990 2157 5066 pro
2171 4960 2300 5066 damp
2424 5059 2429 5068 .

872 5092 929 5167 nis
952 5110 989 5169 et
1010 5092 1156 5199 injuriis
1176 5094 1416 5199 supradictis,
1440 5113 1477 5173 et
1501 5117 1669 5175 econtra
1694 5098 1816 5173 dictus
1839 5096 1968 5201 major,
1990 5092 2166 5200 pluribus
2183 5093 2301 5169 racio-

873 5224 983 5301 nibus
1008 5252 1225 5331 proponens
1249 5254 1287 5303 se
1313 5227 1413 5304 licite
1440 5246 1478 5305 et
1499 5231 1602 5336 juste
1627 5228 1757 5305 secisse
1782 5226 1964 5332 quicquid
1991 5225 2068 5330 ipse
2096 5224 2234 5301 lecerat
2260 5225 2299 5298 in

873 5357 1066 5463 predictis,
1094 5373 1240 5465 peteret
1263 5386 1301 5434 se
1326 5359 1469 5437 absolvi
1495 5389 1515 5436 a
1539 5360 1718 5467 predictis
1740 5373 1869 5433 contra
1892 5356 2016 5462 ipsum
2037 5356 2239 5463 propositis
2263 5374 2301 5431 et

872 5490 1019 5593 petitis:
1035 5488 1221 5578 Tandem,
1238 5489 1434 5567 antedictis
1449 5492 1637 5567 hincinde
1652 5488 1821 5593 partibus
1836 5487 1991 5577 auditis,
2008 5505 2046 5565 et
2056 5489 2143 5566 visis
2155 5516 2300 5594 proces-
