5817 7292
1009 1224 1011 1227 Ι
1046 1111 1316 1219 anusrss
1339 1127 1405 1198 ur
1432 1109 1638 1200 esoces.
1979 1127 2052 1199 sis

632 1303 720 1351 vum
742 1272 833 1350 dicti
858 1269 1023 1376 episcopi
1045 1269 1261 1376 appellatio
1283 1268 1349 1374 qui
1371 1265 1532 1344 ballivus
1551 1267 1810 1376 cognicioncm
1836 1268 2054 1346 etdccisio-
2093 1275 2223 1328 Puuvrz
2238 1275 2279 1336 Ν,

632 1403 834 1482 nem-dicte
847 1430 957 1480 cause
972 1400 1237 1507 appellucionis
1249 1417 1343 1478 tunc
1355 1398 1505 1476 Nicolao
1520 1397 1554 1474 le
1568 1399 1750 1475 Porteeur
1764 1399 1970 1490 commisit3
1988 1402 2053 1506 qui
2156 1366 2217 1409 Μ’

632 1534 928 1626 commissarius,
938 1561 1008 1640 per
1014 1533 1205 1640 judicium
1215 1561 1346 1620 suurn,
1362 1530 1522 1636 predicti
1535 1529 1714 1637 prepositi
1720 1528 1906 1637 judicium
1919 1529 2055 1607 confir-

633 1667 765 1756 mavit,
787 1666 934 1742 diomm
946 1664 1153 1742 Macistum
1166 1662 1267 1740 male
1284 1661 1489 1769 appellasse
1508 1661 1808 1767 pronunciendm
1825 1687 1845 1738 e
1863 1687 1941 1768 quo
1952 1661 2056 1768 judi-

633 1816 736 1884 cato,
759 1815 953 1903 tamquam
973 1825 993 1872 a
1012 1794 1105 1872 falso
1125 1813 1164 1872 et
1181 1822 1309 1901 pravo,
1332 1794 1454 1871 dictus
1473 1793 1656 1872 Muciotus
1679 1791 1819 1870 iterum
1839 1791 1886 1868 nd
1912 1791 2053 1870 dictum

633 1927 814 2006 ballivum
829 1927 993 2032 episcopi
1012 1925 1227 2033 appellavit3
1246 1926 1312 2031 qui
1327 1924 1486 2002 ballivus
1504 1924 1636 2002 iterato
1656 1921 1915 2028 cognicionem
1934 1940 1972 1998 et
1991 1924 2056 2000 de·

634 2061 816 2138 cisionem
836 2057 936 2136 dicte
961 2055 1228 2162 appellucionis
1253 2083 1362 2132 ceusc
1382 2054 1567 2133 G'aufrido
1590 2055 1639 2131 dc
1662 2051 1823 2132 Nitrinco
1847 2053 2052 2144 commisit,

633 2191 698 2294 qui
718 2186 939 2278 Gauii-idus,
962 2215 1031 2292 per
1048 2186 1238 2294 judicium
1259 2213 1389 2274 suum,
1411 2183 1671 2290 pronunciavit
1690 2182 1834 2260 dictum
1853 2184 2053 2260 Meciotum

632 2321 731 2398 bene
752 2318 977 2427 appellasse,
1001 2335 1041 2396 st
1055 2318 1223 2426 judicata
1248 2318 1416 2424 predicta
1439 2317 1629 2394 dictorum
1649 2314 1828 2423 prepositi
1851 2332 1889 2392 et
1907 2315 2056 2423 Nicolsy

633 2449 852 2541 infirmavit;
870 2479 891 2526 a
909 2479 987 2556 quo
998 2448 1187 2556 judicato,
1203 2466 1397 2556 tamquam
1416 2477 1437 2524 a
1459 2447 1553 2526 falso
1569 2464 1607 2524 ct
1621 2475 1749 2552 pravo,
1773 2445 1897 2524 dictus
1917 2445 2057 2525 Gonte·

632 2583 712 2658 rius
730 2581 780 2657 ad
797 2597 963 2657 nostram
983 2581 1126 2657 curiam
1145 2578 1345 2685 appellavit
1365 2612 1374 2656 ε
1395 2578 1493 2657 Visis
1512 2578 1627 2684 igitur
1641 2577 1876 2683 processibus
1889 2579 2057 2654 antedic-

633 2713 698 2798 tis,
716 2711 907 2788 etauditis
918 2711 1135 2788 racionibus
1149 2710 1318 2815 parcium
1330 2709 1604 2816 predictorum,
1621 2735 1688 2812 per
1701 2707 1802 2785 curie
1818 2725 1945 2784 nostre
1953 2709 2054 2814 judi·

635 2841 755 2930 cium,
776 2840 920 2917 dictum
943 2840 1018 2916 fuit
1041 2840 1186 2916 dictum
1203 2838 1429 2918 Geulridum
1450 2836 1548 2913 male
1570 2837 1759 2943 judicasse
1784 2855 1823 2914 et
1845 2837 2056 2942 predictum

635 2967 861 3048 Gonterium
884 2971 982 3048 bene
1007 2970 1228 3077 appellnsse3
1255 2987 1294 3046 et
1318 2968 1510 3075 peridem
1529 2967 1716 3074 judicium
1739 2965 1959 3046 confiunete
1980 2966 2059 3045 lue·

634 3117 726 3176 runt
737 3101 837 3178 (licta
850 3100 1018 3209 judicate
1035 3102 1216 3208 prepositi
1232 3118 1271 3178 et
1287 3100 1438 3208 Nicolny
1451 3100 1719 3205 predictorum.

691 3229 741 3306 Μ.
763 3232 807 3306 R.
829 3229 878 3306 de
896 3229 1082 3309 Thibotot
1100 3231 1313 3336 reportavit.

690 3492 782 3566 LXI.
812 3491 948 3568 Coram
968 3490 1107 3568 ballivo
1125 3491 1348 3569 Bituricensi
1368 3491 1565 3598 proposuit
1579 3507 1798 3596 procurator
1817 3507 1955 3580 noster,
1977 3517 2061 3568 con-

634 3639 690 3697 tra
709 3621 883 3698 abbatem
905 3637 944 3697 et
960 3638 1184 3699 conventum
1208 3622 1256 3698 dc
1276 3621 1573 3728 burgo-Dolensi
1595 3638 1633 3698 et
1653 3649 1784 3698 comm
1802 3639 2059 3727 preceptorem

636 3749 925 3859 Sancti-Hylarii‚
936 3752 1041 3857 quod
1054 3752 1209 3856 quidam
1224 3751 1398 3862 rnonacbi
1420 3753 1519 3828 dicte
1540 3751 1710 3842 abbacie,
1728 3767 1860 3828 euntes
1875 3753 2003 3827 armati
2024 3770 2060 3829 ct

636 3907 723 3956 cum
750 3881 922 3970 ensibus,
947 3881 1059 3958 clavis
1079 3899 1118 3958 ct
1141 3881 1302 3971 baculis,
1325 3882 1375 3958 de
1397 3899 1575 3988 precepto
1600 3899 1638 3957 ct
1659 3880 1849 3958 voluntate
1874 3880 2059 3958 dictorum

622 4007 783 4090 *abbatis
804 4027 844 4088 ct
861 4028 1070 4090 conventus
1088 4040 1131 4088 ac
1150 4012 1396 4118 preceptoris,
1414 4041 1489 4088 una
1505 4039 1591 4088 cum
1606 4009 1758 4118 Nicolso
1775 4010 1877 4086 dicto
1891 4009 1927 4086 le
1943 4013 2057 4102 Beue,

637 4143 820 4218 serviente
845 4159 993 4231 nostro,
1016 4141 1268 4219 veneruntad
1291 4143 1494 4249 quemdum
1516 4141 1641 4219 locum
1662 4140 1777 4219 situm
1803 4141 1842 4217 in
1863 4142 2061 4246 pnrrocbie

637 4272 686 4349 de
706 4270 742 4347 la
764 4273 1030 4364 Bsctonniere,
1053 4301 1162 4351 causa
1187 4273 1335 4350 levandi
1361 4291 1400 4351 et
1424 4273 1654 4380 percipiendi
1680 4272 1863 4350 decimam
1892 4272 1931 4348 in
1959 4271 2060 4351 dicto

637 4401 742 4488 loco,
755 4429 843 4478 cum
854 4419 980 4478 umen
993 4430 1107 4508 super
1120 4404 1359 4510 possessione
1374 4401 1607 4510 percipiendi
1622 4402 1758 4480 dictum
1771 4401 1956 4479 decimam
1972 4421 2060 4480 tunc

638 4549 737 4610 esset
758 4531 937 4609 debatum
958 4533 1056 4610 inter
1076 4535 1196 4640 ipsos,
1221 4565 1265 4612 ex
1281 4563 1361 4614 une
1376 4553 1500 4643 parte,
1524 4550 1562 4612 et
1579 4531 1752 4614 abbatem
1775 4553 1812 4611 et
1834 4551 2059 4613 conventum

638 4663 908 4772 blaciacensem
937 4691 1147 4770 conumque
1167 4667 1331 4771 priorem
1359 4668 1408 4744 de
1433 4665 1678 4746 Bretonnerie
1704 4682 1743 4742 et
1766 4682 1935 4745 curatum
1965 4667 2061 4773 ejus·

639 4794 727 4870 dem
747 4791 838 4885 loci,
853 4821 898 4870 ex
911 4793 1041 4884 ultera,
1057 4797 1121 4903 qni
1136 4798 1241 4904 prior
1253 4815 1293 4875 et
1307 4816 1457 4878 curatus
1471 4827 1513 4874 nc
1528 4813 1749 4904 procurator
1764 4795 1908 4874 abbatis
1923 4814 1961 4873 et
1975 4825 2061 4876 con·

522 4959 526 4962 ·
638 4940 772 5002 ventus
782 4925 1039 5030 predictorum
1060 4929 1345 5009 Muciaoensium
1357 4946 1448 5007 tunc
1469 4945 1574 5006 erant
1587 4929 1626 5004 in
1642 4928 1744 5006 dicto
1765 4926 1865 5018 loco,
1883 4955 1957 5006 una
1972 4954 2059 5006 curn

640 5055 805 5162 Symone
819 5057 923 5135 dicto
942 5057 1053 5151 Duri,
1075 5061 1258 5138 serviente
1280 5078 1425 5149 nostro,
1448 5061 1591 5138 endem
1613 5059 1794 5164 deputato
1812 5058 1860 5134 ud
1877 5059 2061 5138 tenendos

639 5186 743 5291 ipsos
763 5187 802 5262 in
826 5188 907 5264 suis
920 5187 1037 5296 justis
1056 5191 1358 5297 possessionibus
1379 5210 1417 5270 et
1440 5221 1461 5268 a
1485 5191 1677 5270 violenciis
1700 5205 1738 5265 et
1757 5189 2061 5296 oppressionibus

641 5315 937 5411 deffendendum
961 5349 1124 5428 cumque
1149 5323 1309 5432 utreque.
1334 5340 1420 5431 pert
1445 5323 1565 5400 levare
1594 5340 1632 5400 et
1655 5320 1847 5428 percipere
1877 5321 2061 5397 niteretur
2144 5335 2151 5348 “

643 5445 825 5524 decimam
840 5450 889 5527 de
901 5451 986 5531 loco
996 5453 1186 5559 predicto,
1199 5455 1323 5533 dictus
1340 5455 1497 5564 Symon,
1515 5472 1669 5560 propter
1681 5451 1859 5528 totamm
1873 5449 2060 5553 parcium,

1884 5607 1934 5670 lvo.
