5817 7292
923 1085 997 1161 658
1499 1074 1586 1149 LES
1621 1073 1762 1149 otlta.

698 1240 826 1293 Psurrrc
839 1240 884 1303 lv.
922 1250 1088 1303 asserens
1099 1222 1221 1299 dictus
1231 1234 1449 1325 procurator
1460 1244 1592 1295 omnes
1603 1205 1873 1295 mercatoresin
1883 1207 1985 1287 dicto
1994 1226 2161 1287 mercato
2175 1230 2343 1291 ementes

759 1330 822 1373 1³11.

923 1374 963 1433 et
974 1353 1177 1433 vendentes
1191 1378 1270 1429 esso
1285 1369 1322 1427 et
1335 1348 1449 1427 fuisse
1460 1376 1608 1454 semper
1616 1347 1776 1431 francos,
1791 1339 1933 1417 liberos
1943 1356 1982 1417 et
1992 1341 2167 1419 inmunes
2181 1342 2226 1418 ab
2236 1346 2340 1421 omni

922 1502 1108 1573 costuma,
1130 1482 1309 1559 solvendo
1328 1479 1439 1558 nobis
1458 1497 1497 1556 et
1513 1479 1687 1584 episcopo
1707 1470 1968 1551 Aurelianensi
1982 1489 2121 1551 certam
2137 1491 2343 1553 costumam

920 1615 1031 1695 nobis
1047 1633 1084 1692 et
1096 1609 1239 1720 prefato
1255 1612 1429 1717 episcopo
1443 1609 1489 1686 ab
1505 1610 1657 1715 antiquo
1672 1603 1836 1683 debitam
1853 1618 1891 1677 et
1904 1630 1974 1707 per
1984 1622 2115 1710 gentes
2127 1623 2273 1683 nostras
2284 1606 2343 1683 rel

921 1747 1010 1824 dicti
1032 1743 1195 1849 episcopi
1215 1741 1326 1819 levari
1348 1756 1582 1828 consuetam,
1604 1765 1749 1845 nosque
1769 1760 1850 1810 esse
1869 1750 1907 1810 et
1925 1732 2039 1811 tuisse
2058 1762 2207 1841 semper
2220 1736 2262 1813 in
2275 1736 2345 1814 sai-

921 1878 1001 1955 sina
1015 1874 1166 1954 tenendi
1177 1891 1214 1949 et
1225 1871 1421 1981 gardiandi
1430 1899 1565 1949 omnes
1574 1885 1815 1954 mercatores,
1829 1882 2045 1943 ementeset
2055 1866 2259 1945 vendentes
2266 1867 2345 1943 ani-

922 2007 1030 2085 malia
1050 2006 1091 2083 in
1109 2022 1272 2083 mercato
1291 2002 1476 2109 predicto,
1497 2001 1641 2079 francos
1661 2016 1700 2077 et
1717 1997 1858 2075 liberos
1875 1995 1923 2073 ab
1943 1997 2047 2073 omni
2067 1996 2140 2074 alia
2159 2015 2340 2088 costuma3

921 2166 1035 2244 quare
1048 2134 1198 2243 petebat
1205 2150 1424 2239 procurator
1435 2131 1627 2237 predictus
1640 2129 1820 2209 declarari
1835 2132 1936 2237 ipsos
1949 2144 2172 2206 mercatores
2184 2128 2224 2204 in
2240 2128 2341 2206 dicto

922 2284 1086 2345 mercato
1107 2280 1273 2343 ementes
1290 2262 1463 2340 animalia
1484 2261 1543 2339 vel
1562 2263 1782 2352 vendentes,
1807 2261 1961 2338 francos·
1973 2286 2052 2335 esse
2070 2256 2206 2335 liberm
2224 2273 2264 2334 et
2282 2258 2341 2335 in—

922 2425 1054 2475 munes
1076 2397 1122 2474 ab
1142 2393 1243 2473 omni
1264 2411 1447 2483 costuma,
1470 2391 1647 2469 solvendo
1669 2388 2341 2496 costumam,utp1emittitur,nobis

879 2600 882 2605 .
923 2547 961 2605 et
980 2528 1155 2634 episcopo
1174 2523 1316 2631 prefato
1336 2522 1517 2610 debitam,
1536 2540 1573 2600 et
1591 2522 1695 2629 quod
1714 2542 1880 2601 costuma
1898 2548 2012 2628 quam
2031 2518 2274 2598 dictusmiies
2291 2519 2342 2599 le·

923 2689 1007 2738 vare
1025 2689 1044 2735 a
1064 2655 1349 2744 mercatoribus,
1370 2655 1410 2731 in
1427 2654 1597 2760 predicto
1612 2673 1775 2733 mercato
1790 2653 1962 2732 animalia
1978 2650 2190 2729 ementibus
2205 2667 2243 2729 et
2259 2672 2344 2729 ven·

924 2789 1099 2869 dentibus
1119 2788 1317 2877 nitebatur,
1335 2786 1485 2864 caderet
1502 2786 1668 2876 omnino,
1685 2804 1723 2863 et
1736 2786 1842 2893 quod
1859 2787 1938 2893 ipse
1952 2782 2245 2889 compelleretur
2257 2764 2344 2860 red-

924 2922 1014 3000 dere
1035 2918 1165 3026 viginti
1191 2917 1304 2995 libras
1323 2916 1380 2993 vel
1400 2917 1496 2994 circa
1520 2945 1613 3023 quas
1631 2916 1712 3023 ipse
1731 2916 1864 2994 levavit
1881 2946 1902 2993 a
1924 2915 2035 2993 dictis
2054 2914 2341 3002 mercatoribus,

923 3052 1117 3133 occasione
1127 3049 1308 3155 predicta,
1325 3046 1506 3126 aduohus
1519 3048 1741 3125 annis-citra.
1753 3050 1846 3125 Item
1860 3047 1965 3154 quod
1973 3064 2136 3123 cessaret
2143 3046 2342 3151 impedire,

923 3182 1074 3263 barbare
1089 3209 1157 3259 seu
1167 3178 1374 3287 inquietare
1389 3194 1616 3255 mercatores
1629 3178 1819 3283 predictos
1832 3177 1995 3255 indictis
2007 3175 2179 3254 libertate
2194 3193 2232 3253 et
2244 3176 2345 3254 sran-

924 3313 1039 3391 chisia
1061 3311 1138 3389 suis
1158 3326 1195 3386 et
1213 3336 1281 3387 nos
1301 3308 1340 3385 in
1357 3306 1493 3385 saisina
1514 3324 1640 3385 nostra
1663 3309 1845 3414 predicta,
1867 3308 1967 3385 dicto
1986 3306 2105 3385 milite
2124 3335 2167 3383 ex
2187 3308 2341 3385 adverso

923 3442 1072 3519 dicente
1092 3466 1131 3517 se
1153 3455 1190 3514 et
1210 3463 1298 3514 suos
1317 3436 1599 3542 predecessores
1619 3466 1699 3514 esse
1723 3456 1761 3515 et
1778 3438 1892 3517 fuisse
1910 3438 1948 3514 in
1967 3436 2098 3513 saisina
2117 3436 2280 3513 habendi
2300 3454 2342 3515 et

922 3567 1069 3647 levandi
1095 3583 1233 3643 certam
1253 3582 1462 3645 costumam
1481 3595 1501 3641 a
1519 3568 1792 3646 mercatoribus
1811 3569 1859 3645 de
1879 3584 1977 3646 extra
1995 3566 2246 3672 episcopatum
2262 3565 2342 3644 Au-

921 3698 1172 3777 relianensem
1193 3697 1441 3787 venientibus,
1461 3698 1674 3775 ementibus
1689 3716 1729 3778 et
1742 3698 1991 3777 vendentibus
2004 3698 2044 3774 in
2059 3696 2229 3804 predicto
2244 3725 2344 3774 mer-

923 3848 1003 3909 cato
1024 3828 1211 3919 animalia,
1232 3857 1301 3934 per
1319 3845 1463 3905 tantum
1480 3830 1660 3935 temporis
1679 3831 1784 3938 quod
1802 3829 1941 3907 sufficit
1959 3828 2008 3908 ad
2022 3829 2086 3937 jus
2104 3828 2238 3907 saisine
2251 3858 2345 3936 que-

922 3960 1055 4051 rende;
1082 3987 1199 4065 quare
1222 3958 1373 4063 petebat
1403 3960 1504 4036 idem
1538 3960 1647 4039 miles
1670 3962 1940 4050 turbationem,
1968 3959 2280 4065 impedimentum
2306 3977 2345 4037 et

922 4117 1074 4169 manum
1088 4106 1251 4167 nostram
1261 4090 1300 4166 in
1315 4090 1413 4167 dicta
1427 4091 1562 4168 saisina
1578 4093 1764 4199 appositos
1776 4122 1844 4199 per
1857 4110 1989 4200 gentes
1999 4108 2145 4168 nostras
2157 4088 2340 4179 indebite,

923 4237 966 4297 ut
985 4219 1147 4309 dicebat,
1165 4220 1325 4297 amoveri
1340 4237 1379 4297 et
1392 4222 1559 4326 permitti
1573 4224 1698 4328 ipsum
1716 4223 1835 4301 libere
1849 4252 1916 4300 sua
1929 4222 2097 4329 predicta
2109 4220 2242 4298 saisina
2254 4249 2344 4328 gau-

922 4348 1029 4439 dere3
1050 4349 1201 4427 tandem
1220 4351 1432 4457 prepositus
1448 4353 1654 4458 predictus,
1675 4354 1812 4431 auditis
1826 4354 2037 4432 racionibus
2054 4352 2142 4429 hinc
2157 4352 2247 4430 inde
2262 4380 2344 4456 pro

922 4479 1066 4584 positis,
1101 4480 1261 4587 visisque
1294 4507 1336 4555 ac
1362 4480 1562 4589 diiigenter
1586 4484 1760 4588 inspectis
1786 4483 2089 4590 deposicionibus
2116 4483 2270 4561 testium
2296 4482 2342 4559 ab

923 4626 1081 4718 utraque
1099 4628 1203 4715 parte
1218 4639 1331 4716 super
1349 4612 1425 4689 hoc
1437 4613 1710 4719 productorum
1724 4644 1836 4721 super
1851 4616 2060 4721 premissis,
2075 4615 2257 4723 judicavit
2270 4613 2342 4690 dic-

923 4757 1000 4817 tam
1008 4758 1304 4846 costumam,per
1316 4742 1457 4820 dictum
1465 4743 1625 4822 militem
1637 4734 2340 4852 aliquandiulevatam,debereomnino

923 4871 1065 4962 cadere,
1082 4888 1118 4947 et
1128 4889 1364 4965 mercatores,
1379 4875 1531 4953 indicto
1546 4895 1709 4955 mercato
1720 4895 1889 4955 ementes
1898 4877 2072 4955 animalia
2081 4876 2337 4964 etvendentes,

921 4999 1065 5079 francos
1081 5030 1193 5108 super
1207 5003 1279 5081 hoc
1293 5022 1332 5083 et
1346 5006 1485 5085 liberos
1495 5036 1709 5101 remanere;
1725 5038 1744 5086 a
1759 5038 1835 5117 quo
1845 5010 2230 5117 judicato,·tamquam
2245 5004 2341 5083 falso

922 5148 960 5209 et
982 5160 1105 5237 pravo,
1133 5134 1256 5215 dictus
1276 5138 1384 5215 miles
1409 5138 1458 5216 ad
1479 5136 1658 5219 ballivum
1677 5140 1980 5220 aurelianensem
2002 5140 2215 5249 appellarim
2236 5137 2342 5245 quod

917 5261 1127 5369 judicatum
1152 5256 1392 5370 postmodum
1419 5269 1521 5347 idem
1546 5272 1702 5350 ballivus
1730 5273 1976 5364 continuatim
1996 5302 2023 5349 a
2036 5299 2121 5379 -qua
2144 5268 2342 5349 confima-

922 5394 1044 5485 cione,
1066 5414 1259 5505 tamqnam
1280 5396 1368 5475 salsa
1388 5417 1426 5475 et
1443 5427 1568 5505 prava,
1588 5403 1910 5510 anilemprediatus
1929 5404 2096 5483 sectrndo
2109 5402 2162 5479 ad
2177 5417 2343 5480 nostram
