5817 7292
900 1092 972 1165 558
1478 1088 1569 1159 Les
1599 1087 1738 1161 OLIM.

673 1244 802 1297 Pinum
814 1242 859 1303 tv,
896 1230 1124 1309 tellanorum
1139 1262 1149 1306 ε
1164 1231 1355 1335 lnquesta,
1373 1229 1422 1306 de
1438 1229 1614 1307 mandato
1628 1243 1773 1316 nostro,
1794 1255 1907 1333 super
1921 1228 1996 1307 hoc
2009 1228 2106 1309 lacta
2119 1233 2247 1311 visset
2263 1237 2324 1315 di·

734 1332 797 1376 ¹³¹⁰'
897 1362 1056 1470 ligentur
1080 1360 1305 1448 examinata,
1329 1361 1417 1467 quia
1440 1359 1642 1467 probatum
1668 1376 1726 1437 est
1744 1358 1974 1438 sufficienter
1993 1361 2117 1469 quod,
2138 1364 2232 1443 durn
2250 1367 2323 1473 ipsi

897 1492 1086 1572 castellani
1107 1492 1292 1597 cepissent
1305 1492 1496 1597 quendam
1514 1508 1685 1569 vocatum
1703 1490 1738 1567 le
1757 1493 1877 1582 Rons,
1892 1490 2094 1573 bannitum
2112 1522 2182 1599 per
2193 1514 2327 1603 gentes

898 1640 1043 1705 nostras
1058 1641 1096 1701 et
1109 1652 1224 1729 quem
1238 1621 1307 1727 ipsi
1319 1620 1625 1727 insequebantur,
1639 1648 1709 1725 pro
1721 1620 1822 1699 furto
1837 1621 2035 1729 cujusdam
2042 1624 2228 1731 jumenti,
2241 1656 2330 1735 gen·

898 1774 955 1834 tes
971 1752 1297 1833 Sancti-Gelmerii
1316 1780 1402 1829 eum
1420 1752 1586 1857 quodam
1602 1780 1720 1831 cornu
1734 1752 1980 1833 tubicinando
1994 1784 2084 1835 oum
2097 1758 2212 1835 armis
2227 1759 2329 1837 inva-

899 1904 1029 1965 serunt
1044 1885 1163 1963 dictos
1179 1881 1400 1961 castellanos
1414 1882 1632 1972 clamantes,
1651 1882 1889 1976 =Salebrase,
1906 1886 1980 1963 nisi
1990 1886 2105 1967 istum
2122 1887 2325 1982 dimiseris,

899 2016 1112 2121 percueiam
1122 2030 1159 2092 te
1173 2012 1220 2095 de
1231 2014 1302 2089 isto
1317 2039 1404 2089 ense
1415 2040 1538 2118 usque
1549 2012 1597 2089 ad
1608 2012 1756 2103 dentes,
1773 2052 1785 2082 ν
1800 2012 2030 2121 quibusnou
2043 2020 2227 2109 conteuti,
2240 2020 2329 2099 licet

901 2147 1024 2223 dictus
1043 2142 1266 2223 castellanus
1285 2141 1476 2220 inhiberet
1491 2142 1650 2230 eisdem,
1672 2172 1716 2221 ex
1730 2161 1837 2249 parte
1851 2162 1994 2234 nostra,
2010 2175 2060 2224 ne
2079 2175 2144 2225 eos
2162 2150 2325 2256 impedi-

900 2293 985 2355 rent
1014 2277 1052 2353 in
1081 2273 1256 2379 capcione
1282 2272 1464 2377 predicta,
1493 2273 1636 2351 dictum
1659 2272 1941 2355 malefactorem
1964 2296 2246 2357 resoonssernnt
2268 2283 2326 2359 ei-

902 2410 1008 2497 dem,
1031 2425 1075 2485 et
1089 2434 1209 2483 unum
1230 2403 1277 2481 de
1298 2404 1376 2483 suis
1395 2403 1615 2511 sequacibus
1637 2405 1813 2484 atrociter
1830 2406 2090 2496 vulnerarunt,
2117 2437 2183 2488 eos
2200 2410 2327 2489 taliter

900 2540 1164 2645 impugnantes
1179 2534 1299 2642 qnod,
1316 2535 1455 2612 timore
1471 2535 1620 2624 mortis,
1637 2536 1684 2612 ad
1702 2535 1897 2615 ecclesiam
1910 2537 2174 2647 confugerunt,
2189 2544 2326 2621 amotis

902 2668 971 2745 sibi
995 2686 1032 2745 et
1051 2666 1300 2745 servientibus
1321 2666 1387 2772 qui
1408 2695 1495 2743 cnm
1516 2666 1571 2743 eis
1589 2683 1696 2744 eraut
1714 2665 1844 2773 clipeis
1863 2685 1902 2747 et
1919 2667 2053 2776 gladiis
2068 2699 2172 2776 quos·
2183 2672 2327 2751 delere-

902 2801 1011 2885 bent,
1040 2828 1082 2875 ac
1110 2798 1206 2876 duos
1231 2798 1278 2876 de
1302 2798 1409 2904 equis
1433 2796 1510 2875 suis
1540 2798 1761 2875 oeciderunt
1784 2816 1823 2877 et
1844 2799 2004 2879 tercium
2025 2800 2325 2881 vulneraverunt.

901 2930 994 3006 Item
1015 2959 1116 3020 cum,
1140 2930 1202 3006 die
1222 2929 1410 3035 sequenti,
1433 2956 1504 3036 pro
1524 2929 1715 3034 premissis
1731 2929 1833 3035 apud
1852 2930 2044 3024 Chatelua,
2065 2931 2220 3011 interra
2238 2934 2328 3011 dicti

904 3062 1067 3147 comitis,
1082 3059 1223 3139 vellent
1236 3060 1382 3169 gagiare
1398 3076 1436 3137 et
1448 3059 1671 3167 gagiassent,
1686 3088 1755 3166 pro
1774 3090 1884 3139 causa
1898 3061 2081 3168 predicta,
2095 3062 2266 3143 Andreas
2279 3065 2328 3142 de

904 3191 1098 3281 Solemeu,
1120 3191 1333 3299 prepositus
1353 3189 1442 3266 dicti
1463 3190 1611 3267 comitis
1629 3191 1678 3267 de
1694 3190 1890 3279 Chateluz,
1908 3192 2183 3298 cumpluribus
2197 3222 2328 3271 secum

905 3324 1055 3400 armatis
1075 3351 1195 3430 usque
1216 3323 1263 3399 ad
1284 3320 1432 3427 viginti,
1456 3321 1620 3399 occurrit
1639 3322 1714 3415 eis,
1732 3340 1769 3400 et
1788 3322 1942 3431 pignora
1961 3350 2036 3428 que
2057 3340 2232 3428 ceperant
2247 3354 2328 3402 res-

907 3455 1046 3531 coussit
1066 3453 1226 3540 eisdem,
1246 3469 1400 3558 propter
1419 3452 1539 3558 qnod,
1556 3480 1625 3558 per
1640 3452 1743 3531 curie
1759 3471 1883 3532 nostre
1893 3451 2098 3559 judicium,
2115 3453 2330 3561 condemp-

906 3585 982 3661 nati
1002 3584 1156 3662 luerunt
1178 3582 1351 3663 homines
1378 3583 1477 3660 dicte
1496 3580 1944 3669 ville,Sancti·Golmerii
1963 3582 2003 3659 iu
2024 3582 2196 3662 ducentis
2215 3584 2326 3663 libris

907 3714 1192 3793 Turonensibus
1210 3712 1335 3802 nobis,
1359 3740 1428 3818 pro
1449 3713 1626 3804 emenda,
1644 3715 1848 3804 solvendis,
1865 3731 1905 3793 et
1920 3712 1969 3791 ad
1986 3714 2224 3793 reddendum
2244 3716 2328 3793 die-

905 3846 954 3925 tis
970 3845 1177 3923 castellanis
1197 3844 1323 3923 omnia
1338 3844 1501 3951 dampna
1515 3873 1584 3949 per
1597 3846 1671 3923 hoc
1685 3846 1758 3925 sibi
1774 3846 1894 3936 illata,
1913 3863 1952 3924 et
1967 3844 2089 3925 dicbus
2102 3845 2272 3925 Andreas
2287 3846 2330 3922 iu

906 3994 1057 4054 centum
1072 3976 1178 4054 libris
1193 3976 1481 4053 Turonensibus
1494 3975 1622 4065 nobis,
1636 4006 1707 4081 pro
1722 3977 1901 4065 emenda,
1923 3975 2122 4056 solvendis.
2150 4006 2153 4011 ·
2207 4025 2211 4031 -

962 4106 1137 4183 Mercurii
1155 4123 1240 4183 ante
1257 4107 1408 4182 Pascha.

963 4235 1069 4315 Croci
1090 4236 1302 4342 reportavit.

965 4502 1054 4579 LIV.
1087 4502 1168 4577 Lite
1190 4518 1309 4587 mota,
1328 4528 1454 4577 coram
1471 4498 1674 4579 castellano
1691 4518 1820 4579 nostro
1836 4502 2215 4610 Sancti-Gengnlphi,
2230 4504 2330 4582 inter

908 4634 1106 4739 Hugonem
1118 4629 1165 4707 de
1177 4630 1384 4724 Marniaco,
1397 4631 1576 4722 militem,
1592 4650 1630 4709 et
1640 4630 1907 4721 Guillelmnm,
1919 4632 2002 4739 ejus
2014 4632 2155 4725 lilium,
2168 4660 2212 4711 ex
2222 4650 2328 4739 parte

909 4790 996 4850 una,
1025 4778 1062 4837 et
1087 4761 1308 4854 Henricum‚
1329 4760 1452 4839 filium
1473 4762 1573 4839 Petri
1597 4762 1646 4841 de
1670 4765 1857 4855 Nentone,
1879 4763 2027 4856 militis,
2055 4781 2093 4843 et
2117 4766 2327 4870 laquetam,

909 4894 988 5000 ejus
1008 4920 1176 4985 uxorem,
1195 4921 1237 4969 ex
1251 4892 1377 4982 altera,
1395 4922 1510 5000 super
1524 4894 1720 4973 solucione
1737 4896 1983 4973 ducentarum
2003 4911 2041 4973 et
2059 4893 2331 5001 quinquaginta

907 5024 1091 5103 librarum
1111 5041 1149 5102 et
1161 5050 1275 5130 super
1288 5025 1413 5103 assisia
1424 5027 1558 5103 decem
1572 5026 1793 5104 libratarum
1801 5043 1900 5103 terre
1913 5026 1953 5104 in
1962 5024 2102 5132 quibus
2115 5025 2206 5103 dicti
2221 5027 2330 5133 Hugo

908 5172 946 5232 et
970 5155 1214 5244 Guillelmus,
1235 5155 1316 5261 ejus
1335 5153 1448 5243 lilius,
1476 5157 1653 5239 dicebant
1679 5186 1719 5236 se
1736 5157 1858 5236 teneri
1879 5157 1989 5236 dictis
2004 5156 2239 5265 conjugibus,
2259 5182 2331 5261 pro

908 5288 998 5365 dote
1017 5285 1297 5392 seu=1naritegio
1315 5286 1484 5392 predicte
1501 5290 1676 5397 laquete,
1699 5288 1777 5367 filie
1796 5288 1887 5367 dicti
1907 5288 2094 5396 lingonis,
2113 5285 2329 5391 sororisque

908 5416 1102 5497 Guillelmi
1121 5416 1292 5522 predicti,
1315 5416 1521 5523 dequibus
1541 5419 1712 5497 ducentis
1727 5419 1998 5525 quinquaginta
2018 5418 2125 5497 libris
2140 5435 2178 5495 et
2197 5415 2332 5493 decem
