5817 7292
858 1120 932 1197 soc
1011 1084 1017 1095 ’
1289 1170 1293 1177 .
1337 1185 1341 1202 ,
1434 1082 1527 1189 nes
1555 1114 1697 1190 onnt.

634 1278 764 1335 Porum
777 1273 820 1335 Ν,
857 1260 1022 1341 modum
1039 1257 1129 1338 dicti
1147 1256 1305 1363 judicati
1323 1255 1500 1346 formam,
1522 1274 1559 1334 et
1578 1256 1824 1336 consideratis
1842 1254 2282 1337 facultatibusdictorum

695 1370 757 1414 Μ’
857 1388 1960 1495 condempnatorum‚·etinstructionequampercameram
1973 1386 2283 1496 hahuerunt‚qoi

857 1522 975 1629 magis
997 1537 1037 1598 et
1060 1519 1125 1628 qui
1139 1519 1272 1599 -minus
1294 1520 1541 1626 deliquerunt
1559 1520 1602 1595 in
1619 1519 1819 1625 predictist
1843 1517 2206 1626 super-hiisprovia
2226 1552 2284 1598 ra·

857 1653 964 1731 eionc
984 1650 1200 1758 procedant

914 1781 1066 1862 Sabbati
1086 1797 1171 1887 post
1191 1778 1607 1884 Sanctum-Georgium.

896 1913 1022 1993 'Creci
1042 1911 1251 2018 reportavit.

914 2175 973 2253 XI.
1006 2174 1105 2255 Cum
1124 2188 1342 2279 procurator
1361 2172 1719 2252 nostersenesoallie
1730 2173 2042 2283 Petragorieensis
2055 2174 2281 2253 ethmber·

801 2322 809 2339 ‘
858 2324 918 2386 tus
930 2306 1058 2398 Porto,
1073 2330 1114 2386 ac
1126 2303 1300 2383 nonnulli
1313 2303 1376 2382 alii
1388 2302 1485 2383 oives
1496 2320 1536 2381 et
1546 2303 1778 2386 habitatores
1788 2305 1879 2385 ville
1888 2306 2281 2414 smgoueemisfoe

858 2434 1486 2543 ramnobisproposuissentquodT
1497 2436 2018 2518 cumolimcertusmoduset
2029 2435 2277 2525 certatorum,

859 2567 1120 2647 communitati
1127 2567 1232 2643 dicte
1247 2565 1505 2646 villeutilisct
1517 2567 1737 2673 cupedieus.
1753 2556 1911 2649 luissent
1922 2570 1963 2649 in
1973 2567 2279 2655 officiumne

859 2699 1047 2805 quolibet,
1062 2697 1206 2804 majore
1220 2696 1489 2777 etcomulibus
1502 2697 1602 2779 dicte
1616 2698 1721 2788 villo,
1734 2701 1858 2780 eciam
1872 2700 1919 2779 ab
1933 2699 2097 2806 antiquo
2105 2698 2282 2780 intereos

858 2829 1110 2907 communiter
1135 2845 1172 2906 et
1199 2828 1351 2935 pacifice
1377 2829 1590 2920 observata,
1617 2831 1794 2931 videlicet
1823 2832 1944 2938 quod,
1977 2830 2083 2908 linito
2112 2847 2283 2936 tempore

857 2960 970 3037 unius
985 2958 1089 3050 anni,
1103 2958 1427 3066 congregabantur
1444 2962 1484 3037 in
1500 2962 1698 3040 consulatu
1711 2992 1780 3041 seu
1793 2964 1832 3040 in
1849 2963 1964 3040 domo
1980 2961 2175 3039 communi
2186 2961 2283 3039 dicte

856 3092 943 3173 ville
964 3090 1083 3199 major
1103 3108 1141 3171 et
1161 3091 1356 3182 consules,
1379 3109 1418 3170 et
1435 3121 1505 3199 per
1523 3094 1625 3199 ipsos
1640 3094 1943 3173 convocabantur
1951 3092 2006 3171 ad
2020 3094 2095 3174 hos
2105 3092 2287 3199 oollemp

859 3224 958 3303 niter
972 3240 1011 3301 et
1024 3221 1177 3328 publice
1187 3247 1281 3301 cum
1299 3223 1401 3303 tubis
1415 3252 1547 3303 omnes
1561 3225 1769 3332 populares
1781 3225 1878 3303 dicte
1893 3223 2008 3317 ville,.
2017 3240 2055 3301 et
2072 3224 2125 3301 eis
2135 3220 2282 3302 thidum

858 3356 911 3433 sic'
927 3353 1159 3442 convocetis,
1179 3353 1300 3461 major
1319 3371 1358 3434 et
1380 3354 1555 3435 oonsules
1566 3356 1732 3463 predicti
1753 3354 2001 3435 ¹dimittebant
2020 3370 2147 3435 totum
2170 3376 2281 3457 posse

815 3552 820 3565 .
859 3515 970 3565 suum
990 3484 1238 3591 popularibus
1261 3485 1458 3591 predictis,
1478 3502 1631 3570 retento
1647 3488 1734 3576 sibi,
1756 3488 1804 3567 de
1827 3486 2019 3565 voluntate
2036 3483 2280 3593 populonium

859 3616 1134 3723 predictorum.
1151 3617 1256 3723 quod
1271 3617 1454 3723 eligerent
1471 3636 1646 3726 quatuor.
1666 3646 1743 3696 non
1758 3646 1803 3696 ex
1817 3645 1857 3695 se
1872 3617 1963 3723 ipsis
1976 3616 2045 3693 sed
2061 3645 2105 3694 ex
2119 3613 2201 3692 aliis
2215 3641 2282 3721 po

857 3747 1052 3855 'pulmibus
1068 3775 1135 3823 seu
1153 3747 1294 3825 civibus
1308 3750 1405 3827 dicte
1421 3750 1525 3839 ville,
1541 3751 1759 3858 juramento
1776 3749 1826 3827 atl
1845 3764 1970 3826 sancta
1983 3747 2055 3825 Dei
2072 3745 2282 3854 Euangelia

859 3878 1102 3986 corporaliter
1121 3880 1277 3985 prestito
1298 3878 1420 3986 quod,
1435 3880 1548 3959 ¹omni
1569 3881 1692 3959 favore
1714 3897 1752 3957 et
1770 3878 1860 3959 odio
1877 3878 2074 3987 depositis,
2093 3877 2178 3955 illos
2192 3904 2284 3983 qua-

857 4026 947 4092 tuor
965 4038 1062 4115 quos
1080 4010 1306 4117 ydoneiorcs
1326 4028 1364 4088 et
1383 4011 1556 4091 utiliores
1574 4012 1625 4089 ad
1650 4012 1724 4091 hoc
1749 4011 1968 4101 crederent,
1987 4037 2055 4116 pro
2077 4036 2187 4115 posse
2214 4036 2283 4085 suo

860 4141 1057 4249 eligerent3
1072 4140 1138 4247 qui
1157 4159 1331 4248 quatuor,
1346 4142 1401 4221 sio
1414 4171 1483 4249 per
1496 4143 1598 4250 ipsos
1614 4142 1740 4233 electi,
1752 4140 1949 4250 jurabant,
1959 4141 2006 4217 in
2023 4140 2215 4247 presencia
2227 4155 2285 4216 to-

859 4271 939 4349 cius
953 4270 1102 4377 populi,
1115 4271 1220 4379 quod
1231 4288 1316 4351 octo
1328 4274 1469 4381 probos
1483 4273 1582 4351 viros
1597 4275 1646 4352 ad
1660 4275 1733 4350 hoc
1747 4272 1917 4382 ydoneos
1930 4288 1969 4349 et
1983 4300 2061 4348 non
2074 4286 2281 4377 suspectos,

859 4402 963 4479 omni
983 4401 1107 4479 lavore
1129 4403 1320 4512 deperite,
1342 4420 1578 4483 assumerent
1597 4422 1636 4483 et
1655 4405 1839 4512 eligerent
1852 4404 1900 4481 de
1914 4402 2184 4490 communitate
2199 4428 2284 4508 pre-

859 4531 976 4623 dicta,
993 4531 1140 4640 rejectis
1153 4562 1303 4643 semper
1317 4536 1460 4644 majore
1476 4552 1516 4615 et
1532 4536 1751 4616 consulibus
1765 4534 1870 4613 illius
1885 4534 1996 4625 'anui;
2016 4533 2082 4641 qui
2096 4548 2181 4611 octo
2196 4532 2280 4620 viri,

858 4692 927 4770 per
948 4664 1067 4742 dictos
1087 4682 1251 4773 quatuor
1274 4667 1327 4746 sio
1352 4668 1696 4777 electi,.jurabant‚
1721 4668 1762 4745 in
1779 4666 1973 4774 presencia
1992 4666 2114 4746 tocius
2131 4662 2279 4769 populi,

859 4794 963 4901 quod
974 4794 1158 4902 majorem
1169 4814 1206 4875 et
1216 4797 1397 4877 consules.
1408 4798 1598 4908 eligerent.
1606 4816 1645 4879 et
1659 4815 1910 4887 assumerent,
1925 4825 1995 4905 pro
2010 4824 2141 4890 eorum
2154 4822 2280 4901 posse,

860 4925 1031 5003 utiliores
1042 4929 1303 5007 communitati
1324 4930 1508 5034 predicte,
1526 4932 1631 5011 omni
1644 4930 1769 5009 lavore
1784 4946 1822 5007 et
1836 4928 1927 5007 odio
1944 4927 2141 5038 depositis,
2160 4926 2284 5005 etius-

847 5072 967 5161 *pecto
985 5058 1174 5163 quodfex,
1183 5059 1367 5139 electione
1381 5061 1566 5168 ipsorum,
1586 5062 1696 5141 dictis
1713 5060 1941 5142 electoribus
1957 5059 2108 5139 nullum
2121 5056 2284 5165 particu-

858 5185 936 5287 lare
954 5189 1202 5272 commodum
1215 5216 1285 5269 seu
1300 5193 1535 5300 avantagium
1550 5210 1785 5301 quereretur,
1802 5193 1870 5290 sed
1884 5191 2167 5272 cono'derarent
2179 5186 2284 5294 quod

859 5319 1062 5425 expediens
1081 5320 1232 5400 utilitati
1254 5322 1352 5401 dicte
1373 5323 1460 5401 ville
1478 5326 1535 5433 eis
1548 5325 1758 5415 videretur3
1778 5324 1870 5401 dicti
1887 5352 1976 5402 vero
1997 5339 2083 5418 octo
2094 5348 2164 5428 per
2179 5319 2283 5395 hunc

860 5450 1018 5539 modum
1037 5450 1092 5532 sic
1103 5450 1231 5555 electi,
1249 5453 1432 5562 majorem
1447 5472 1486 5537 et
1500 5455 1691 5544 consules,
1710 5472 1861 5562 pensata
1874 5455 1914 5538 in
1929 5448 2283 5535 omnibusutilitate
2367 5552 2373 5561 Φ
