5817 7292
863 1109 907 1183 ra
1363 1079 1367 1085 ’
1435 1115 1697 1189 insomni.

635 1261 820 1325 sormunt,
860 1255 1038 1331 nonensis
1069 1255 1253 1361 dyocesis,
1283 1272 1455 1362 exparte
1487 1255 1617 1348 altera,
1644 1274 1725 1334 orta
1756 1273 1855 1334 esset
1886 1258 2042 1336 materia
2071 1261 2280 1364 questionis

859 1411 972 1490 super
997 1385 1167 1490 eoquod
1193 1370 1284 1462 dicti
1308 1385 1422 1463 abbas
1445 1401 1484 1463 et
1509 1405 1715 1464 conventus
1736 1387 2002 1495 proponebant
2022 1415 2061 1466 se
2082 1389 2222 1467 habere
2243 1409 2281 1468 et

857 1515 1032 1592 habuisse
1053 1516 1218 1622 hospites
1241 1531 1280 1592 et
1302 1517 1475 1594 hostisias
1496 1517 1536 1593 in
1554 1495 1641 1594 villa
1662 1518 1709 1594 de
1730 1518 1895 1608 Gastins,
1919 1535 1957 1596 et
1975 1519 2078 1626 ipsos
2097 1521 2279 1627 hospites,

855 1663 1034 1752 tanquam
1056 1675 1160 1738 suos,
1184 1677 1298 1754 super
1317 1648 1529 1726 mobilibus·
1548 1665 1585 1726 et
1606 1624 1748 1726 catallis
1770 1677 1919 1730 necnon
1941 1679 2055 1756 super
2074 1651 2181 1729 factis
2201 1681 2282 1729 cor·

855 1779 957 1882 poris
980 1779 1152 1856 mercatis
1175 1793 1211 1856 et
1237 1779 1471 1886 simplicibus
1491 1780 1640 1887 injuriis
1658 1796 1838 1886 tanquam
1861 1809 1996 1859 eorum
2011 1783 2202 1890 justiciam
2223 1811 2283 1860 ex·
2383 1812 2386 1818 ·

694 1353 758 1397 tato.

855 1906 1013 2012 pletasse
1036 1926 1207 2018 tempore
1228 1910 1345 1988 eciam
1368 1909 1568 1986 sufficienti
1588 1911 1636 1986 ad
1662 1912 1935 2018 acquirendum
1955 1913 2223 2020 proprietatem
2242 1915 2282 1988 in

850 2039 1002 2144 justicia
1026 2041 1228 2132 antedicta;
1251 2041 1513 2149 proponebant
1540 2041 1658 2118 eciam
1679 2044 2016 2132 consuetudinem,
2046 2044 2085 2119 in
2114 2044 2281 2149 castella-

855 2173 918 2247 nia
938 2171 986 2248 de
1006 2172 1212 2252 Meleduno
1234 2189 1272 2250 et
1291 2174 1330 2248 in
1349 2173 1436 2250 villa
1455 2173 1505 2248 de
1515 2171 1685 2263 Gastins,
1703 2174 1819 2253 talem
1833 2201 1913 2253 esse
1930 2173 2036 2282 quod
2049 2175 2280 2280 quicumque

856 2301 1020 2380 habebat
1044 2303 1212 2411 hospites
1232 2305 1270 2380 in
1292 2305 1402 2382 dictis
1426 2285 1671 2393 locis,3talem
1692 2303 1813 2413 qualis
1838 2306 2050 2412 supradicta
2070 2323 2141 2394 est,
2164 2305 2281 2382 habe·

855 2433 922 2510 bat
943 2431 1135 2542 justiciam
1160 2435 1200 2511 in
1229 2435 1388 2525 eisdem,
1421 2451 1459 2514 et
1481 2435 1590 2542 quod
1616 2433 1786 2514 indebite
1816 2436 1938 2514 dictus
1968 2435 2127 2514 ballivus
2153 2452 2283 2512 noster

855 2565 1012 2643 tenebat
1031 2583 1069 2644 et
1086 2566 1311 2672 expletabat,
1330 2567 1487 2645 nomine
1504 2583 1650 2659 nostro,
1662 2567 1853 2674 justiciam
1867 2566 2112 2656 antedictam,
2129 2583 2283 2672 propter

858 2698 963 2801 quod
981 2697 1161 2803 petebant
1186 2697 1277 2775 dicti
1303 2698 1486 2806 religiosi,
1507 2727 1578 2804 per
1599 2698 1741 2775 curiam
1762 2716 1945 2788 nostram,
1967 2696 2208 2806 pronunciari
2233 2697 2282 2774 ad

859 2825 959 2932 ipsos
975 2844 1014 2904 ct
1031 2855 1108 2907 non
1126 2829 1175 2906 ad
1195 2855 1265 2908 nos
1280 2817 1418 2906 dictam
1428 2827 2076 2937 justiciam*pertinere,‘et·manum
2093 2828 2181 2905 dicti
2199 2825 2284 2904 bal·

859 2956 921 3034 livi
936 2961 1071 3048 nostri,
1086 2989 1201 3068 super
1215 2961 1288 3038 hiis
1301 2963 1525 3068 appositam,
1540 2961 1704 3038 amoveri
1720 2961 1878 3052 debere3
1898 2988 1942 3037 ex
1961 2961 2116 3037 adverso
2136 2976 2281 3046 autem,

857 3117 926 3197 pro
942 3090 1067 3179 nobis,
1089 3093 1372 3197 proponebatur
1381 3092 1574 3196 justiciam
1588 3092 1698 3167 castri
1719 3109 1757 3167 et
1776 3091 1990 3168 castellanie
2013 3090 2061 3166 de
2078 3089 2284 3166 Meleduno

859 3220 906 3296 ad
931 3247 999 3296 nos
1019 3221 1067 3295 de
1081 3219 1170 3325 jure
1186 3220 1379 3296 communi
1398 3219 1608 3323 pertinere,
1631 3221 1838 3321 nosque-in
1856 3220 1990 3294 saisina
2002 3243 2093 3294 'esse
2113 3234 2152 3292 et
2170 3217 2284 3293 fuisse

860 3348 1016 3424 latronis
1039 3363 1076 3423 et
1095 3347 1201 3424 basse
1216 3345 1367 3453 justicie
1389 3347 1429 3422 in
1451 3345 1537 3421 villa
1557 3345 1605 3422 de
1622 3345 1790 3435 Gastins,
1816 3347 1974 3423 interra
1994 3347 2181 3423 dictorum
2197 3347 2285 3422 reli-

860 3477 1068 3583 giosorum,
1099 3494 1137 3552 et
1160 3505 1230 3583 per
1252 3493 1382 3585 gentes
1409 3478 1571 3563 nostras,
1604 3475 1812 3582 superbiis
1837 3478 1992 3554 usitasse
2018 3494 2057 3553 et
2080 3475 2284 3582 expletasse

860 3623 1032 3714 tempore
1052 3607 1252 3686 sufficienti
1275 3607 1322 3683 ad
1345 3608 1616 3713 acquirendum
1633 3607 1718 3714 jus:
1743 3605 1891 3684 Auditis
1914 3607 2030 3714 igitur
2053 3606 2220 3713 partibus
2244 3607 2284 3680 in

861 3738 917 3815 eis
937 3765 1012 3845 quc
1034 3766 1243 3846 proponere
1263 3737 1481 3828 voluerunt,
1500 3737 1578 3814 visa
1596 3738 1769 3843 inquesta
1791 3766 1905 3844 super
1922 3738 2114 3844 premissis
2132 3735 2226 3812 lacta
2248 3752 2287 3812 et
2333 3754 2337 3760 “

863 3871 1042 3948 omnibus
1069 3871 1140 3947 rite
1165 3870 1269 3959 actis,
1297 3867 1588 3976 pronunciatum
1613 3868 1700 3962 fuit,
1719 3895 1787 3975 per
1810 3869 1913 3947 curie
1930 3886 2059 3946 nostre
2077 3866 2283 3976 judicium,

863 4001 984 4080 dictos
1002 4001 1176 4078 abbatem
1198 4017 1236 4077 et
1256 4016 1484 4078 conventum
1504 4000 1759 4076 intencionem
1784 4028 1907 4090 suam,
1931 4017 2118 4106 quantum
2138 3997 2186 4074 ad
2204 3997 2288 4074 bas-

861 4159 940 4210 sam
956 4133 1145 4240 justiciam
1172 4132 1210 4207 in
1236 4131 1404 4237 hiisque
1427 4159 1496 4238 pro
1516 4147 1621 4238 parte
1648 4158 1780 4207 eorum
1804 4133 1978 4238 superius
1995 4147 2085 4208 sunt
2105 4129 2285 4235 exposita,

863 4280 1122 4370 competenter
1139 4261 1334 4368 probasse,
1358 4277 1394 4339 et
1413 4279 1570 4340 manum
1591 4261 1680 4339 dicti
1700 4261 1826 4339 ballivi
1844 4264 1962 4340 nostri
1982 4289 2081 4354 esse,
2103 4278 2286 4368 quantum

861 4395 911 4470 ad
930 4395 1018 4482 hoc,
1042 4394 1328 4471 admovendam.

919 4525 1047 4600 Mense
1067 4523 1284 4603 Februario.

920 4785 1044 4864 XXIV.
1075 4783 1193 4874 Cum,
1217 4811 1262 4862 ex
1283 4801 1387 4892 parte
1407 4785 1671 4891 religiosorum
1687 4788 1855 4874 virorum
1868 4781 2016 4860 abbatis
2030 4797 2068 4856 et
2081 4793 2286 4856 conventus

865 4915 1155 5007 Mortui-Maris,
1177 4915 1289 4993 uobis
1317 4915 1575 5022 supplicatum·
1593 4917 1724 4995 luisset
1745 4913 1865 5022 quod,
1895 4933 1982 4988 cum
2007 4910 2077 5016 ipsi
2101 4921 2225 4986 essent
2247 4908 2286 4987 in

866 5047 1099 5153 possessione
1119 5046 1287 5124 habendi
1309 5046 1348 5121 in
1368 5046 1520 5125 abbacia
1539 5075 1605 5126 sua
1629 5075 1743 5126 unam
1765 5044 1923 5150 forgiam
1944 5040 2147 5150 grossalem
2170 5057 2208 5117 et
2233 5038 2287 5115 f-

866 5177 990 5255 ciendi
1010 5177 1191 5254 carbones
1211 5176 1258 5252 de
1280 5175 1392 5282 lignis
1410 5155 1546 5256 loreste
1562 5195 1689 5256 nostre
1709 5177 1757 5253 de
1777 5173 1969 5251 Leonibus
1986 5172 2034 5250 ad
2049 5200 2145 5280 opus
2158 5170 2288 5277 hujus·

866 5308 971 5387 modi
988 5306 1122 5416 sorgie,
1139 5307 1281 5414 absque
1295 5306 1377 5384 ullo
1389 5309 1517 5414 precio
1529 5310 1639 5389 nobis
1650 5307 1739 5383 inde
1755 5303 1953 5395 solvendo,
1969 5319 2149 5410 etgentes
2161 5317 2286 5380 nostre

854 5442 967 5548 ipsos
986 5439 1215 5548 impedirent
1235 5439 1438 5546 quominus
1458 5441 1558 5520 dicta
1576 5436 1812 5547 possessione
1828 5433 1989 5513 faciendi
2008 5434 2197 5541 predictos
2210 5461 2289 5511 car·
