5817 7292
1028 1050 1291 1156 uuoutrns
1318 1068 1384 1139 cr
1411 1050 1612 1142 crocus.
2008 1068 2055 1138 57

638 1213 776 1290 ducere
795 1215 943 1316 poterat
961 1209 1009 1287 ad
1026 1210 1274 1316 pascendum,
1290 1210 1361 1288 nisi
1380 1209 1470 1286 inde
1490 1209 1645 1287 domino
1664 1211 1911 1318 proprietario
1930 1224 2057 1316 pastu·
2093 1225 2225 1282 Panna·
2236 1228 2279 1288 iv.

637 1343 828 1450 rugiorum
847 1340 1100 1418 redibeuciam
1120 1339 1259 1418 faceret
1277 1357 1314 1416 et
1334 1341 1382 1416 de
1402 1368 1555 1418 assensu
1574 1338 1676 1416 illius
1693 1370 1714 1416 a
1734 1369 1810 1445 quo
1829 1341 1999 1426 tenebat,
2020 1356 2057 1414 et
2157 1315 2220 1358 ’Μ’

638 1475 668 1550 si
690 1473 779 1549 dicti
801 1473 975 1549 homines
991 1470 1178 1548 faciebant
1201 1469 1366 1576 aliquam
1386 1469 1659 1560 redibenciam,
1680 1498 1763 1546 eam
1788 1469 1970 1550 faciebant
1989 1495 2058 1574 pro

639 1603 722 1681 aliis
741 1603 879 1692 causis;
896 1631 1011 1709 quare
1025 1600 1177 1710 petebat
1190 1600 1292 1678 idern
1310 1600 1420 1678 miles
1435 1600 1675 1706 pronunciari
1693 1599 1797 1704 quod
1813 1601 1861 1676 ad
1875 1629 1964 1678 eum
1978 1627 2060 1704 per-

639 1733 782 1810 tinebat
795 1733 858 1839 jus
879 1732 975 1808 dicte
998 1731 1052 1808 rei
1073 1731 1328 1821 contenciose‚
1351 1749 1389 1808 et
1407 1731 1514 1838 quod
1532 1730 1709 1807 homines
1727 1728 1886 1835 predicti
1900 1729 1965 1834 jus
1983 1757 2061 1809 non

641 1863 782 1942 babent
808 1863 970 1940 ducendi
998 1862 1136 1940 bestias
1160 1889 1246 1939 suas
1276 1862 1315 1937 in
1341 1862 1553 1968 pasturagia
1577 1861 1811 1966 supradicta;
1838 1887 1882 1936 ex
1907 1860 2060 1940 adverso

641 2011 784 2081 autem,
799 2021 868 2098 pro
884 1992 993 2070 dictis
1005 1990 1225 2070 hominibus
1240 1993 1522 2097 proponebatur
1535 2019 1600 2070 eos
1613 2009 1651 2068 et
1660 2008 1913 2070 antecessores
1929 2019 2062 2069 eorum

641 2152 720 2202 esse
741 2141 778 2200 et
797 2122 912 2200 fuisse
931 2123 970 2199 in
989 2123 1088 2201 bona
1116 2123 1249 2200 saisina
1273 2121 1427 2229 pacifica
1447 2121 1496 2200 de
1515 2122 1745 2228 pasturando
1763 2122 1902 2202 bestias
1920 2150 2006 2200 suas
2025 2123 2064 2198 in

641 2255 859 2334 nemoribus
880 2255 970 2332 dicti
989 2253 1137 2343 militis,
1155 2271 1360 2360 atempore
1380 2271 1486 2332 tanto
1507 2253 1613 2360 quod
1631 2254 1888 2362 acquisierunt
1901 2255 1966 2362 jus
1984 2281 2065 2360 pro

641 2386 808 2491 prietatis
827 2387 865 2462 in
885 2384 1104 2493 pasturagiis
1123 2383 1318 2492 predictis,
1339 2382 1554 2462 videliceta
1577 2384 1727 2474 decem,
1745 2384 1894 2494 viginti,
1913 2385 2067 2491 triginta

642 2534 680 2594 et
697 2515 942 2624 quadraginta
959 2515 1081 2605 annis,
1099 2531 1137 2593 et
1154 2515 1273 2592 eciam
1291 2532 1499 2622 atempore
1514 2544 1534 2592 a
1551 2544 1628 2623 quo
1647 2544 1762 2621 super
1780 2515 1968 2593 contrario
1986 2544 2068 2594 me·
2199 2505 2203 2512 ’

643 2648 763 2724 moria
788 2675 865 2726 non
891 2647 1029 2737 existit,
1057 2645 1230 2724 ducendo
1249 2645 1426 2725 videlicet
1448 2647 1489 2722 in
1516 2645 1612 2722 dicta
1634 2646 1862 2754 pasturagia,
1889 2675 1992 2726 vacas
2017 2648 2067 2726 ad

644 2779 822 2884 quintum
834 2778 985 2869 folium,
1003 2805 1122 2883 equos
1137 2793 1221 2882 post
1236 2777 1332 2854 duos
1346 2804 1465 2854 annos
1479 2775 1689 2882 completos
1703 2807 1724 2852 a
1738 2793 1910 2882 tempore
1925 2779 2068 2856 scissio

644 2909 702 2986 nis
717 2908 806 2984 dicti
820 2908 1002 2996 nemoris,
1021 2923 1059 2984 et
1071 2907 1325 2984 communiter
1339 2935 1471 2984 omnes
1484 2906 1639 2992 bestias,
1654 2906 1795 3013 absque
1809 2907 1927 2984 eciam
1936 2909 2064 3018 garda,

644 3055 815 3146 tempore
837 3068 914 3144 quo
937 3055 1036 3114 terra
1060 3037 1099 3113 in
1124 3055 1202 3114 tota
1230 3039 1349 3142 patria
1370 3055 1408 3115 et
1426 3036 1617 3114 territorio
1636 3054 1813 3142 cooperta
1833 3055 1889 3115 est
1907 3038 2007 3130 nive,
2030 3059 2069 3118 et

645 3169 748 3248 omni
765 3197 863 3246 anno
881 3170 919 3245 in
940 3168 1001 3245 die
1016 3167 1163 3246 veneris
1183 3168 1222 3243 in
1236 3168 1410 3248 Passione
1426 3167 1600 3257 Domini,
1620 3195 1662 3244 ac
1676 3167 1716 3247 in
1732 3165 1795 3244 die
1813 3171 2066 3250 Resurrectio-

644 3301 702 3378 nis
720 3299 906 3406 ejusdem;
926 3297 1206 3406 proponebatur
1226 3298 1344 3376 eciam
1362 3326 1430 3404 pro
1451 3297 1506 3374 eis
1520 3296 1626 3404 quod
1642 3297 1715 3374 boc
1732 3299 1787 3376 eis
1803 3297 1940 3379 licebat
1954 3301 2068 3381 titulo

645 3432 862 3511 donacionis
879 3431 933 3508 eis
947 3429 1042 3508 lacte
1063 3459 1082 3506 a
1100 3429 1293 3538 quondam
1308 3457 1395 3538 rege
1416 3429 1591 3518 Francia,
1610 3445 1647 3507 et
1667 3459 1687 3506 a
1705 3429 1871 3507 dominis
1890 3432 1958 3538 qui
1974 3434 2070 3512 anti·

643 3563 773 3671 quitus
788 3560 1038 3638 fundaverunt
1053 3559 1170 3640 dictas
1185 3559 1290 3638 villas
1306 3589 1419 3667 super
1434 3559 1601 3638 subsidia
1616 3587 1684 3637 seu
1700 3563 1887 3668 aysancias
1900 3583 2069 3669 pastura·

644 3695 793 3800 giorum
806 3721 1008 3776 nemorum
1020 3692 1293 3798 predictorum,
1308 3709 1346 3769 et
1352 3691 1475 3800 quod,
1486 3720 1555 3798 pro
1569 3691 1679 3770 dictis
1687 3693 1923 3800 pasturagiis,
1936 3694 1992 3771 illi
2002 3698 2069 3802 qui

646 3822 836 3901 habebant
857 3823 993 3902 bestias
1019 3823 1226 3912 solvebant,
1253 3821 1411 3932 singulis
1443 3821 1568 3911 annis,
1599 3823 1869 3937 redibenciam,
1896 3825 2069 3904 videlicet

646 3952 845 4057 quodlibet
856 3955 1069 4061 hospicium
1081 3983 1202 4032 unum
1214 3952 1411 4032 denarium
1423 3951 1672 4060 delouvagio,
1691 3971 1729 4030 et
1741 3955 1859 4031 eciam
1872 3955 2069 4049 dominus,

647 4083 717 4160 sub
734 4112 896 4190 quorum
914 4085 1085 4162 dominio
1101 4085 1355 4178 morabantur,
1374 4111 1496 4160 unum
1511 4112 1647 4190 panem
1662 4083 1722 4160 vel
1737 4113 1856 4160 uuum
1872 4085 2069 4164 denarium

649 4212 696 4290 de
709 4211 926 4320 forestagim
940 4244 1009 4320 pro
1025 4215 1115 4321 ipsis
1127 4231 1254 4292 autem
1268 4212 1490 4290 hominibus
1502 4211 1589 4289 ville
1603 4228 1642 4288 et
1653 4211 1848 4317 parrochie
1863 4213 1910 4290 de
1922 4212 2068 4324 finally,

648 4344 746 4422 ultra
761 4345 958 4451 premissa,
977 4343 1256 4451 proponebatur
1276 4341 1471 4449 quoddam
1486 4341 1698 4450 judicatum
1715 4341 1831 4420 luisse
1846 4342 1987 4422 factum
2001 4374 2071 4451 pro

649 4475 740 4581 ipsis
753 4491 882 4554 contra
898 4475 1041 4554 dictum
1056 4472 1216 4551 militem
1228 4499 1343 4580 super
1352 4471 1488 4550 saisina
1503 4473 1691 4550 dictorum
1706 4474 2021 4582 pasturagiorum,
2035 4493 2074 4556 et

650 4607 767 4685 eciam
795 4605 1028 4686 consuetudo
1051 4604 1233 4713 quedam3
1254 4631 1370 4712 quare
1391 4603 1571 4710 petebant
1588 4621 1851 4710 procuratores
1870 4605 2072 4685 hominum

650 4737 833 4814 dictarum
853 4737 1027 4816 villarum
1045 4735 1287 4843 pronunciari
1306 4733 1412 4842 quod
1430 4733 1479 4811 ad
1498 4736 1598 4840 ipsos
1615 4737 1789 4815 homines
1808 4738 1997 4843 pertineat
2007 4741 2074 4846 jus

649 4867 863 4975 pasturandi
882 4868 1020 4946 bestias
1039 4893 1123 4946 suas
1138 4866 1178 4942 in
1200 4865 1311 4943 dictis
1326 4865 1546 4944 nemoribus
1561 4866 1650 4944 dicti
1672 4868 1818 4960 militis,
1834 4871 2075 4976 temporibus

650 5017 687 5077 et
705 4999 839 5078 diebus
857 4999 1053 5107 predictis:
1075 4997 1225 5093 Quibus
1252 5014 1290 5076 et
1313 4996 1393 5074 aliis
1412 4997 1587 5103 pluribus
1610 4999 1699 5074 binc
1727 5000 1816 5078 inde
1842 5005 2071 5110 propositis,

650 5132 818 5239 partibus
834 5131 1062 5210 sufficienter
1075 5128 1234 5209 evocatis
1249 5145 1287 5206 et
1302 5127 1455 5222 auditis,
1471 5129 1547 5208 visa
1558 5130 1731 5237 inquesta
1743 5159 1857 5238 super
1871 5133 1945 5212 hiis
1958 5133 2072 5227 laeta,

651 5263 736 5340 visis
755 5263 872 5340 eciam
893 5261 1200 5368 deposicionibus
1216 5258 1372 5338 testium
1391 5259 1588 5368 utriusque
1612 5261 1727 5367 partis
1747 5279 1786 5340 et
1804 5263 1982 5342 omnibus
2001 5266 2073 5342 rite

653 5394 756 5480 actis,
771 5393 1061 5500 pronunciatum
1074 5390 1146 5470 fuit
1159 5418 1227 5498 per
1239 5390 1342 5468 curie
1358 5409 1486 5472 nostre
1495 5392 1683 5499 judicium
1695 5394 1796 5500 ipsos
1810 5395 1987 5474 homines
2001 5393 2076 5474 dic·

737 5565 786 5610 uat
806 5567 887 5610 otiu.
909 5569 955 5608 ur.
1929 5553 1949 5613 8
