5817 7292
1064 1033 1325 1140 moosrrs
1352 1049 1415 1122 rr
1443 1031 1646 1124 rnocts.
2026 1057 2071 1128 rs

649 1192 858 1272 commissis
877 1190 992 1268 rebus
1013 1219 1082 1297 pro
1104 1219 1213 1269 censa
1232 1219 1308 1268 non
1328 1192 1466 1281 soluta,
1489 1191 1668 1279 dormiet,
1692 1192 1781 1297 quia
1804 1191 1997 1270 auditores
2015 1193 2073 1272 in·
2110 1197 2295 1262 Psmmlt

649 1323 882 1430 quisiverunt
904 1323 951 1399 de
979 1320 1161 1398 mortaliis
1181 1337 1220 1396 et
1243 1347 1378 1397 eorum
1401 1321 1616 1398 commissio
1638 1321 1712 1396 boc
1736 1349 1813 1398 non
1839 1322 2069 1416 continebat3
2172 1291 2235 1334 lm

648 1455 757 1543 item,
785 1453 874 1558 quia
897 1453 1092 1530 auditores
1117 1450 1299 1531 derebus
1319 1451 1529 1528 commissis
1550 1449 1842 1556 inquisiverunt.
1866 1481 1945 1528 non
1967 1455 2074 1531 audi-

648 1586 696 1661 tis
719 1583 1030 1689 responsionibus
1043 1582 1212 1688 parcium
1232 1580 1280 1657 ad
1300 1580 1477 1662 articulos
1490 1582 1704 1688 propositos
1719 1610 1832 1688 super
1851 1583 1923 1660 hoc
1943 1602 2072 1663 contra

647 1716 766 1821 ipsos;
791 1732 828 1792 et
849 1715 989 1792 iterum
1012 1711 1183 1790 facienda
1206 1728 1277 1800 est,
1300 1728 1338 1790 et
1356 1711 1422 1789 liet
1441 1712 1656 1790 commissio
1683 1741 1799 1819 super
1819 1714 1949 1793 hocin
1969 1715 2069 1794 bona

648 1844 778 1924 lorma.

702 2110 794 2186 XXl.
818 2107 916 2184 Cum
933 2107 1034 2183 curia
1050 2108 1097 2184 de
1113 2107 1292 2199 Marosio,
1307 2107 1525 2184 senescallie
1540 2105 1761 2186 Belli-Cadri
1772 2166 1781 2197 ‚
1794 2107 2072 2186 sentencialiter

645 2239 958 2345 condempnasset
983 2237 1231 2316 Gailhardum
1255 2238 1303 2315 de
1323 2237 1471 2327 Ferus,
1495 2238 1674 2327 militem,
1698 2239 1964 2344 Raymundum
1983 2240 2071 2316 Ber·

646 2369 770 2459 nardi,
793 2368 965 2476 bajulum
986 2369 1149 2475 episcopi
1170 2368 1418 2458 Mimatensis‚
1442 2385 1483 2446 et
1499 2369 1628 2476 plures
1646 2369 1739 2446 alios
1763 2368 1943 2448 homines
1961 2371 2070 2448 castri

644 2499 945 2606 Sancti-Hylam,
970 2499 1009 2576 in
1032 2500 1131 2576 dicta
1153 2500 1343 2578 sentencia
1364 2500 1594 2589 nominatos,
1622 2500 1662 2576 in
1687 2501 1798 2578 certis
1822 2501 2068 2606 pecuniamm

644 2630 818 2720 summis,
840 2658 1003 2733 quarum
1022 2629 1196 2706 omnium
1215 2659 1362 2706 summa
1382 2646 1439 2707 est
1454 2629 1602 2706 circiter
1620 2647 1773 2706 centum
1795 2631 1982 2734 sexaginta
1997 2660 2070 2706 un-

645 2757 767 2834 decim
785 2756 882 2834 libre
896 2759 1029 2836 decem
1048 2757 1276 2846 solidorum,
1293 2759 1441 2834 racione
1453 2758 1647 2835 incisionis
1663 2774 1701 2833 et
1712 2758 1986 2835 combustionis
2004 2788 2070 2836 cu·

638 2889 792 2996 jusdam
806 2889 973 2967 nemoris
988 2888 1092 2994 quod
1108 2888 1321 2969 Gaubertus
1334 2887 1381 2964 de
1398 2889 1600 2978 Sereneco,
1617 2888 1746 2978 miles,
1760 2891 1808 2965 ad
1825 2918 1865 2964 se
1882 2890 1973 2966 dicit
1984 2919 2070 2996 per-

642 3019 781 3108 tinere,
811 3035 849 3096 et
874 3019 1025 3097 racione
1040 3018 1292 3124 quarumdam
1308 3017 1466 3096 aliarum
1496 3018 1719 3128 injuriarum
1748 3037 1786 3094 et
1801 3019 2067 3098 violenciamm

642 3149 744 3228 dicto
769 3147 963 3228 Gauberto
986 3148 1167 3226 factarum
1186 3175 1255 3254 per
1277 3148 1453 3226 homines
1473 3149 1700 3239 antedictos,
1723 3165 1761 3226 et
1780 3149 1828 3227 ab
1847 3150 2068 3258 hujusmodi

642 3279 987 3389 condempnacione
1005 3278 1095 3358 dicti
1114 3278 1378 3385 condempnati
1392 3277 1439 3356 ad
1456 3294 1623 3356 nostram
1640 3279 1782 3356 curiam
1796 3281 2066 3387 appellassent:

640 3413 832 3501 Tandem,
853 3412 1025 3517 inquesta
1044 3427 1082 3487 et
1096 3410 1330 3516 processibus
1351 3437 1466 3516 super
1483 3410 1558 3488 hoc
1578 3408 1684 3488 lactis
1702 3411 1790 3489 visis
1809 3429 1847 3488 et
1868 3411 2069 3520 diligenter

642 3542 878 3630 examinatis,
894 3571 984 3620 cum
998 3542 1192 3619 inventum
1208 3567 1285 3619 non
1305 3540 1422 3618 fuerit
1436 3542 1542 3645 quod
1556 3540 1647 3618 dicti
1663 3542 1894 3647 appellantes
1906 3545 2069 3651 appella-

642 3675 789 3752 cionem
806 3701 912 3750 suam
923 3671 1018 3750 infra
1029 3687 1180 3778 tempus
1196 3671 1369 3750 debitum
1385 3670 1527 3748 luerint
1539 3673 1751 3778 prosequti‚
1765 3673 1952 3750 ordinavit
1964 3676 2068 3754 curia

642 3819 680 3880 et
695 3803 885 3881 mandavit
899 3801 1004 3910 quod
1018 3801 1245 3880 senescallus
1258 3800 1487 3880 Belli-Codri
1506 3803 1716 3909 predictam
1730 3805 1960 3882 sentenciam
1979 3834 2068 3883 con-

641 3933 942 4039 dampnatoriam
964 3933 1176 4011 executioni
1200 3931 1423 4021 demandet,
1445 3933 1517 4010 nisi
1537 3932 1607 4039 ipsi
1632 3961 1758 4010 coram
1778 3959 1824 4007 eo
1843 3962 1991 4012 causam
2010 3964 2067 4012 ra-

641 4062 865 4142 cionabilem
892 4063 1118 4171 protendant
1145 4078 1183 4139 et
1211 4063 1260 4140 de
1291 4093 1334 4140 ea
1361 4061 1499 4139 saciant
1524 4080 1738 4169 promptam
1766 4060 1883 4137 fidem
1914 4079 2066 4169 propter

640 4222 753 4300 quam
785 4192 885 4270 dicta
915 4193 1084 4272 executio
1113 4192 1249 4270 debeat
1277 4191 1454 4300 impediri
1479 4191 1538 4268 vel
1562 4190 1756 4269 retardari.

697 4323 797 4400 Jovis
815 4338 902 4429 post
921 4321 1202 4400 conversionem
1218 4320 1334 4398 sancti
1354 4318 1472 4397 Pauli.

694 4584 804 4662 XXll.
835 4584 1012 4690 lnquesta
1029 4582 1125 4662 lacta
1149 4612 1263 4691 super
1284 4583 1540 4662 destructione
1563 4581 1874 4661 molendinorum
1899 4603 1937 4662 et
1959 4617 2064 4695 paxe-

637 4715 779 4793 riarum
800 4713 955 4793 Arnaldi
977 4714 1024 4792 de
1044 4713 1273 4805 Montlanes,
1294 4715 1483 4825 Orgolosii
1503 4715 1553 4792 de
1571 4715 1742 4823 Orgolio,
1764 4715 1998 4798 etGaillardi
2013 4720 2062 4798 de

638 4845 900 4938 Gaillardello,
921 4873 989 4953 per
1007 4873 1192 4924 cameram
1209 4846 1452 4926 denariorum
1469 4847 1641 4954 expedita
1655 4876 1870 4956 pernoram
1885 4850 2061 4927 commis-

637 4977 784 5056 sionem
803 4975 936 5054 lactam
954 5005 1067 5084 super
1084 4977 1158 5056 hoc
1172 4978 1376 5058 senescallo
1390 4977 1591 5087 Agenensi.

691 5239 819 5320 XXIII.
849 5239 946 5320 Cum
968 5239 1066 5317 inter
1086 5237 1267 5318 ballivum
1290 5256 1463 5317 nostrum
1489 5241 1748 5318 Senonensem
1770 5239 1984 5347 Prouehis,
2013 5269 2056 5315 ex

632 5385 740 5472 parte
760 5397 851 5458 una,
874 5388 912 5450 et
929 5371 1124 5478 religiosos
1139 5370 1238 5450 viros
1257 5369 1431 5450 abbatem
1452 5387 1492 5448 et
1509 5388 1736 5452 conventum
1755 5371 1804 5449 de
1822 5373 1971 5478 loyaco,
1989 5369 2066 5447 Se·-
