5817 7292
893 1096 967 1169 tos
1473 1090 1565 1163 Lus
1595 1086 1737 1162 Olel.

667 1244 853 1307 raranntv,
891 1236 963 1315 sibi
983 1233 1184 1341 impositis,
1206 1230 1469 1313 inobedientes
1492 1230 1608 1310 brisso
1631 1230 1671 1305 in
1693 1224 1862 1335 parendo
1888 1241 2031 1315 arresto
2054 1226 2246 1334 predicto,
2271 1259 2315 1309 ac

729 1336 791 1379 ’ω’
893 1365 1078 1473 quosdam
1094 1364 1141 1443 de
1154 1364 1319 1473 quadam
1334 1361 1582 1441 multitudine
1595 1360 1783 1438 dictorum
1796 1356 2056 1436 habitantium
2067 1359 2316 1439 citatorumet

893 1496 1189 1605 comparentium
1215 1523 1341 1573 coram
1367 1494 1470 1572 curia
1491 1493 1679 1571 dictorum
1699 1489 1978 1599 religiosorum,
2001 1518 2089 1567 cum
2110 1492 2214 1571 dicto
2238 1495 2318 1571 Hu-

892 1656 1007 1737 gone,
1024 1628 1063 1703 in
1080 1626 1346 1705 contumeliam
1362 1625 1452 1703 dicti
1468 1624 1629 1713 abbatis,
1645 1622 1771 1730 ipsum
1785 1620 1947 1699 illusisse
1962 1637 2001 1699 et
2013 1638 2099 1729 post
2108 1622 2233 1729 ipsum
2249 1625 2318 1701 cla-

893 1757 1134 1836 masseAbell
1151 1756 1263 1835 Abcll
1280 1784 1348 1862 per
1362 1756 1462 1834 dicte
1474 1755 1577 1833 curie
1591 1770 1719 1832 nostre
1728 1752 1932 1862 judicium,
1951 1754 2202 1833 communitas
2215 1755 2315 1833 dicte

892 1888 979 1967 ville
992 1890 1265 1995 condempnata
1277 1884 1351 1963 fuit
1365 1886 1413 1964 ad
1427 1884 1653 1965 solvendum
1673 1884 1773 1962 dicto
1789 1883 1934 1973 abbati,
1955 1911 2025 1989 pro
2042 1883 2316 1964 inobedienciis

894 2035 931 2094 et
948 2019 1103 2128 injuriis'
1118 2017 1312 2124 predictis,
1329 2034 1531 2106 trecentas,
1554 2032 1593 2093 et
1610 2014 1722 2094 nobis
1742 2017 1923 2094 ducentas
1941 2014 2057 2094 libras
2072 2018 2317 2096 Turonenses

892 2177 961 2255 pro
979 2148 1152 2239 emenda,
1169 2149 1366 2256 dictusque
1381 2150 1503 2256 Hugo,
1514 2175 1587 2254 per
1601 2146 1705 2223 idem
1712 2145 1917 2256 judicium,
1933 2164 2083 2226 amotus
2094 2148 2165 2225 suit
2177 2149 2314 2256 imper·
2358 2222 2364 2229 .

892 2296 1050 2385 petuum
1069 2279 1116 2356 ab
1136 2278 1269 2357 officiis
1289 2279 1504 2358 consulatus
1526 2278 1624 2356 dicte
1645 2277 1746 2355 ville.

949 2409 1113 2488 Sabbata
1132 2410 1312 2516 predicta.

949 2542 1111 2647 Mangon
1130 2541 1342 2646 reportavit.

784 2896 789 2909 .
950 2802 1025 2877 LX.
1057 2801 1171 2892 Cum,
1192 2830 1262 2909 per
1281 2819 1463 2881 arrestum
1486 2805 1589 2881 curie
1609 2820 1755 2894 nostre,
1777 2802 1920 2881 dictum
1940 2802 2074 2881 fuisset
2092 2804 2198 2911 quod
2217 2831 2319 2882 com-

894 2931 1022 3009 missio
1052 2952 1166 3039 quam
1198 2932 1405 3041 burgenses
1429 2934 1477 3011 de
1501 2936 1764 3044 Duno-Regis,
1795 2962 1910 3043 snper
1931 2934 2120 3045 geolagio,
2140 2962 2314 3043 garenna,

893 3062 1005 3140 bonis
1029 3062 1292 3142 bastardorum
1309 3082 1348 3142 et
1362 3065 1595 3143 aubcnarum
1610 3096 1652 3145 ac
1666 3068 1833 3174 quodam
1848 3065 1985 3145 fossato
2004 3095 2074 3174 pro
2094 3065 2320 3145 animalibus

895 3194 1145 3300 adaquandis,
1162 3212 1292 3273 contra
1308 3213 1594 3302 procuratorem
1605 3215 1778 3277 nostrum
1791 3215 1830 3275 et
1839 3196 2021 3275 ballivum
2031 3198 2318 3287 Bituricensem,

894 3325 984 3431 ipsis
1004 3353 1083 3403 non
1101 3327 1254 3419 vocatis,
1276 3327 1324 3404 ad
1343 3346 1465 3407 certos
1483 3328 1675 3407 auditores
1695 3329 1982 3435 impetraverant
1995 3358 2063 3435 per
2080 3329 2236 3406 modum
2250 3354 2316 3405 no-

894 3455 1026 3545 vitatis,
1038 3484 1152 3562 quam
1162 3456 1340 3562 petebant
1349 3460 1874 3550 renova1i,nonrenovaretur,
1886 3459 2065 3537 sedcertis
2076 3456 2316 3536 auditoribus

895 3585 1193 3663 committeretur
1209 3585 1312 3693 quod
1326 3588 1398 3694 ipsi
1417 3588 1664 3695 inquirerent,
1686 3607 1873 3698 quamum
1893 3591 1939 3667 ad
1957 3589 2099 3666 dicmm
2116 3587 2312 3679 fossatum,

895 3715 926 3792 si
940 3732 1059 3794 castro
1073 3733 1200 3794 nostro
1220 3718 1392 3823 expediat
1406 3719 1530 3824 ipsum
1545 3720 1687 3812 claudi,
1703 3740 1757 3813 et,
1775 3739 1960 3829 qraantum
1972 3719 2021 3799 ad
2033 3720 2126 3797 alios
2140 3720 2319 3800 articulos

793 3944 801 3959 ι
896 3846 1100 3954 predictos,
1115 3876 1227 3955 super
1246 3866 1417 3957 tempore
1433 3880 1509 3957 quo
1523 3853 1613 3930 dicti
1632 3854 1838 3962 burgenses
1858 3854 1998 3931 dictam
2012 3851 2318 3931 commissionem

898 3978 1199 4084 impetraverint,
1221 4007 1290 4057 nos
1310 4008 1459 4058 eramus
1480 3999 1517 4059 et
1534 4011 1604 4089 per
1621 3984 1749 4090 plures
1767 4012 1887 4062 annos
1905 3984 2097 4062 fueramus
2121 3982 2162 4059 in
2186 3983 2319 4061 saisina

895 4108 1172 4213 predictorum,
1190 4126 1229 4185 et
1248 4110 1429 4217 quicquid
1457 4140 1571 4219 super
1593 4114 1675 4191 hiis.
1688 4114 1899 4193 invenirent
1919 4115 2023 4191 curie
2042 4131 2171 4192 nostre
2189 4140 2319 4221 repor-

896 4253 1034 4315 tarent:
1047 4240 1157 4316 Facta
1176 4239 1291 4345 igitur
1310 4270 1423 4347 super
1441 4244 1652 4349 premissis,
1663 4246 1768 4353 juxta
1784 4246 1875 4325 dicti
1892 4246 2023 4323 arresti
2034 4262 2225 4335 tenorem,
2241 4272 2335 4331 mas

895 4367 1020 4475 gistris
1041 4370 1206 4448 Droconi
1233 4370 1281 4448 de
1302 4372 1465 4450 Karitate
1489 4390 1528 4450 et
1546 4373 1697 4453 Nicolao
1716 4374 1767 4453 dc
1785 4376 1980 4465 Creciaco,
2002 4375 2144 4453 clericis
2163 4375 2318 4464 nostris,

896 4499 1178 4590 commissione,
1199 4500 1354 4609 visoque
1374 4531 1441 4609 per
1457 4504 1598 4582 curiam
1619 4522 1786 4584 nostram
1804 4535 1982 4615 processu
1998 4534 2068 4613 per
2085 4506 2187 4615 ipsos
2204 4534 2320 4613 super

894 4630 1087 4733 premissis
1101 4631 1213 4720 lacto,
1235 4633 1324 4740 quia
1342 4634 1536 4713 inventum
1555 4652 1613 4715 est
1629 4636 1790 4728 ibidem,
1811 4666 1880 4744 per
1897 4637 2018 4718 dictos
2034 4655 2316 4746 procuratorem

896 4775 935 4834 et
954 4756 1136 4837 ballivum
1154 4779 1317 4855 nostros,
1340 4765 1457 4843 nichil
1476 4795 1546 4873 pro
1565 4767 1675 4846 nobis
1694 4766 1810 4847 fuisse
1828 4769 2086 4877 propositum,
2110 4784 2150 4848 ct
2166 4796 2234 4876 per
2251 4794 2315 4846 eos

896 4888 1060 4968 articulis
1086 4891 1126 4967 in
1155 4894 1251 4971 dicta
1281 4898 1545 4978 commissione
1573 4902 1758 4979 contentis
1786 4902 1913 4981 minus
1941 4901 2172 4980 sufficienter
2200 4898 2313 4977 luisse

894 5048 1134 5127 responsum,
1151 5053 1219 5129 per
1238 5028 1340 5104 curie
1359 5046 1489 5109 nostre
1499 5030 1707 5141 judicium,
1728 5034 1871 5112 dictum
1890 5032 1964 5111 luit
1977 5032 2085 5141 quod
2102 5029 2314 5111 commissio

894 5152 1061 5256 predicta
1075 5156 1326 5246 renovabitur,
1339 5175 1377 5237 et
1389 5162 1631 5243 mandabitur
1642 5165 1747 5271 quod
1756 5165 1847 5242 dicti
1858 5164 2019 5244 ballivus
2033 5181 2072 5245 et
2083 5177 2317 5271 procurator,

895 5282 926 5359 si
946 5282 1090 5392 aliquid
1105 5286 1331 5367 racionabile
1350 5318 1419 5397 pro
1440 5294 1551 5373 nobis
1569 5322 1780 5402 proponere
1800 5324 1913 5405 super
1930 5296 2004 5375 boc
2020 5295 2226 5387 voluerint,
2248 5294 2317 5371 ite·

894 5440 980 5491 rum
1000 5417 1211 5508 audiantur,
1232 5436 1270 5497 ct
1288 5420 1472 5532 quicquid
1488 5453 1559 5530 pro
1577 5444 1738 5534 utraque
1751 5444 1857 5535 parte
1876 5427 2071 5506 inventum
2082 5424 2197 5505 luerit
2211 5422 2318 5501 curie
