<?xml version="1.0" encoding="UTF-8"?>
<!DOCTYPE html PUBLIC "-//W3C//DTD XHTML 1.0 Transitional//EN"
    "http://www.w3.org/TR/xhtml1/DTD/xhtml1-transitional.dtd">
<html xmlns="http://www.w3.org/1999/xhtml" xml:lang="en" lang="en">
 <head>
  <title>
</title>
<meta http-equiv="Content-Type" content="text/html;charset=utf-8" />
  <meta name='ocr-system' content='tesseract 3.04.00' />
  <meta name='ocr-capabilities' content='ocr_page ocr_carea ocr_par ocr_line ocrx_word'/>
</head>
<body>
  <div class='ocr_page' id='page_1' title='image "./lesolimouregist00pargoog_0616.png"; bbox 0 0 5817 7292; ppageno 0'>
   <div class='ocr_carea' id='block_1_1' title="bbox 911 1096 1749 1212">
    <p class='ocr_par' dir='ltr' id='par_1_1' title="bbox 911 1096 1749 1212">
     <span class='ocr_line' id='line_1_1' title="bbox 911 1096 1749 1212; baseline -0.006 0"><span class='ocrx_word' id='word_1_1' title='bbox 911 1139 983 1212; x_wconf 78' lang='lat'>512</span> <span class='ocrx_word' id='word_1_2' title='bbox 1494 1135 1585 1208; x_wconf 75' lang='lat' dir='ltr'>uss</span> <span class='ocrx_word' id='word_1_3' title='bbox 1611 1096 1749 1210; x_wconf 78' lang='lat' dir='ltr'>omn.</span> 
     </span>
    </p>
   </div>
   <div class='ocr_carea' id='block_1_2' title="bbox 684 1273 2344 3888">
    <p class='ocr_par' dir='ltr' id='par_1_2' title="bbox 684 1273 2344 3888">
     <span class='ocr_line' id='line_1_2' title="bbox 684 1273 2340 1385; baseline 0.004 -30"><span class='ocrx_word' id='word_1_4' title='bbox 684 1293 813 1344; x_wconf 65' lang='lat' dir='ltr'>enirm</span> <span class='ocrx_word' id='word_1_5' title='bbox 825 1287 871 1351; x_wconf 77' lang='lat' dir='ltr'>tv,</span> <span class='ocrx_word' id='word_1_6' title='bbox 908 1273 1331 1385; x_wconf 87' lang='lat' dir='ltr'>posscssioneejusdem</span> <span class='ocrx_word' id='word_1_7' title='bbox 1348 1274 1566 1367; x_wconf 91' lang='lat' dir='ltr'>inductum,</span> <span class='ocrx_word' id='word_1_8' title='bbox 1583 1276 1728 1367; x_wconf 83' lang='lat' dir='ltr'>lecerit,</span> <span class='ocrx_word' id='word_1_9' title='bbox 1753 1304 1866 1383; x_wconf 89' lang='lat' dir='ltr'>super</span> <span class='ocrx_word' id='word_1_10' title='bbox 1884 1276 2064 1384; x_wconf 83' lang='lat' dir='ltr'>predictis</span> <span class='ocrx_word' id='word_1_11' title='bbox 2088 1296 2127 1356; x_wconf 89' lang='lat' dir='ltr'>et</span> <span class='ocrx_word' id='word_1_12' title='bbox 2140 1279 2229 1359; x_wconf 91' lang='lat' dir='ltr'>hinc</span> <span class='ocrx_word' id='word_1_13' title='bbox 2247 1281 2340 1362; x_wconf 85' lang='lat' dir='ltr'>inde</span> 
     </span>
     <span class='ocr_line' id='line_1_3' title="bbox 745 1381 2340 1516; baseline 0.003 -30"><span class='ocrx_word' id='word_1_14' title='bbox 745 1381 808 1424; x_wconf 63' lang='lat'>&#39;³¹⁰&#39;</span> <span class='ocrx_word' id='word_1_15' title='bbox 907 1397 1122 1516; x_wconf 91' lang='lat' dir='ltr'>propositis,</span> <span class='ocrx_word' id='word_1_16' title='bbox 1141 1406 1282 1516; x_wconf 88' lang='lat' dir='ltr'>inquiri</span> <span class='ocrx_word' id='word_1_17' title='bbox 1298 1408 1507 1500; x_wconf 87' lang='lat' dir='ltr'>veritatem,</span> <span class='ocrx_word' id='word_1_18' title='bbox 1526 1410 1711 1486; x_wconf 88' lang='lat' dir='ltr'>dictarum</span> <span class='ocrx_word' id='word_1_19' title='bbox 1725 1409 1937 1486; x_wconf 87' lang='lat' dir='ltr'>litterarum</span> <span class='ocrx_word' id='word_1_20' title='bbox 1952 1427 2168 1490; x_wconf 86' lang='lat' dir='ltr'>nostrarum</span> <span class='ocrx_word' id='word_1_21' title='bbox 2179 1414 2340 1493; x_wconf 87' lang='lat' dir='ltr'>virtute:</span> 
     </span>
     <span class='ocr_line' id='line_1_4' title="bbox 907 1540 2340 1650; baseline 0.003 -30"><span class='ocrx_word' id='word_1_22' title='bbox 907 1541 994 1620; x_wconf 92' lang='lat' dir='ltr'>Visa</span> <span class='ocrx_word' id='word_1_23' title='bbox 1014 1542 1129 1650; x_wconf 85' lang='lat' dir='ltr'>igitur</span> <span class='ocrx_word' id='word_1_24' title='bbox 1143 1541 1241 1618; x_wconf 83' lang='lat' dir='ltr'>dicto</span> <span class='ocrx_word' id='word_1_25' title='bbox 1260 1541 1447 1646; x_wconf 88' lang='lat' dir='ltr'>inquesta,</span> <span class='ocrx_word' id='word_1_26' title='bbox 1475 1540 1523 1618; x_wconf 91' lang='lat' dir='ltr'>de</span> <span class='ocrx_word' id='word_1_27' title='bbox 1546 1540 1723 1619; x_wconf 89' lang='lat' dir='ltr'>mandato</span> <span class='ocrx_word' id='word_1_28' title='bbox 1745 1559 1875 1621; x_wconf 92' lang='lat' dir='ltr'>nostro</span> <span class='ocrx_word' id='word_1_29' title='bbox 1899 1543 2003 1620; x_wconf 93' lang='lat' dir='ltr'>curie</span> <span class='ocrx_word' id='word_1_30' title='bbox 2021 1562 2150 1624; x_wconf 89' lang='lat' dir='ltr'>nostre</span> <span class='ocrx_word' id='word_1_31' title='bbox 2171 1547 2340 1641; x_wconf 90' lang='lat' dir='ltr'>remissa,</span> 
     </span>
     <span class='ocr_line' id='line_1_5' title="bbox 907 1663 2341 1782; baseline 0.004 -31"><span class='ocrx_word' id='word_1_32' title='bbox 907 1702 976 1779; x_wconf 90' lang='lat' dir='ltr'>per</span> <span class='ocrx_word' id='word_1_33' title='bbox 999 1673 1098 1750; x_wconf 93' lang='lat' dir='ltr'>dicte</span> <span class='ocrx_word' id='word_1_34' title='bbox 1119 1689 1245 1751; x_wconf 90' lang='lat' dir='ltr'>nostre</span> <span class='ocrx_word' id='word_1_35' title='bbox 1266 1663 1370 1748; x_wconf 88' lang='lat' dir='ltr'>curia</span> <span class='ocrx_word' id='word_1_36' title='bbox 1383 1671 1590 1778; x_wconf 87' lang='lat' dir='ltr'>judicium,</span> <span class='ocrx_word' id='word_1_37' title='bbox 1613 1671 1758 1749; x_wconf 89' lang='lat' dir='ltr'>dictum</span> <span class='ocrx_word' id='word_1_38' title='bbox 1781 1673 1853 1750; x_wconf 81' lang='lat' dir='ltr'>fuit</span> <span class='ocrx_word' id='word_1_39' title='bbox 1873 1674 2088 1782; x_wconf 92' lang='lat' dir='ltr'>predictum</span> <span class='ocrx_word' id='word_1_40' title='bbox 2107 1677 2341 1757; x_wconf 88' lang='lat' dir='ltr'>Bernardum</span> 
     </span>
     <span class='ocr_line' id='line_1_6' title="bbox 907 1801 2342 1914; baseline 0.004 -32"><span class='ocrx_word' id='word_1_41' title='bbox 907 1805 1077 1914; x_wconf 86' lang='lat' dir='ltr'>Hugonis</span> <span class='ocrx_word' id='word_1_42' title='bbox 1095 1803 1231 1912; x_wconf 88' lang='lat' dir='ltr'>injuste</span> <span class='ocrx_word' id='word_1_43' title='bbox 1257 1802 1305 1880; x_wconf 88' lang='lat' dir='ltr'>de</span> <span class='ocrx_word' id='word_1_44' title='bbox 1334 1801 1444 1881; x_wconf 90' lang='lat' dir='ltr'>dictis</span> <span class='ocrx_word' id='word_1_45' title='bbox 1467 1803 1604 1880; x_wconf 89' lang='lat' dir='ltr'>nostris</span> <span class='ocrx_word' id='word_1_46' title='bbox 1628 1802 1851 1881; x_wconf 88' lang='lat' dir='ltr'>officialibus</span> <span class='ocrx_word' id='word_1_47' title='bbox 1872 1805 1986 1884; x_wconf 86' lang='lat' dir='ltr'>fuisse</span> <span class='ocrx_word' id='word_1_48' title='bbox 2010 1825 2282 1914; x_wconf 88' lang='lat' dir='ltr'>conquestum,</span> <span class='ocrx_word' id='word_1_49' title='bbox 2305 1828 2342 1888; x_wconf 90' lang='lat' dir='ltr'>et</span> 
     </span>
     <span class='ocr_line' id='line_1_7' title="bbox 908 1934 2343 2044; baseline 0.004 -32"><span class='ocrx_word' id='word_1_50' title='bbox 908 1937 1008 2044; x_wconf 91' lang='lat' dir='ltr'>ipsos</span> <span class='ocrx_word' id='word_1_51' title='bbox 1032 1954 1161 2014; x_wconf 87' lang='lat' dir='ltr'>contra</span> <span class='ocrx_word' id='word_1_52' title='bbox 1183 1937 1305 2043; x_wconf 91' lang='lat' dir='ltr'>ipsum</span> <span class='ocrx_word' id='word_1_53' title='bbox 1330 1963 1409 2012; x_wconf 90' lang='lat' dir='ltr'>non</span> <span class='ocrx_word' id='word_1_54' title='bbox 1434 1934 1648 2024; x_wconf 81' lang='lat' dir='ltr'>excessisse,</span> <span class='ocrx_word' id='word_1_55' title='bbox 1673 1935 1886 2044; x_wconf 79' lang='lat' dir='ltr'>dictamque</span> <span class='ocrx_word' id='word_1_56' title='bbox 1912 1965 2068 2015; x_wconf 87' lang='lat' dir='ltr'>manum</span> <span class='ocrx_word' id='word_1_57' title='bbox 2094 1957 2277 2033; x_wconf 87' lang='lat' dir='ltr'>nostram,</span> <span class='ocrx_word' id='word_1_58' title='bbox 2302 1942 2343 2017; x_wconf 90' lang='lat' dir='ltr'>in</span> 
     </span>
     <span class='ocr_line' id='line_1_8' title="bbox 907 2066 2342 2177; baseline 0.004 -33"><span class='ocrx_word' id='word_1_59' title='bbox 907 2068 1162 2177; x_wconf 87' lang='lat' dir='ltr'>prejudicium</span> <span class='ocrx_word' id='word_1_60' title='bbox 1184 2067 1273 2146; x_wconf 92' lang='lat' dir='ltr'>dicti</span> <span class='ocrx_word' id='word_1_61' title='bbox 1297 2066 1421 2144; x_wconf 84' lang='lat' dir='ltr'>fratris</span> <span class='ocrx_word' id='word_1_62' title='bbox 1443 2067 1648 2157; x_wconf 84' lang='lat' dir='ltr'>Remondi,</span> <span class='ocrx_word' id='word_1_63' title='bbox 1673 2068 1833 2174; x_wconf 83' lang='lat' dir='ltr'>positam</span> <span class='ocrx_word' id='word_1_64' title='bbox 1859 2069 1899 2145; x_wconf 91' lang='lat' dir='ltr'>in</span> <span class='ocrx_word' id='word_1_65' title='bbox 1924 2068 2025 2147; x_wconf 91' lang='lat' dir='ltr'>dicto</span> <span class='ocrx_word' id='word_1_66' title='bbox 2048 2070 2232 2176; x_wconf 82' lang='lat' dir='ltr'>prioratu,</span> <span class='ocrx_word' id='word_1_67' title='bbox 2260 2099 2342 2150; x_wconf 90' lang='lat' dir='ltr'>esse</span> 
     </span>
     <span class='ocr_line' id='line_1_9' title="bbox 908 2197 2343 2311; baseline 0.002 -35"><span class='ocrx_word' id='word_1_68' title='bbox 908 2201 1168 2294; x_wconf 82' lang='lat' dir='ltr'>amovendam,</span> <span class='ocrx_word' id='word_1_69' title='bbox 1186 2199 1351 2307; x_wconf 84' lang='lat' dir='ltr'>fuitque,</span> <span class='ocrx_word' id='word_1_70' title='bbox 1367 2227 1435 2308; x_wconf 89' lang='lat' dir='ltr'>per</span> <span class='ocrx_word' id='word_1_71' title='bbox 1447 2197 1550 2276; x_wconf 90' lang='lat' dir='ltr'>idem</span> <span class='ocrx_word' id='word_1_72' title='bbox 1558 2197 1760 2307; x_wconf 87' lang='lat' dir='ltr'>judicium,</span> <span class='ocrx_word' id='word_1_73' title='bbox 1776 2217 1916 2291; x_wconf 87' lang='lat' dir='ltr'>amota,</span> <span class='ocrx_word' id='word_1_74' title='bbox 1932 2217 2115 2308; x_wconf 87' lang='lat' dir='ltr'>quantum</span> <span class='ocrx_word' id='word_1_75' title='bbox 2127 2202 2244 2311; x_wconf 84' lang='lat' dir='ltr'>tangit</span> <span class='ocrx_word' id='word_1_76' title='bbox 2261 2203 2343 2279; x_wconf 90' lang='lat' dir='ltr'>dic-</span> 
     </span>
     <span class='ocr_line' id='line_1_10' title="bbox 908 2330 2339 2440; baseline 0.001 -32"><span class='ocrx_word' id='word_1_77' title='bbox 908 2347 992 2409; x_wconf 90' lang='lat' dir='ltr'>tum</span> <span class='ocrx_word' id='word_1_78' title='bbox 1009 2333 1161 2411; x_wconf 80' lang='lat' dir='ltr'>fratrem</span> <span class='ocrx_word' id='word_1_79' title='bbox 1181 2330 1439 2419; x_wconf 85' lang='lat' dir='ltr'>Remondum‚</span> <span class='ocrx_word' id='word_1_80' title='bbox 1454 2347 1493 2406; x_wconf 92' lang='lat' dir='ltr'>et</span> <span class='ocrx_word' id='word_1_81' title='bbox 1512 2330 1653 2408; x_wconf 89' lang='lat' dir='ltr'>dictum</span> <span class='ocrx_word' id='word_1_82' title='bbox 1670 2333 1794 2438; x_wconf 92' lang='lat' dir='ltr'>quod,</span> <span class='ocrx_word' id='word_1_83' title='bbox 1808 2349 1992 2440; x_wconf 89' lang='lat' dir='ltr'>quantum</span> <span class='ocrx_word' id='word_1_84' title='bbox 2010 2332 2058 2408; x_wconf 83' lang='lat' dir='ltr'>ad</span> <span class='ocrx_word' id='word_1_85' title='bbox 2076 2361 2146 2412; x_wconf 90' lang='lat' dir='ltr'>nos</span> <span class='ocrx_word' id='word_1_86' title='bbox 2159 2333 2339 2440; x_wconf 84' lang='lat' dir='ltr'>pertinet,</span> 
     </span>
     <span class='ocr_line' id='line_1_11' title="bbox 910 2460 2344 2572; baseline 0.001 -32"><span class='ocrx_word' id='word_1_87' title='bbox 910 2464 989 2570; x_wconf 89' lang='lat' dir='ltr'>ipse</span> <span class='ocrx_word' id='word_1_88' title='bbox 1008 2465 1046 2540; x_wconf 93' lang='lat' dir='ltr'>in</span> <span class='ocrx_word' id='word_1_89' title='bbox 1065 2493 1130 2542; x_wconf 88' lang='lat' dir='ltr'>sua</span> <span class='ocrx_word' id='word_1_90' title='bbox 1142 2463 1378 2569; x_wconf 89' lang='lat' dir='ltr'>possessione</span> <span class='ocrx_word' id='word_1_91' title='bbox 1392 2460 1647 2555; x_wconf 80' lang='lat' dir='ltr'>deflendetur,</span> <span class='ocrx_word' id='word_1_92' title='bbox 1662 2463 1750 2543; x_wconf 88' lang='lat' dir='ltr'>visis</span> <span class='ocrx_word' id='word_1_93' title='bbox 1764 2464 1882 2540; x_wconf 86' lang='lat' dir='ltr'>eciam</span> <span class='ocrx_word' id='word_1_94' title='bbox 1898 2463 2045 2542; x_wconf 85' lang='lat' dir='ltr'>duabus</span> <span class='ocrx_word' id='word_1_95' title='bbox 2060 2463 2143 2542; x_wconf 92' lang='lat' dir='ltr'>aliis</span> <span class='ocrx_word' id='word_1_96' title='bbox 2158 2465 2344 2572; x_wconf 88' lang='lat' dir='ltr'>inquestis</span> 
     </span>
     <span class='ocr_line' id='line_1_12' title="bbox 911 2593 2341 2688; baseline 0.001 -16"><span class='ocrx_word' id='word_1_97' title='bbox 911 2596 958 2674; x_wconf 92' lang='lat' dir='ltr'>de</span> <span class='ocrx_word' id='word_1_98' title='bbox 985 2594 1162 2672; x_wconf 86' lang='lat' dir='ltr'>mandato</span> <span class='ocrx_word' id='word_1_99' title='bbox 1188 2611 1316 2674; x_wconf 90' lang='lat' dir='ltr'>nostro</span> <span class='ocrx_word' id='word_1_100' title='bbox 1346 2593 1449 2673; x_wconf 85' lang='lat' dir='ltr'>sactis</span> <span class='ocrx_word' id='word_1_101' title='bbox 1478 2594 1779 2672; x_wconf 85' lang='lat' dir='ltr'>contradictum</span> <span class='ocrx_word' id='word_1_102' title='bbox 1808 2594 1968 2673; x_wconf 81' lang='lat' dir='ltr'>fratrem</span> <span class='ocrx_word' id='word_1_103' title='bbox 1988 2597 2242 2688; x_wconf 86' lang='lat' dir='ltr'>Remondum,</span> <span class='ocrx_word' id='word_1_104' title='bbox 2263 2616 2341 2674; x_wconf 87' lang='lat' dir='ltr'>tam</span> 
     </span>
     <span class='ocr_line' id='line_1_13' title="bbox 909 2727 2344 2834; baseline 0.002 -30"><span class='ocrx_word' id='word_1_105' title='bbox 909 2752 1023 2834; x_wconf 89' lang='lat' dir='ltr'>super</span> <span class='ocrx_word' id='word_1_106' title='bbox 1041 2727 1258 2833; x_wconf 79' lang='lat' dir='ltr'>portacione</span> <span class='ocrx_word' id='word_1_107' title='bbox 1278 2753 1470 2804; x_wconf 91' lang='lat' dir='ltr'>armorum</span> <span class='ocrx_word' id='word_1_108' title='bbox 1490 2756 1605 2832; x_wconf 90' lang='lat' dir='ltr'>quam</span> <span class='ocrx_word' id='word_1_109' title='bbox 1625 2756 1742 2834; x_wconf 91' lang='lat' dir='ltr'>super</span> <span class='ocrx_word' id='word_1_110' title='bbox 1756 2727 1932 2834; x_wconf 90' lang='lat' dir='ltr'>pluribus</span> <span class='ocrx_word' id='word_1_111' title='bbox 1951 2727 2240 2816; x_wconf 80' lang='lat' dir='ltr'>rebellionibus,</span> <span class='ocrx_word' id='word_1_112' title='bbox 2259 2729 2344 2807; x_wconf 89' lang='lat' dir='ltr'>ino·</span> 
     </span>
     <span class='ocr_line' id='line_1_14' title="bbox 909 2857 2344 2965; baseline 0.001 -31"><span class='ocrx_word' id='word_1_113' title='bbox 909 2858 1117 2936; x_wconf 91' lang='lat' dir='ltr'>bedienciis</span> <span class='ocrx_word' id='word_1_114' title='bbox 1135 2875 1173 2936; x_wconf 90' lang='lat' dir='ltr'>et</span> <span class='ocrx_word' id='word_1_115' title='bbox 1188 2857 1348 2965; x_wconf 87' lang='lat' dir='ltr'>injuriis,</span> <span class='ocrx_word' id='word_1_116' title='bbox 1366 2887 1434 2964; x_wconf 89' lang='lat' dir='ltr'>per</span> <span class='ocrx_word' id='word_1_117' title='bbox 1450 2857 1576 2963; x_wconf 89' lang='lat' dir='ltr'>ipsum</span> <span class='ocrx_word' id='word_1_118' title='bbox 1592 2875 1631 2936; x_wconf 89' lang='lat' dir='ltr'>et</span> <span class='ocrx_word' id='word_1_119' title='bbox 1646 2886 1736 2935; x_wconf 88' lang='lat' dir='ltr'>suos</span> <span class='ocrx_word' id='word_1_120' title='bbox 1750 2858 1955 2964; x_wconf 89' lang='lat' dir='ltr'>complices</span> <span class='ocrx_word' id='word_1_121' title='bbox 1969 2857 2088 2949; x_wconf 84' lang='lat' dir='ltr'>factis,</span> <span class='ocrx_word' id='word_1_122' title='bbox 2105 2877 2232 2937; x_wconf 87' lang='lat' dir='ltr'>contra</span> <span class='ocrx_word' id='word_1_123' title='bbox 2248 2887 2344 2938; x_wconf 89' lang='lat' dir='ltr'>com·</span> 
     </span>
     <span class='ocr_line' id='line_1_15' title="bbox 909 2988 2344 3102; baseline 0.002 -36"><span class='ocrx_word' id='word_1_124' title='bbox 909 2990 1098 3070; x_wconf 86' lang='lat' dir='ltr'>missarios</span> <span class='ocrx_word' id='word_1_125' title='bbox 1118 2989 1335 3068; x_wconf 88' lang='lat' dir='ltr'>senescallie</span> <span class='ocrx_word' id='word_1_126' title='bbox 1357 2989 1630 3102; x_wconf 69' lang='lat' dir='ltr'>Rutlrenensis,</span> <span class='ocrx_word' id='word_1_127' title='bbox 1647 2988 1730 3097; x_wconf 89' lang='lat' dir='ltr'>ejus</span> <span class='ocrx_word' id='word_1_128' title='bbox 1749 2990 1971 3068; x_wconf 88' lang='lat' dir='ltr'>mandatum</span> <span class='ocrx_word' id='word_1_129' title='bbox 1990 3009 2236 3098; x_wconf 82' lang='lat' dir='ltr'>exequentes,</span> <span class='ocrx_word' id='word_1_130' title='bbox 2254 3019 2344 3069; x_wconf 89' lang='lat' dir='ltr'>con—</span> 
     </span>
     <span class='ocr_line' id='line_1_16' title="bbox 908 3122 2340 3229; baseline 0 -28"><span class='ocrx_word' id='word_1_131' title='bbox 908 3122 1081 3202; x_wconf 88' lang='lat' dir='ltr'>sideratis</span> <span class='ocrx_word' id='word_1_132' title='bbox 1106 3122 1285 3202; x_wconf 89' lang='lat' dir='ltr'>omnihus</span> <span class='ocrx_word' id='word_1_133' title='bbox 1307 3134 1382 3228; x_wconf 85' lang='lat' dir='ltr'>que&#39;</span> <span class='ocrx_word' id='word_1_134' title='bbox 1404 3122 1611 3229; x_wconf 88' lang='lat' dir='ltr'>superbiis</span> <span class='ocrx_word' id='word_1_135' title='bbox 1633 3123 1864 3200; x_wconf 89' lang='lat' dir='ltr'>considerari</span> <span class='ocrx_word' id='word_1_136' title='bbox 1881 3139 2055 3229; x_wconf 87' lang='lat' dir='ltr'>poterant</span> <span class='ocrx_word' id='word_1_137' title='bbox 2075 3141 2114 3200; x_wconf 84' lang='lat' dir='ltr'>et</span> <span class='ocrx_word' id='word_1_138' title='bbox 2135 3124 2340 3213; x_wconf 86' lang='lat' dir='ltr'>debebant,</span> 
     </span>
     <span class='ocr_line' id='line_1_17' title="bbox 910 3253 2343 3363; baseline 0 -32"><span class='ocrx_word' id='word_1_139' title='bbox 910 3255 999 3343; x_wconf 84' lang='lat' dir='ltr'>luit,</span> <span class='ocrx_word' id='word_1_140' title='bbox 1014 3283 1082 3363; x_wconf 93' lang='lat' dir='ltr'>per</span> <span class='ocrx_word' id='word_1_141' title='bbox 1094 3255 1196 3332; x_wconf 88' lang='lat' dir='ltr'>idem</span> <span class='ocrx_word' id='word_1_142' title='bbox 1205 3253 1409 3362; x_wconf 90' lang='lat' dir='ltr'>judicium,</span> <span class='ocrx_word' id='word_1_143' title='bbox 1427 3253 1643 3330; x_wconf 89' lang='lat' dir='ltr'>ordinatum</span> <span class='ocrx_word' id='word_1_144' title='bbox 1659 3254 1764 3361; x_wconf 87' lang='lat' dir='ltr'>quod</span> <span class='ocrx_word' id='word_1_145' title='bbox 1778 3255 2035 3362; x_wconf 85' lang='lat' dir='ltr'>temporalitas</span> <span class='ocrx_word' id='word_1_146' title='bbox 2051 3255 2140 3332; x_wconf 88' lang='lat' dir='ltr'>dicti</span> <span class='ocrx_word' id='word_1_147' title='bbox 2155 3253 2343 3360; x_wconf 87' lang='lat' dir='ltr'>prioratus</span> 
     </span>
     <span class='ocr_line' id='line_1_18' title="bbox 911 3383 2342 3492; baseline -0.001 -29"><span class='ocrx_word' id='word_1_148' title='bbox 911 3387 959 3463; x_wconf 90' lang='lat' dir='ltr'>ad</span> <span class='ocrx_word' id='word_1_149' title='bbox 971 3415 1124 3463; x_wconf 89' lang='lat' dir='ltr'>manum</span> <span class='ocrx_word' id='word_1_150' title='bbox 1141 3401 1307 3463; x_wconf 85' lang='lat' dir='ltr'>nostram</span> <span class='ocrx_word' id='word_1_151' title='bbox 1328 3385 1495 3491; x_wconf 86' lang='lat' dir='ltr'>capiatur</span> <span class='ocrx_word' id='word_1_152' title='bbox 1514 3401 1552 3461; x_wconf 88' lang='lat' dir='ltr'>et</span> <span class='ocrx_word' id='word_1_153' title='bbox 1570 3402 1755 3475; x_wconf 86' lang='lat' dir='ltr'>teneatur,</span> <span class='ocrx_word' id='word_1_154' title='bbox 1774 3413 1972 3492; x_wconf 85' lang='lat' dir='ltr'>quousque</span> <span class='ocrx_word' id='word_1_155' title='bbox 1989 3383 2097 3462; x_wconf 92' lang='lat' dir='ltr'>nobis</span> <span class='ocrx_word' id='word_1_156' title='bbox 2119 3384 2166 3461; x_wconf 90' lang='lat' dir='ltr'>de</span> <span class='ocrx_word' id='word_1_157' title='bbox 2186 3402 2342 3462; x_wconf 91' lang='lat' dir='ltr'>centum</span> 
     </span>
     <span class='ocr_line' id='line_1_19' title="bbox 911 3515 2280 3624; baseline -0.001 -30"><span class='ocrx_word' id='word_1_158' title='bbox 911 3517 1019 3595; x_wconf 92' lang='lat' dir='ltr'>libris</span> <span class='ocrx_word' id='word_1_159' title='bbox 1034 3516 1322 3602; x_wconf 83' lang='lat' dir='ltr'>Turonensibus</span> <span class='ocrx_word' id='word_1_160' title='bbox 1341 3515 1455 3595; x_wconf 87' lang='lat' dir='ltr'>fuerit</span> <span class='ocrx_word' id='word_1_161' title='bbox 1474 3515 1721 3607; x_wconf 80' lang='lat' dir='ltr'>satisfactum,</span> <span class='ocrx_word' id='word_1_162' title='bbox 1742 3547 1811 3624; x_wconf 93' lang='lat' dir='ltr'>pro</span> <span class='ocrx_word' id='word_1_163' title='bbox 1831 3516 1992 3595; x_wconf 87' lang='lat' dir='ltr'>emenda</span> <span class='ocrx_word' id='word_1_164' title='bbox 2010 3516 2280 3623; x_wconf 91' lang='lat' dir='ltr'>predictorum.</span> 
     </span>
     <span class='ocr_line' id='line_1_20' title="bbox 969 3647 1663 3755; baseline -0.003 -27"><span class='ocrx_word' id='word_1_165' title='bbox 969 3649 1145 3728; x_wconf 90' lang='lat' dir='ltr'>Mercurii</span> <span class='ocrx_word' id='word_1_166' title='bbox 1166 3667 1252 3755; x_wconf 90' lang='lat' dir='ltr'>post</span> <span class='ocrx_word' id='word_1_167' title='bbox 1270 3647 1420 3732; x_wconf 81' lang='lat' dir='ltr'>octabas</span> <span class='ocrx_word' id='word_1_168' title='bbox 1440 3647 1663 3726; x_wconf 85' lang='lat' dir='ltr'>Candclose.</span> 
     </span>
     <span class='ocr_line' id='line_1_21' title="bbox 969 3778 1360 3888; baseline -0.003 -29"><span class='ocrx_word' id='word_1_169' title='bbox 969 3782 1131 3888; x_wconf 86' lang='lat' dir='ltr'>Mangon</span> <span class='ocrx_word' id='word_1_170' title='bbox 1149 3778 1360 3888; x_wconf 84' lang='lat' dir='ltr'>reportavit.</span> 
     </span>
    </p>
   </div>
   <div class='ocr_carea' id='block_1_3' title="bbox 912 4047 2351 5602">
    <p class='ocr_par' dir='ltr' id='par_1_3' title="bbox 912 4047 2351 5602">
     <span class='ocr_line' id='line_1_22' title="bbox 968 4047 2347 4158; baseline 0 -34"><span class='ocrx_word' id='word_1_171' title='bbox 968 4049 1013 4124; x_wconf 91' lang='lat' dir='ltr'>X.</span> <span class='ocrx_word' id='word_1_172' title='bbox 1046 4048 1126 4124; x_wconf 89' lang='lat' dir='ltr'>Lite</span> <span class='ocrx_word' id='word_1_173' title='bbox 1149 4065 1266 4141; x_wconf 88' lang='lat' dir='ltr'>mota,</span> <span class='ocrx_word' id='word_1_174' title='bbox 1294 4077 1419 4126; x_wconf 88' lang='lat' dir='ltr'>coram</span> <span class='ocrx_word' id='word_1_175' title='bbox 1433 4049 1564 4158; x_wconf 89' lang='lat' dir='ltr'>judice</span> <span class='ocrx_word' id='word_1_176' title='bbox 1587 4050 1831 4127; x_wconf 89' lang='lat' dir='ltr'>dominorum</span> <span class='ocrx_word' id='word_1_177' title='bbox 1857 4049 1904 4125; x_wconf 92' lang='lat' dir='ltr'>de</span> <span class='ocrx_word' id='word_1_178' title='bbox 1929 4047 2073 4137; x_wconf 82' lang='lat' dir='ltr'>Alasto,</span> <span class='ocrx_word' id='word_1_179' title='bbox 2100 4047 2199 4124; x_wconf 89' lang='lat' dir='ltr'>inter</span> <span class='ocrx_word' id='word_1_180' title='bbox 2218 4047 2347 4124; x_wconf 76' lang='lat' dir='ltr'>Petro·</span> 
     </span>
     <span class='ocr_line' id='line_1_23' title="bbox 912 4175 2351 4287; baseline -0.001 -32"><span class='ocrx_word' id='word_1_181' title='bbox 912 4175 1058 4268; x_wconf 86' lang='lat' dir='ltr'>nillam,</span> <span class='ocrx_word' id='word_1_182' title='bbox 1089 4175 1207 4255; x_wconf 85' lang='lat' dir='ltr'>liliam</span> <span class='ocrx_word' id='word_1_183' title='bbox 1231 4176 1412 4256; x_wconf 81' lang='lat' dir='ltr'>lobannis</span> <span class='ocrx_word' id='word_1_184' title='bbox 1436 4179 1628 4270; x_wconf 88' lang='lat' dir='ltr'>Robandi,</span> <span class='ocrx_word' id='word_1_185' title='bbox 1654 4209 1699 4258; x_wconf 87' lang='lat' dir='ltr'>ex</span> <span class='ocrx_word' id='word_1_186' title='bbox 1720 4207 1795 4256; x_wconf 88' lang='lat' dir='ltr'>una</span> <span class='ocrx_word' id='word_1_187' title='bbox 1822 4196 1945 4285; x_wconf 80' lang='lat' dir='ltr'>parte,</span> <span class='ocrx_word' id='word_1_188' title='bbox 1971 4195 2009 4256; x_wconf 89' lang='lat' dir='ltr'>et</span> <span class='ocrx_word' id='word_1_189' title='bbox 2035 4176 2255 4287; x_wconf 84' lang='lat' dir='ltr'>magistrum</span> <span class='ocrx_word' id='word_1_190' title='bbox 2275 4177 2351 4272; x_wconf 65' lang='lat' dir='ltr'>Pe·⁴</span> 
     </span>
     <span class='ocr_line' id='line_1_24' title="bbox 912 4307 2345 4418; baseline -0.001 -33"><span class='ocrx_word' id='word_1_191' title='bbox 912 4326 1016 4385; x_wconf 91' lang='lat' dir='ltr'>trum</span> <span class='ocrx_word' id='word_1_192' title='bbox 1039 4307 1207 4414; x_wconf 91' lang='lat' dir='ltr'>Capelle,</span> <span class='ocrx_word' id='word_1_193' title='bbox 1232 4338 1275 4387; x_wconf 84' lang='lat' dir='ltr'>ex</span> <span class='ocrx_word' id='word_1_194' title='bbox 1291 4310 1425 4404; x_wconf 85' lang='lat' dir='ltr'>altera,</span> <span class='ocrx_word' id='word_1_195' title='bbox 1448 4340 1564 4418; x_wconf 91' lang='lat' dir='ltr'>super</span> <span class='ocrx_word' id='word_1_196' title='bbox 1588 4340 1634 4389; x_wconf 89' lang='lat' dir='ltr'>eo</span> <span class='ocrx_word' id='word_1_197' title='bbox 1657 4310 1763 4416; x_wconf 91' lang='lat' dir='ltr'>quod</span> <span class='ocrx_word' id='word_1_198' title='bbox 1779 4311 1887 4388; x_wconf 90' lang='lat' dir='ltr'>dicta</span> <span class='ocrx_word' id='word_1_199' title='bbox 1903 4309 2128 4398; x_wconf 89' lang='lat' dir='ltr'>Petronilla,</span> <span class='ocrx_word' id='word_1_200' title='bbox 2152 4337 2239 4385; x_wconf 91' lang='lat' dir='ltr'>oum</span> <span class='ocrx_word' id='word_1_201' title='bbox 2259 4337 2345 4384; x_wconf 91' lang='lat' dir='ltr'>auc-</span> 
     </span>
     <span class='ocr_line' id='line_1_25' title="bbox 913 4439 2342 4550; baseline -0.001 -32"><span class='ocrx_word' id='word_1_202' title='bbox 913 4440 1062 4518; x_wconf 86' lang='lat' dir='ltr'>toritate</span> <span class='ocrx_word' id='word_1_203' title='bbox 1076 4440 1261 4549; x_wconf 91' lang='lat' dir='ltr'>patrissui</span> <span class='ocrx_word' id='word_1_204' title='bbox 1272 4441 1449 4550; x_wconf 90' lang='lat' dir='ltr'>predicti,</span> <span class='ocrx_word' id='word_1_205' title='bbox 1465 4441 1677 4520; x_wconf 88' lang='lat' dir='ltr'>vindicabat</span> <span class='ocrx_word' id='word_1_206' title='bbox 1689 4441 1893 4550; x_wconf 88' lang='lat' dir='ltr'>quemdam</span> <span class='ocrx_word' id='word_1_207' title='bbox 1905 4470 2091 4548; x_wconf 87' lang='lat' dir='ltr'>campum,</span> <span class='ocrx_word' id='word_1_208' title='bbox 2108 4439 2342 4547; x_wconf 81' lang='lat' dir='ltr'>designatum</span> 
     </span>
     <span class='ocr_line' id='line_1_26' title="bbox 913 4569 2346 4680; baseline -0.001 -34"><span class='ocrx_word' id='word_1_209' title='bbox 913 4571 952 4648; x_wconf 90' lang='lat' dir='ltr'>in</span> <span class='ocrx_word' id='word_1_210' title='bbox 971 4569 1102 4649; x_wconf 93' lang='lat' dir='ltr'>libello</span> <span class='ocrx_word' id='word_1_211' title='bbox 1121 4598 1208 4664; x_wconf 88' lang='lat' dir='ltr'>suo,</span> <span class='ocrx_word' id='word_1_212' title='bbox 1229 4601 1316 4650; x_wconf 90' lang='lat' dir='ltr'>cum</span> <span class='ocrx_word' id='word_1_213' title='bbox 1336 4571 1521 4652; x_wconf 81' lang='lat' dir='ltr'>fructibus</span> <span class='ocrx_word' id='word_1_214' title='bbox 1548 4573 1641 4651; x_wconf 91' lang='lat' dir='ltr'>inde</span> <span class='ocrx_word' id='word_1_215' title='bbox 1667 4573 1874 4680; x_wconf 70' lang='lat' dir='ltr'>perceptis,</span> <span class='ocrx_word' id='word_1_216' title='bbox 1902 4572 1967 4650; x_wconf 91' lang='lat' dir='ltr'>lite</span> <span class='ocrx_word' id='word_1_217' title='bbox 1998 4571 2113 4679; x_wconf 84' lang='lat' dir='ltr'>igitur</span> <span class='ocrx_word' id='word_1_218' title='bbox 2126 4599 2249 4677; x_wconf 90' lang='lat' dir='ltr'>super</span> <span class='ocrx_word' id='word_1_219' title='bbox 2271 4569 2346 4645; x_wconf 91' lang='lat' dir='ltr'>hiis</span> 
     </span>
     <span class='ocr_line' id='line_1_27' title="bbox 914 4701 2341 4813; baseline -0.003 -33"><span class='ocrx_word' id='word_1_220' title='bbox 914 4719 1132 4793; x_wconf 86' lang='lat' dir='ltr'>contestata,</span> <span class='ocrx_word' id='word_1_221' title='bbox 1159 4703 1372 4813; x_wconf 89' lang='lat' dir='ltr'>auditisque</span> <span class='ocrx_word' id='word_1_222' title='bbox 1397 4705 1613 4784; x_wconf 90' lang='lat' dir='ltr'>racionibus</span> <span class='ocrx_word' id='word_1_223' title='bbox 1631 4722 1670 4782; x_wconf 86' lang='lat' dir='ltr'>et</span> <span class='ocrx_word' id='word_1_224' title='bbox 1685 4703 1977 4812; x_wconf 78' lang='lat' dir='ltr'>probacionihus</span> <span class='ocrx_word' id='word_1_225' title='bbox 1994 4702 2111 4808; x_wconf 85' lang='lat' dir='ltr'>partis</span> <span class='ocrx_word' id='word_1_226' title='bbox 2131 4701 2341 4805; x_wconf 89' lang='lat' dir='ltr'>utriusque,</span> 
     </span>
     <span class='ocr_line' id='line_1_28' title="bbox 914 4832 2346 4944; baseline -0.003 -34"><span class='ocrx_word' id='word_1_227' title='bbox 914 4833 1035 4913; x_wconf 87' lang='lat' dir='ltr'>dictus</span> <span class='ocrx_word' id='word_1_228' title='bbox 1056 4834 1173 4944; x_wconf 84' lang='lat' dir='ltr'>judex</span> <span class='ocrx_word' id='word_1_229' title='bbox 1186 4838 1446 4943; x_wconf 84' lang='lat' dir='ltr'>pronunciavit</span> <span class='ocrx_word' id='word_1_230' title='bbox 1469 4837 1610 4916; x_wconf 91' lang='lat' dir='ltr'>dictum</span> <span class='ocrx_word' id='word_1_231' title='bbox 1631 4865 1851 4944; x_wconf 88' lang='lat' dir='ltr'>processum</span> <span class='ocrx_word' id='word_1_232' title='bbox 1870 4833 1951 4912; x_wconf 85' lang='lat' dir='ltr'>fore</span> <span class='ocrx_word' id='word_1_233' title='bbox 1977 4832 2145 4921; x_wconf 91' lang='lat' dir='ltr'>nullum,</span> <span class='ocrx_word' id='word_1_234' title='bbox 2171 4847 2346 4942; x_wconf 90' lang='lat' dir='ltr'>neutram</span> 
     </span>
     <span class='ocr_line' id='line_1_29' title="bbox 912 4961 2347 5077; baseline -0.003 -33"><span class='ocrx_word' id='word_1_235' title='bbox 912 4983 1058 5074; x_wconf 86' lang='lat' dir='ltr'>partem</span> <span class='ocrx_word' id='word_1_236' title='bbox 1082 4967 1121 5045; x_wconf 90' lang='lat' dir='ltr'>in</span> <span class='ocrx_word' id='word_1_237' title='bbox 1146 4969 1314 5075; x_wconf 84' lang='lat' dir='ltr'>expensis</span> <span class='ocrx_word' id='word_1_238' title='bbox 1338 4967 1672 5077; x_wconf 80' lang='lat' dir='ltr'>condempnand03</span> <span class='ocrx_word' id='word_1_239' title='bbox 1698 4998 1719 5044; x_wconf 93' lang='lat' dir='ltr'>a</span> <span class='ocrx_word' id='word_1_240' title='bbox 1743 4996 1818 5074; x_wconf 86' lang='lat' dir='ltr'>qua</span> <span class='ocrx_word' id='word_1_241' title='bbox 1838 4965 1994 5073; x_wconf 88' lang='lat' dir='ltr'>quidem</span> <span class='ocrx_word' id='word_1_242' title='bbox 2014 4963 2203 5042; x_wconf 88' lang='lat' dir='ltr'>sentencia</span> <span class='ocrx_word' id='word_1_243' title='bbox 2221 4961 2271 5039; x_wconf 87' lang='lat' dir='ltr'>ad</span> <span class='ocrx_word' id='word_1_244' title='bbox 2289 4991 2347 5040; x_wconf 88' lang='lat' dir='ltr'>se·</span> 
     </span>
     <span class='ocr_line' id='line_1_30' title="bbox 913 5093 2347 5208; baseline -0.002 -34"><span class='ocrx_word' id='word_1_245' title='bbox 913 5100 1120 5178; x_wconf 89' lang='lat' dir='ltr'>nescallum</span> <span class='ocrx_word' id='word_1_246' title='bbox 1139 5118 1310 5181; x_wconf 88' lang='lat' dir='ltr'>nostrum</span> <span class='ocrx_word' id='word_1_247' title='bbox 1319 5099 1567 5194; x_wconf 81' lang='lat' dir='ltr'>Belli-cadri,</span> <span class='ocrx_word' id='word_1_248' title='bbox 1581 5128 1650 5208; x_wconf 92' lang='lat' dir='ltr'>per</span> <span class='ocrx_word' id='word_1_249' title='bbox 1664 5099 1801 5176; x_wconf 91' lang='lat' dir='ltr'>dictam</span> <span class='ocrx_word' id='word_1_250' title='bbox 1816 5097 2062 5176; x_wconf 85' lang='lat' dir='ltr'>Petmnillam</span> <span class='ocrx_word' id='word_1_251' title='bbox 2081 5094 2202 5174; x_wconf 82' lang='lat' dir='ltr'>extitit</span> <span class='ocrx_word' id='word_1_252' title='bbox 2218 5093 2347 5202; x_wconf 88' lang='lat' dir='ltr'>appel-</span> 
     </span>
     <span class='ocr_line' id='line_1_31' title="bbox 914 5227 2347 5341; baseline -0.003 -35"><span class='ocrx_word' id='word_1_253' title='bbox 914 5229 1051 5323; x_wconf 72' lang='lat' dir='ltr'>latum,</span> <span class='ocrx_word' id='word_1_254' title='bbox 1072 5232 1179 5341; x_wconf 91' lang='lat' dir='ltr'>cujus</span> <span class='ocrx_word' id='word_1_255' title='bbox 1199 5233 1392 5312; x_wconf 85' lang='lat' dir='ltr'>senescalli</span> <span class='ocrx_word' id='word_1_256' title='bbox 1412 5231 1693 5322; x_wconf 91' lang='lat' dir='ltr'>locumtenens,</span> <span class='ocrx_word' id='word_1_257' title='bbox 1710 5230 1861 5340; x_wconf 82' lang='lat' dir='ltr'>cognito</span> <span class='ocrx_word' id='word_1_258' title='bbox 1882 5229 1930 5308; x_wconf 88' lang='lat' dir='ltr'>de</span> <span class='ocrx_word' id='word_1_259' title='bbox 1949 5227 2095 5306; x_wconf 90' lang='lat' dir='ltr'>meritis</span> <span class='ocrx_word' id='word_1_260' title='bbox 2114 5229 2213 5305; x_wconf 90' lang='lat' dir='ltr'>dicte</span> <span class='ocrx_word' id='word_1_261' title='bbox 2236 5253 2347 5302; x_wconf 85' lang='lat' dir='ltr'>cause</span> 
     </span>
     <span class='ocr_line' id='line_1_32' title="bbox 914 5359 2349 5473; baseline -0.003 -35"><span class='ocrx_word' id='word_1_262' title='bbox 914 5360 1197 5468; x_wconf 89' lang='lat' dir='ltr'>appellacionis,</span> <span class='ocrx_word' id='word_1_263' title='bbox 1215 5363 1476 5471; x_wconf 85' lang='lat' dir='ltr'>pronunciavit</span> <span class='ocrx_word' id='word_1_264' title='bbox 1490 5365 1635 5443; x_wconf 91' lang='lat' dir='ltr'>dictum</span> <span class='ocrx_word' id='word_1_265' title='bbox 1649 5363 1821 5473; x_wconf 88' lang='lat' dir='ltr'>judicem</span> <span class='ocrx_word' id='word_1_266' title='bbox 1842 5362 1889 5440; x_wconf 91' lang='lat' dir='ltr'>de</span> <span class='ocrx_word' id='word_1_267' title='bbox 1915 5360 2044 5443; x_wconf 88' lang='lat' dir='ltr'>Alesto</span> <span class='ocrx_word' id='word_1_268' title='bbox 2065 5359 2164 5437; x_wconf 88' lang='lat' dir='ltr'>male</span> <span class='ocrx_word' id='word_1_269' title='bbox 2182 5384 2349 5466; x_wconf 91' lang='lat' dir='ltr'>pronun·</span> 
     </span>
     <span class='ocr_line' id='line_1_33' title="bbox 916 5491 2349 5602; baseline -0.003 -33"><span class='ocrx_word' id='word_1_270' title='bbox 916 5493 1047 5586; x_wconf 87' lang='lat' dir='ltr'>ciasse,</span> <span class='ocrx_word' id='word_1_271' title='bbox 1073 5512 1110 5573; x_wconf 91' lang='lat' dir='ltr'>et</span> <span class='ocrx_word' id='word_1_272' title='bbox 1137 5495 1274 5574; x_wconf 85' lang='lat' dir='ltr'>dictam</span> <span class='ocrx_word' id='word_1_273' title='bbox 1296 5495 1539 5576; x_wconf 85' lang='lat' dir='ltr'>Petronillam</span> <span class='ocrx_word' id='word_1_274' title='bbox 1561 5496 1661 5574; x_wconf 88' lang='lat' dir='ltr'>bene</span> <span class='ocrx_word' id='word_1_275' title='bbox 1688 5494 1913 5602; x_wconf 81' lang='lat' dir='ltr'>appellassc3</span> <span class='ocrx_word' id='word_1_276' title='bbox 1938 5493 1999 5585; x_wconf 82' lang='lat' dir='ltr'>et,</span> <span class='ocrx_word' id='word_1_277' title='bbox 2025 5520 2113 5570; x_wconf 93' lang='lat' dir='ltr'>cum</span> <span class='ocrx_word' id='word_1_278' title='bbox 2138 5491 2228 5579; x_wconf 79' lang='lat' dir='ltr'>lioc,</span> <span class='ocrx_word' id='word_1_279' title='bbox 2259 5515 2349 5566; x_wconf 91' lang='lat' dir='ltr'>con·</span> 
     </span>
    </p>
   </div>
   <div class='ocr_carea' id='block_1_4' title="bbox 0 0 2929 7284">
    <p class='ocr_par' dir='ltr' id='par_1_4' title="bbox 0 0 2929 7284">
     <span class='ocr_line' id='line_1_34' title="bbox 0 0 2929 7284; baseline 0 0"><span class='ocrx_word' id='word_1_280' title='bbox 0 0 2929 7284; x_wconf 95' lang='lat' dir='ltr'> </span> 
     </span>
    </p>
   </div>
  </div>
 </body>
</html>
