5817 7292
1048 1089 1315 1196 tritossius
1340 1105 1404 1178 er
1429 1103 1637 1180 procus.
1844 1121 1849 1130 ·
1976 1107 2046 1208 ³²!

690 1246 886 1325 Dominica
901 1273 976 1354 qua
988 1264 1161 1326 cantatur
1181 1245 1343 1324 :Judics
1360 1273 1435 1323 me.

689 1381 792 1486 Roys
807 1378 1020 1486 reportavit.

689 1641 846 1725 txvtu.
877 1639 977 1719 Cum
1003 1657 1174 1746 exparte
1198 1642 1420 1747 Margarete,
1449 1638 1649 1720 domicelle
1680 1639 1727 1716 de
1755 1641 1902 1729 serres,
1922 1639 2052 1725 fuisset

592 1781 598 1790 '
632 1768 761 1859 nobis,
781 1769 1069 1875 conquerendo,
1090 1751 1345 1850 ⁴monstratum
1363 1771 1486 1876 quod,
1507 1770 1574 1847 lite
1593 1769 1783 1875 pendente
1803 1770 1903 1848 inter
1919 1797 2054 1876 procu-

633 1915 796 1976 ratorem
816 1917 1008 1987 nostrum,
1035 1925 1079 1976 er
1104 1928 1179 1977 una
1197 1919 1317 2006 parte,
1340 1918 1378 1980 et
1399 1899 1600 1978 dominum
1621 1900 1828 1988 Belli-Joci,
1854 1929 1898 1978 err
1919 1899 2051 1990 altera,

631 2057 747 2134 super
758 2031 882 2135 primo
894 2046 1037 2108 resorto
1058 2031 1196 2108 domus
1215 2048 1254 2108 et
1272 2049 1371 2109 terre
1391 2032 1440 2109 de
1454 2032 1647 2138 Artingiis,
1665 2057 1757 2138 quas
1775 2049 1913 2108 terram
1935 2050 1974 2108 et
1989 2033 2054 2110 do·

633 2187 738 2236 mum
755 2160 852 2262 dicta
863 2158 1064 2238 domicella
1078 2161 1169 2238 dicit
1180 2162 1226 2239 ad
1245 2189 1286 2239 se
1302 2162 1507 2268 pertinere,
1525 2161 1627 2238 idern
1648 2162 1826 2240 dominus
1844 2161 2050 2250 Belli-doci,

631 2290 745 2367 tacito
763 2291 869 2396 qnod
889 2317 1003 2397 super
1025 2291 1098 2370 boc
1122 2294 1271 2399 questio
1295 2310 1513 2382 verteretur,
1542 2293 1894 2370 dictum'resortum
1917 2287 2052 2399 procu·

631 2419 726 2495 ravit
744 2449 765 2495 a
785 2420 895 2499 nobis
914 2420 984 2499 sibi
1005 2422 1179 2513 concedi,
1200 2451 1275 2529 que
1289 2423 1480 2502 concessio
1499 2440 1556 2500 est
1567 2421 1692 2502 eidem
1705 2423 1907 2530 Margarete
1922 2450 2054 2529 quam·

631 2548 858 2654 plurimum,
880 2567 925 2628 ut
942 2553 1088 2642 asserit,
1107 2553 1363 2661 prejudicielis
1375 2583 1426 2632 ac
1435 2555 1658 2658 dampnosa,
1672 2569 1827 2656 propter
1838 2554 1940 2658 quod
1955 2581 2054 2629 man·

634 2677 804 2758 davimus
831 2680 968 2758 ballivo
999 2699 1129 2760 nostro
1156 2683 1419 2760 Matisconensi
1445 2682 1639 2788 quatinus,
1672 2681 1809 2757 vocatis
1839 2681 2050 2772 evocandis,

632 2837 746 2914 super
769 2810 960 2916 premissis
982 2828 1021 2888 et
1049 2839 1181 2888 eorum
1205 2811 1482 2888 circonstanciis
1511 2810 1719 2916 inquireret
1746 2837 1832 2886 cunr
1857 2809 2052 2916 diligencia

632 2939 844 3032 veritatem,
858 2939 1215 3048 factaqueinquesta
1228 2969 1342 3046 super
1357 2941 1447 3030 boc,
1470 2956 1508 3017 et
1527 2939 1630 3016 curie
1645 2956 1771 3016 nostre
1789 2939 1837 3016 ad
1849 2938 2053 3017 videndum

632 3095 701 3175 per
724 3069 862 3148 dictam
887 3073 1131 3180 Margaretam
1154 3072 1306 3161 tradita,
1328 3099 1506 3152 unacum
1521 3071 1687 3178 quadarn
1710 3071 1781 3148 alia
1806 3071 1854 3148 de
1878 3071 2054 3150 mandato

631 3198 756 3276 ballivi
775 3202 1059 3280 Matisconensis
1073 3201 1166 3281 facta
1178 3201 1256 3308 [pro
1274 3203 1376 3280 dicto
1395 3202 1553 3279 domino
1571 3201 1916 3308 Belli-doci,·super
1931 3201 2055 3307 primo

632 3347 796 3408 ressorto
818 3330 916 3409 dicte
940 3329 1078 3411 domus
1105 3349 1144 3409 et
1166 3350 1266 3410 terre
1292 3333 1340 3410 de
1368 3331 1564 3437 Attingiis,
1590 3331 1697 3436 quod
1723 3347 1929 3408 ressortum
1952 3332 2055 3409 idem

634 3461 812 3541 dominus
835 3462 884 3539 ad
902 3490 943 3541 se
961 3464 1151 3570 pertinere
1173 3462 1321 3541 dicebat
1341 3493 1351 3538 ε
1377 3465 1542 3569 Utraque
1569 3461 1742 3569 inquesta
1761 3461 1962 3568 diligenter
1981 3465 2056 3540 ins-

632 3604 740 3697 pecta
765 3591 813 3670 ad
838 3592 955 3670 finem
977 3594 1025 3670 ad
1049 3622 1165 3700 quem
1184 3594 1322 3670 tradite
1342 3591 1512 3681 suerunt,
1539 3592 1628 3700 quia
1647 3591 1841 3669 inventum
1860 3591 1933 3668 fuit
1951 3593 2056 3700 quod

634 3721 732 3798 dicta
755 3722 961 3828 Margareta
980 3723 1131 3801 nullum
1151 3723 1360 3832 dampnum
1384 3722 1608 3830 injuriosum
1628 3721 1843 3798 incurrebat
1864 3724 2056 3800 occasione

634 3851 885 3950 concessionis
908 3852 1092 3958 predicte,
1113 3881 1183 3960 per
1201 3847 1304 3930 curie
1318 3869 1453 3932 nostre
1468 3851 1671 3959 judicium,
1696 3849 1839 3928 dictum
1859 3849 1931 3927 fuit
1954 3853 2056 3956 quod

635 3981 825 4092 concessio
848 3980 1032 4089 predicta,
1057 4011 1126 4090 per
1144 4011 1215 4060 nos
1235 3982 1331 4060 facta
1353 3982 1454 4060 dicto
1476 3980 1632 4058 dorrrino
1652 3978 1845 4056 Belli-toci
1865 3979 1913 4055 de
1932 3980 2056 4085 primo

633 4127 799 4188 ressorto
822 4128 923 4188 terre
943 4131 981 4189 et
1004 4115 1141 4192 domus
1167 4114 1214 4191 de
1241 4111 1437 4219 Artingiis‚
1461 4109 1625 4201 tenebit,
1652 4109 1763 4188 salvis
1785 4109 1909 4186 eidem
1937 4112 2057 4188 dorni·

635 4240 730 4318 celle
754 4241 960 4347 Margarete
982 4245 1135 4350 juribus
1158 4261 1197 4322 et
1225 4240 1460 4320 libertatibus
1488 4241 1582 4328 suis,
1614 4238 1846 4346 dequibus,
1874 4256 1952 4316 tam
1980 4242 2057 4348 ipsa

634 4399 748 4478 quam
763 4372 1046 4476 predecessores
1065 4372 1140 4461 sui,
1162 4372 1202 4448 in
1219 4373 1317 4450 dicta
1332 4371 1448 4450 domo
1466 4387 1508 4448 et
1524 4388 1623 4448 terra
1641 4368 1689 4447 de
1710 4366 1887 4474 Artingiis
1905 4368 2055 4474 pacifice

636 4500 683 4578 ab
697 4501 853 4606 antiquo
871 4500 930 4579 usi
949 4501 1114 4580 fuerunt.

691 4627 887 4710 Dominica
905 4631 1084 4737 predicta.

691 4761 797 4840 Creci
818 4763 1029 4869 reportavit.

692 5023 816 5099 LXIX.
848 5022 945 5100 Cum
962 5022 1074 5100 nobis
1088 5025 1283 5131 conquesti
1299 5023 1458 5102 fuissent
1475 5023 1580 5130 prior
1594 5039 1633 5101 et
1650 5039 1854 5099 conventus
1871 5023 1919 5102 de
1937 5023 2055 5111 Cella,

635 5152 674 5227 in
696 5153 798 5242 Bria,
822 5155 863 5231 in
881 5171 1007 5234 nostra
1026 5155 1180 5261 speciali
1198 5156 1327 5266 gardia
1351 5175 1389 5234 et
1412 5158 1459 5234 de
1486 5173 1649 5234 ressorto
1672 5154 1908 5262 prepositure
1932 5173 2057 5234 nostre

635 5282 868 5373 Parisiensis‚
890 5288 1040 5366 racione
1055 5287 1228 5376 Francis,
1248 5287 1466 5378 existentes,
1484 5303 1528 5365 ut
1540 5286 1735 5374 dicebant,
1752 5285 1873 5393 quod,
1895 5286 1982 5363 licet
2002 5287 2059 5360 in-

636 5426 695 5486 ter
714 5413 829 5517 ipsos,
851 5443 896 5493 ex
910 5446 987 5495 una
1000 5435 1121 5526 parte,
1143 5435 1183 5496 et
1200 5417 1379 5495 bailivum
1394 5417 1622 5506 Trecensem
1637 5433 1676 5493 et
1692 5417 1894 5494 Martinum
1916 5415 1964 5490 de
1983 5415 2057 5490 Cu-

724 5587 775 5628 nas
797 5589 879 5631 orrrr.
902 5593 949 5634 rrr.
1419 5592 1423 5599 ·
1892 5571 1927 5633 dr

1904 1297 1907 1305 .
1973 1245 2026 1303 ,.'
2091 1257 2275 1321 Ptrrrrarslv,

2153 1349 2215 1392 tm:
