5817 7292
1069 1137 1338 1248 nuoutrrs
1364 1155 1430 1228 nr
1455 1143 1660 1230 esoces.
1999 1157 2071 1230 au

655 1297 835 1378 Laudicio
855 1297 953 1377 bane
972 1299 1195 1408 appellasse,
1218 1315 1257 1378 et
1271 1299 1392 1375 dictos
1409 1325 1554 1406 munos
1574 1297 1614 1376 in
1633 1295 1813 1374 Landirio
1833 1295 1880 1373 ab
1900 1298 1954 1374 eis
1973 1295 2075 1376 dicto
2115 1305 2245 1360 Pfflum
2258 1305 2301 1370 tv,

654 1429 866 1508 Percevallo
892 1431 1067 1508 venditos
1093 1449 1132 1509 et
1150 1430 1251 1537 apud
1275 1429 1400 1536 ipsum
1414 1430 1592 1507 inventos
1615 1427 1784 1536 integros
1813 1443 1852 1503 et
1877 1403 2076 1516 reductos,
2177 1399 2240 1440 Μ’

652 1561 790 1640 vinute
816 1562 1081 1640 mandatorum
1110 1562 1298 1640 dictorum
1330 1561 1554 1650 comodum,
1591 1557 1701 1638 dictis
1727 1557 1998 1638 mercatoribus
2027 1559 2074 1636 da

654 1693 833 1784 laudicio
854 1719 934 1770 esse
953 1692 1216 1770 restituendos.

709 1823 885 1902 Mercurii
903 1839 991 1928 poet
1008 1822 1341 1902 circumcisionem
1356 1821 1521 1900 Domini.

708 1953 882 2032 Bocellus
900 1955 1114 2062 reportavit.

706 2215 896 2294 XXXVIII.
927 2213 1025 2293 Cnm
1052 2215 1245 2293 Iohannes
1267 2214 1428 2321 Grapins
1461 2214 1510 2290 de
1540 2213 1746 2320 Boulages,
1775 2231 1932 2320 propter
1958 2215 2078 2320 auspi

650 2347 798 2425 cionem
825 2345 1020 2454 cujusdam
1041 2345 1192 2435 murtri,
1215 2346 1311 2422 circa
1337 2343 1549 2434 abbaciam,
1572 2344 1707 2424 subtus
1728 2343 1962 2422 Planciacum
1985 2373 2074 2452 per·

648 2476 802 2586 petrati,
823 2495 955 2584 captus
978 2475 1114 2554 luisset
1131 2505 1201 2584 per
1219 2495 1351 2585 gentes
1372 2493 1518 2556 nostras
1547 2476 1650 2584 apud
1675 2477 1861 2564 Cezanoc,
1892 2495 1931 2554 et
1949 2475 2015 2552 diu
2036 2477 2077 2552 in

649 2631 796 2684 carcere
818 2624 948 2686 nostro
971 2607 1165 2700 detentus,
1186 2635 1301 2713 super
1315 2606 1412 2684 facto
1432 2608 1656 2714 hujusmodi
1675 2607 1816 2714 inquiri
1836 2605 1993 2684 fecimus
2014 2625 2075 2683 ve·-

648 2736 797 2813 ritatem
818 2768 829 2812 t
850 2738 1028 2843 Inquestc
1050 2738 1165 2843 igitur
1186 2763 1300 2844 snper
1330 2739 1404 2813 boc
1426 2735 1520 2814 lacta
1543 2739 1618 2813 visa
1646 2754 1684 2813 et
1711 2736 1913 2844 diligenter
1942 2739 2075 2812 erami-

647 2883 753 2954 uata,
777 2867 901 2943 dictos
918 2869 1127 2958 lohannes,
1147 2897 1216 2974 per
1238 2867 1382 2942 curiam
1405 2885 1592 2955 nostram,
1618 2865 1707 2957 linit,
1730 2895 1844 2974 super
1870 2867 1967 2944 facto
1990 2895 2074 2974 pre·

648 2994 771 3085 dicto,
791 3014 978 3105 quantum
996 2997 1044 3074 ad
1064 3020 1134 3074 nos
1157 2997 1340 3105 pertinet,
1363 2997 1553 3076 liberatus.

676 3158 681 3173 ·
704 3127 833 3206 Sciret
847 3145 977 3204 tamen
996 3146 1183 3206 trecentas
1202 3128 1316 3206 libras
1332 3129 1615 3207 Turonencium
1637 3129 1837 3206 bonorum.
1973 3163 1976 3173 ·

703 3257 865 3335 Sabbata
886 3275 972 3364 post
994 3258 1227 3336 Nativitatem
1245 3259 1411 3336 Domini.

701 3386 904 3465 Plaisianus
926 3388 1138 3494 reportavit.

701 3649 863 3729 XXXIX.
894 3648 992 3727 Cum
1019 3678 1088 3727 nos
1113 3649 1394 3727 mandassemus
1415 3651 1703 3757 inquisitoribus
1726 3653 1765 3728 in
1790 3651 1939 3730 ballivia
1964 3653 2072 3733 Viro-

646 3777 840 3856 mandensi
856 3778 1043 3885 deputatis
1057 3807 1080 3854 a
1095 3777 1222 3870 uobis,
1236 3807 1304 3886 per
1319 3797 1457 3856 certam
1475 3783 1779 3859 commissionem
1797 3782 1850 3858 eis
1864 3781 2072 3887 specialiter

643 3907 795 3997 famam,
820 3907 926 4014 quod
947 3909 1019 4014 ipsi
1045 3909 1281 4016 inquirerent
1297 3909 1348 3986 de
1366 3909 1521 3988 Lisione
1537 3911 1709 3990 Corbelli
1727 3929 1767 3988 et
1786 3911 1923 3989 Iacobo
1948 3913 2067 4004 Luce,

643 4035 890 4112 servientibus
915 4039 1071 4128 nostris,
1092 4040 1132 4114 in
1151 4041 1390 4146 prepositum
1415 4040 1659 4119 Lauduneusi
1679 4040 1908 4131 constitutis,
1930 4043 2069 4149 quibus

644 4167 908 4273 imponebatur
925 4169 1032 4274 qnod
1050 4169 1227 4276 Egidium
1247 4171 1296 4249 de
1315 4172 1533 4260 Commius,
1554 4200 1624 4280 pro
1643 4201 1722 4279 quo
1742 4173 2065 4268 mandaveramus,

643 4327 687 4374 er
710 4315 812 4376 certa
835 4327 962 4388 caum,
983 4302 1088 4407 quod
1104 4302 1217 4384 nobis
1237 4303 1460 4391 mitteretur,
1480 4303 1662 4382 absentari
1680 4302 1859 4395 lecerunt,
1878 4335 1944 4383 seu
1963 4309 2067 4386 anri·

643 4429 753 4519 lium,
774 4429 991 4518 consilium,
1013 4458 1085 4508 seu
1100 4433 1276 4539 juvamen
1295 4435 1533 4540 prestiterant
1550 4452 1593 4512 ut
1610 4436 1690 4544 ipse
1716 4435 1889 4516 evaderet
1907 4467 2062 4520 manum

641 4577 809 4637 nomam
828 4560 949 4637 :Ilinc
963 4578 1021 4638 ert
1033 4562 1158 4668 quod,
1173 4563 1249 4641 visa
1260 4562 1435 4675 inquesta
1450 4595 1565 4674 super
1582 4567 1657 4644 hiis
1668 4567 1719 4645 de
1737 4568 1916 4647 mandato
1933 4587 2062 4648 nostro

640 4690 752 4780 lacta,
783 4691 903 4769 dictos
931 4692 1125 4770 Lisiouem
1148 4711 1187 4771 et
1206 4697 1388 4774 Iacobum
1409 4725 1433 4774 a
1450 4697 1628 4806 predictis
1652 4699 1724 4778 sibi
1752 4699 1938 4807 impositis
1961 4702 2062 4780 curia

638 4837 764 4898 uostm
782 4820 1062 4899 sentencialiter
1075 4821 1243 4901 absolvit.

696 4949 849 5029 sabbati
867 4968 955 5057 post
967 4951 1230 5060 Epiphaniam.

694 5083 818 5160 Monoi
838 5084 1052 5190 reportavit.

695 5345 769 5422 XL.
799 5343 899 5424 Cum
918 5343 1085 5454 religiosi
1099 5346 1167 5423 viri
1182 5349 1285 5454 prior
1306 5365 1345 5424 et
1361 5365 1565 5428 contentus
1583 5352 2062 5434 §ammonuimus-cam·

639 5472 698 5579 pia
711 5473 927 5552 Parisieusis
946 5476 1117 5553 dicerent
1137 5505 1177 5554 se
1203 5507 1282 5556 esse
1304 5495 1344 5556 et
1360 5477 1474 5559 luisse
1498 5481 1538 5558 in
1561 5481 1709 5572 sabina,
1727 5511 1794 5589 per
1813 5511 1853 5560 se
1874 5511 1943 5560 seu
1967 5511 2059 5590 gen·

1877 5657 1923 5715 ²7·
