5817 7292
1030 1103 1387 1215 nNQotrsssr
1413 1105 1620 1200 enooss.
1959 1124 2032 1201 asa

619 1283 753 1370 qutum
770 1282 844 1351 est,
857 1263 1024 1343 totaliter
1041 1266 1205 1344 anuliata
1218 1265 1392 1359 fluerunt,
1410 1285 1449 1344 et
1465 1267 1608 1344 dictum
1624 1263 1696 1343 fuit
1708 1265 1815 1372 quod
1829 1265 1952 1344 dictus
1967 1265 2034 1344 fra·
2074 1277 2203 1332 rurum
2217 1275 2259 1341 W,

617 1412 675 1474 ter
685 1395 893 1487 lohannes,
911 1397 1078 1504 alioquin
1092 1398 1215 1475 dictus
1225 1423 1368 1486 comes,
1384 1399 1509 1474 eidem
1524 1396 1670 1474 ducisse
1679 1397 1843 1475 reddent
1854 1398 2035 1504 quicquid
2137 1369 2198 1412 lm

581 1618 587 1630 ι
620 1525 668 1602 de
684 1526 871 1605 dictorum
888 1528 998 1605 castri
1012 1545 1052 1604 et
1064 1529 1166 1604 terre
1180 1526 1381 1615 fructibus,
1397 1526 1642 1635 proventibus
1661 1543 1699 1604 et
1711 1525 1873 1604 exitibus
1884 1555 2037 1634 percep-

617 1674 702 1733 tum
721 1677 780 1735 est
796 1687 864 1736 seu
888 1658 1028 1764 percipi
1054 1660 1216 1764 potuita
1234 1676 1406 1766 tempore
1429 1657 1692 1766 appellationis
1713 1659 1960 1766 prodisset
1978 1685 2039 1734 re·

619 1805 783 1893 ponetur
798 1790 897 1866 dicta
913 1788 1076 1876 ducissa,
1095 1817 1165 1894 per
1182 1818 1222 1866 se
1240 1790 1301 1866 vei
1319 1819 1388 1896 per
1399 1807 1533 1899 gentes
1543 1819 1647 1880 suas,
1668 1790 1708 1866 in
1721 1789 1856 1867 saisina
1873 1787 2039 1895 predicta

620 1920 728 1996 castri
741 1937 781 1996 ot
792 1939 895 1997 terre
907 1922 1182 2025 predictorum,
1198 1939 1237 2000 et
1251 1921 1512 2000 emendabunt
1530 1921 1619 1998 dicti
1633 1921 1869 2029 injuriatores
1884 1919 2039 1996 domino

619 2049 709 2157 Regi
730 2069 769 2127 et
786 2052 1019 2156 procuratori
1039 2052 1210 2158 predicto
1230 2051 1430 2129 violencias
1455 2070 1499 2129 et
1512 2053 1666 2160 injurias
1690 2053 1892 2158 predictas,
1915 2051 2039 2128 eidem

618 2182 850 2286 procuratori
866 2182 997 2270 factam
1019 2181 1141 2259 dicun
1155 2210 1243 2259 vero
1257 2211 1387 2260 eomes
1397 2201 1437 2260 et
1452 2183 1629 2260 homines
1644 2183 1742 2262 dicu
1763 2182 1865 2260 curie
1886 2206 1967 2271 sne,
1984 2211 2041 2259 rn-

619 2310 726 2388 cione
745 2329 983 2417 contemptus
1001 2312 1164 2418 predicti
1182 2313 1496 2421 inprejudioium
1507 2313 1622 2390 dicte
1649 2313 1916 2421 appeliacionis
1932 2311 2037 2404 facti,

618 2443 842 2548 condignam
864 2442 1065 2519 emendam
1086 2443 1243 2520 domino
1264 2445 1354 2549 Regi
1369 2445 1600 2550 prestabimt.

673 2572 774 2649 Jovis
790 2590 877 2678 post
894 2572 1328 2679 Sanctum-Gregorium.

677 2836 733 2915 CI.
763 2836 903 2914 Baliivo
923 2836 1112 2913 Arvernie.
1131 2837 1229 2914 Cum
1250 2837 1298 2912 ad
1312 2837 1530 2912 instanciam
1545 2836 1693 2912 comitis
1712 2836 1868 2914 Boionio
1887 2837 2043 2913 manda-

619 2964 783 3042 verimus
802 2966 941 3072 inquiri
961 2984 1090 3043 utrum
1111 2967 1303 3073 expediret
1321 2967 1432 3044 nobis
1453 2985 1491 3044 et
1510 2965 1628 3072 patrie
1645 2966 1750 3072 quod
1771 2984 1931 3044 casuum
1953 2967 2042 3046 dicti

620 3098 768 3176 comitis
793 3117 834 3175 et
857 3097 1069 3175 castellania
1087 3097 1437 3184 MontisGasoonis,
1455 3095 1543 3203 qni,
1567 3124 1655 3173 cum
1674 3097 1843 3203 ipsorum
1860 3099 2044 3178 habitato-

619 3227 741 3317 ribus,
758 3230 938 3304 hactenus
954 3227 1107 3305 fuerunt
1124 3229 1172 3305 de
1190 3245 1353 3304 ressorto
1368 3229 1604 3332 prepositure
1621 3225 1811 3306 Vichiachi
1833 3258 1901 3336 pro
1918 3249 2041 3337 parte,

621 3373 674 3446 et,
687 3386 762 3464 pru·
768 3375 889 3464 parte,
901 3357 949 3433 de
960 3373 1124 3434 ressorto
1139 3357 1461 3463 preposituramm
1472 3355 1735 3434 Pontis-Castri
1744 3419 1753 3448 ,
1763 3359 1896 3465 Ryomi
1910 3375 1948 3434 et
1959 3361 2046 3439 Cns-

618 3488 886 3578 tri·Guidonis,
904 3505 1030 3564 essent
1042 3486 1091 3564 de
1106 3504 1269 3564 ressorto
1282 3487 1519 3594 prepositure
1536 3486 1702 3593 predicte
1714 3488 1991 3579 PontisCastri,
2010 3491 2047 3566 'et

620 3619 749 3696 utrum
766 3619 856 3710 hoo,
876 3621 957 3698 sine
973 3620 1127 3698 alterius
1140 3618 1352 3725 prejudicio
1367 3618 1451 3696 fieri
1467 3635 1613 3726 posset;
1629 3635 1669 3695 et
1685 3647 1770 3708 nos,
1789 3621 1863 3696 vis'a
1873 3622 2046 3726 inquesta

620 3749 735 3855 super
754 3749 839 3828 'hoe
864 3749 974 3843 facta,
998 3749 1308 3838 concesserimus,
1342 3749 1391 3826 de
1417 3751 1538 3859 gracia
1568 3749 1739 3854 speciaii,
1765 3749 1871 3855 quod
1903 3749 2046 3828 dictum

621 3897 784 3958 castrum
812 3897 851 3956 et
874 3881 1102 3970 castellania,
1128 3883 1371 3959 cumeorum
1400 3880 1689 3969 habitatoribus,
1718 3880 1794 3957 sint
1817 3879 1865 3955 de
1884 3897 2047 3958 ressone

621 4011 889 4088 tantummodo
917 4010 1016 4088 dicte
1043 4012 1279 4118 prepositure
1302 4011 1572 4090 Pontis—Castri
1600 4009 1785 4116 quamdiu
1811 4027 1939 4086 nostre
1967 4011 2048 4116 pia-

623 4142 742 4218 cuerit
767 4139 975 4218 voluntati:
996 4143 1221 4219 Maudamus
1237 4139 1346 4218 robis
1368 4141 1548 4248 quatinus
1570 4140 1738 4246 prodicta
1763 4138 1903 4217 faciatis
1923 4141 2049 4218 obser-

621 4271 696 4348 vari
720 4271 881 4350 firmiter
903 4290 944 4349 et
959 4274 1081 4349 teneri
1105 4273 1229 4350 donec
1246 4299 1361 4377 super
1380 4272 1454 4349 hoo
1473 4270 1577 4348 aliud
1602 4299 1622 4346 o
1647 4268 1757 4350 nobis
1775 4271 1990 4377 receperitis
2010 4272 2048 4349 in

623 4403 821 4480 mandatis.

680 4533 808 4611 Martis
826 4549 912 4639 post
934 4535 1082 4612 Pascha.

1223 4693 1447 4710 m

678 4931 750 5009 Die
777 4929 930 5008 Sabbati
947 4948 1034 5036 post
1051 4929 1189 5010 festum
1208 4929 1309 5008 beati
1329 4928 1500 5037 Georgii,
1523 4957 1621 5008 anno
1640 4929 1906 5008 trecentesimo
1929 4957 2047 5020 nono,

624 5063 868 5166 pronunciata
887 5060 1043 5140 iderunt
1056 5061 1221 5171 judicata
1240 5090 1316 5171 qne
1336 5079 1515 5140 secuntur
1534 5061 1636 5169 apud
1656 5063 1821 5140 Cachant
1840 5061 1936 5167 (ru).

680 5326 707 5400 l.
738 5327 839 5404 Mota
872 5327 1122 5405 controversia
1148 5326 1249 5404 inter
1278 5341 1444 5404 textores
1476 5323 1563 5402 ville
1596 5323 1977 5409 Cosui-‘Nnnthonin
2007 5347 2051 5396 ex
2108 5423 2113 5430 υ

627 5447 702 5530 una
717 5473 840 5560 parte,
861 5474 900 5533 et
917 5455 1082 5537 hillones
1101 5475 1140 5536 et
1152 5455 1394 5537 tincmrarios
1408 5455 1498 5535 viiie
1516 5454 1705 5565 ejusdem,
1725 5482 1769 5531 ex
1788 5452 1919 5542 altera,
1937 5475 2051 5554 super

714 5629 768 5671 sss
788 5629 868 5672 reru.
893 5632 940 5672 nr.
1882 5605 1922 5672 45
