5817 7292
1053 1129 1312 1234 suounrss
1338 1145 1402 1218 nr
1429 1127 1632 1220 Procas.
2005 1147 2052 1218 cr

634 1303 706 1374 est,
721 1302 759 1362 et
770 1286 851 1394 ejus
862 1285 1161 1392 predecessores,
1176 1285 1348 1392 ejusdem
1356 1285 1545 1391 prioratus
1556 1284 1717 1389 priores,
1731 1282 1901 1372 luemnt,
1915 1313 1935 1364 a
1949 1302 2055 1364 tanto
2091 1294 2223 1350 romu
2234 1292 2278 1358 tv,

631 1434 804 1522 tempore
819 1415 1071 1523 quodsufficit
1087 1416 1135 1493 ad
1148 1416 1324 1494 saisinam
1337 1415 1623 1524 acquirendam,
1637 1415 1679 1494 in
1686 1413 1821 1496 saisina
1835 1413 1935 1492 bona
1949 1417 2055 1522 quod
2154 1386 2216 1430 Μ’

512 1566 516 1576 ’
633 1546 703 1652 ipsi
724 1545 800 1623 sint
817 1546 974 1654 gardiati
990 1574 1058 1652 per
1073 1547 1270 1625 dominum
1286 1549 1427 1654 Regem
1443 1542 1605 1633 scilicet,
1623 1573 1691 1651 per
1703 1543 1914 1649 prepositos
1923 1561 1966 1620 et
1976 1573 2056 1628 sor·

632 1677 775 1754 vientes
800 1677 945 1754 domini
973 1679 1082 1786 Regis
1108 1678 1157 1754 de
1185 1679 1360 1756 lorriaco
1387 1696 1425 1756 et
1444 1677 1492 1756 de
1512 1677 1648 1756 Giemo
1673 1676 1712 1753 in
1740 1674 1841 1753 dicto
1866 1675 2053 1779 prioratu,

633 1807 746 1884 rebus
766 1824 804 1885 et
818 1807 931 1885 bonis
950 1837 991 1884 ac
1008 1809 1252 1915 pertinenciis
1271 1808 1459 1916 ejusdem,
1479 1810 1526 1886 ab
1543 1807 1692 1914 injuriis
1711 1825 1749 1885 et
1766 1804 1959 1886 violenciis
1969 1806 2057 1911 qui·-

632 1937 888 2045 buscumque,
915 1956 954 2015 et
979 1939 1204 2048 generaliter
1235 1958 1364 2018 contra
1395 1967 1529 2018 omnes
1555 1939 1903 2045 quocienscumque
1918 1965 2055 2014 neces·

632 2068 719 2146 sitas
753 2069 985 2174 requirebat,
1016 2087 1053 2146 et
1085 2070 1294 2176 specialiter
1319 2088 1450 2148 contra
1479 2070 1656 2148 dominos
1685 2069 1841 2153 Soliaci,
1869 2083 1908 2143 st
1935 2066 2054 2144 eciam

631 2199 736 2304 quod
756 2199 879 2276 dictus
900 2201 1085 2306 prioratus
1110 2218 1167 2280 est
1187 2218 1224 2277 et
1243 2199 1357 2278 suita
1381 2201 1535 2310 regibus
1554 2201 1708 2278 Francia
1727 2199 1924 2278 fundatusa
1947 2200 2055 2274 Facta

631 2328 747 2434 igitur
771 2330 943 2434 inq'uesta
968 2359 1082 2437 super
1102 2333 1175 2408 boc
1195 2349 1235 2408 et
1253 2331 1356 2409 curie
1377 2347 1564 2438 reportata
1585 2349 1624 2409 et
1646 2328 1953 2436 procuratoribus
1976 2328 2056 2405 dio·

630 2475 758 2534 torum
781 2458 926 2538 abbatis
950 2478 988 2539 et
1013 2479 1217 2540 conventus
1244 2491 1286 2538 ac
1304 2462 1472 2552 llenriri,
1497 2461 1641 2540 domini
1667 2479 1707 2540 et
1726 2461 1878 2540 heredis
1899 2460 2053 2548 Soliaci,

630 2617 717 2664 cum
748 2589 929 2667 instancia
951 2593 1170 2697 petentibus
1194 2609 1237 2670 ut
1261 2594 1434 2698 inquesta
1457 2621 1571 2699 super
1596 2593 1671 2670 boc
1693 2591 1788 2670 lacta
1807 2590 2053 2696 judicaretur,

630 2719 706 2795 visa
725 2721 897 2825 inquesta
914 2723 1100 2826 predicta,
1121 2739 1160 2798 et
1176 2723 1316 2800 auditis
1334 2721 1503 2826 parcium
1518 2722 1732 2800 rosionibus
1751 2723 1842 2798 hinc
1860 2718 1951 2796 inde
1971 2749 2057 2824 pro-

631 2849 779 2953 positis,
807 2851 894 2956 quia
913 2852 1108 2928 inventum
1127 2868 1186 2928 est
1206 2851 1349 2928 dictum
1368 2852 1577 2956 prioratum
1598 2851 1899 2930 essefundatum
1918 2879 1939 2928 a
1958 2850 2056 2954 regi·

631 2977 704 3055 bus
724 2979 895 3070 Francie,
918 3005 1067 3056 necnon
1086 2980 1252 3084 priorem
1272 2979 1361 3057 dieti
1380 2980 1568 3085 prioratus
1590 2979 1954 3085 Sancti-Gondulpbi
1975 3008 2055 3058 esse

632 3127 670 3186 et
689 3109 861 3214 ejusdem
883 3110 1165 3216 predecessores
1178 3110 1292 3187 luisse
1309 3111 1349 3188 in
1369 3111 1504 3188 saisina
1517 3110 1626 3217 quod
1640 3111 1715 3190 sint
1730 3110 1888 3218 gardiati
1907 3139 1975 3214 per
1989 3110 2057 3186 do·

630 3241 779 3318 minum
793 3241 935 3348 Regem
955 3258 992 3318 et
1011 3240 1059 3318 de
1074 3259 1236 3320 ressorto
1255 3241 1402 3318 domini
1419 3243 1529 3351 Regis
1543 3261 1583 3319 et
1596 3243 1786 3320 curiarum
1800 3242 1882 3348 ejus
1897 3242 1947 3318 de
1962 3243 2055 3320 lor·

631 3372 730 3449 riaoo
745 3389 782 3448 et
798 3373 846 3449 de
861 3371 999 3450 Giemo
1019 3373 1168 3450 racione
1185 3373 1274 3450 dicti
1290 3373 1497 3478 prioratus,
1513 3401 1659 3464 rerum,
1680 3373 1871 3452 bonorum
1886 3399 1928 3448 ac
1942 3374 2057 3477 perti·

630 3503 850 3580 nanciarum
868 3504 1057 3610 ejusdem,
1073 3505 1363 3611 pronunciatum
1379 3503 1467 3593 tuit,
1485 3533 1553 3611 per
1567 3505 1672 3582 curie
1685 3503 1893 3612 judicium,
1909 3503 2056 3582 dictum

632 3633 831 3712 dominum
855 3636 995 3742 Regem
1011 3663 1091 3713 esse
1111 3636 1150 3711 in
1170 3636 1304 3713 saisina
1325 3635 1491 3714 habendi
1511 3653 1723 3715 ressortum·
1737 3651 1776 3711 et
1790 3633 2057 3742 gardamdicti

631 3767 817 3869 prioratus
831 3766 1216 3872 Sancti-Gondulpbi‚
1234 3767 1384 3872 prioris,
1403 3796 1529 3844 rerum
1545 3785 1584 3845 et
1597 3768 1787 3844 bonorum
1804 3764 1895 3843 dicti
1910 3763 2001 3849 loci,
2020 3782 2057 3840 et

633 3895 776 3972 dictum
793 3897 962 4000 priorem
985 3926 1065 3974 esse
1085 3897 1124 3974 in
1151 3898 1285 3974 sainna
1302 3899 1405 4004 quod
1423 3900 1474 3975 sit
1499 3899 1548 3974 de
1566 3899 1679 4004 garda
1697 3915 1738 3972 et
1757 3912 1921 3973 resecato
1940 3894 2057 3999 ipsius

634 4024 779 4100 domini
800 4027 925 4135 Regis,
953 4027 1053 4104 salvo
1078 4029 1187 4105 dictis
1209 4029 1377 4134 partibus
1390 4030 1477 4135 jure
1500 4058 1572 4106 suo
1587 4028 1823 4134 justiciamm
1845 4055 1998 4102 suarum
2017 4026 2056 4103 in

632 4155 742 4231 terris
757 4174 796 4230 et
816 4157 996 4234 dominiis
1012 4159 1106 4248 suis,
1123 4176 1202 4238 tam
1218 4159 1258 4234 in
1274 4161 1408 4238 saisina
1422 4187 1537 4263 quam
1549 4159 1589 4233 in
1604 4155 1843 4262 proprietate.

690 4285 826 4362 Actum
844 4288 990 4366 veneris
1008 4307 1093 4394 post
1110 4287 1255 4366 festum
1268 4289 1367 4366 beati
1389 4287 1557 4364 Barnabe
1577 4286 1747 4391 apostoli.

691 4417 740 4494 Μ.
762 4418 803 4492 Ρ.
825 4417 872 4494 de
893 4418 1014 4496 Menti
1033 4419 1244 4523 reportavit.

690 4679 780 4757 VIII.
811 4679 909 4760 Cum
937 4680 1037 4759 inter
1060 4681 1310 4760 Bertrandum
1335 4681 1442 4786 castri
1469 4680 1516 4758 de
1542 4681 1718 4758 Cressaco
1744 4695 1783 4757 et
1803 4678 2056 4758 -Guilleltnum

635 4809 916 4897 Franobeneda,
933 4811 1041 4887 castri
1062 4811 1109 4888 de
1130 4811 1482 4902 Sancto-Medardo,
1499 4810 1694 4901 dominos,
1722 4838 1765 4887 ex
1784 4828 1887 4916 parte
1907 4839 1997 4903 una,
2021 4830 2059 4890 et

635 4941 861 5020 Maurellum
891 4942 938 5019 da
964 4943 1123 5051 Loaing,
1152 4945 1394 5033 servientem,
1415 4961 1460 5022 ut
1485 4943 1637 5031 dicitur,
1663 4957 1835 5020 nostrum
1865 4941 1905 5017 in
1933 4969 2060 5022 senes

635 5072 742 5151 callia
771 5075 1078 5183 Petregoncensi,
1109 5073 1362 5154 Gilcbertum'·
1375 5074 1575 5163 lobannis,
1601 5074 1782 5166 militem,
1809 5075 2056 5155 senescallum

635 5207 798 5315 episcopi
825 5211 1079 5303 (laturcensis,
1105 5228 1143 5287 at
1165 5227 1447 5317 procuratorem
1461 5209 1647 5316 'ejusdem
1671 5211 1856 5318 episcopi,
1882 5239 1927 5288 ex
1952 5225 2057 5316 parte

633 5337 766 5430 altera,
788 5368 913 5420 coram
929 5340 1136 5424 senescallo
1154 5361 1285 5422 nostro
1300 5340 1594 5448 Petsagoriesnsi
1610 5359 1650 5418 et
1661 5342 1878 5420 Caturcensi
1893 5368 1961 5418 seu
1976 5339 2059 5443 ejus

634 5465 763 5546 locum
775 5487 930 5552 tenente
946 5491 985 5552 at
997 5474 1263 5554 cominimariis
1275 5470 1519 5564 eumdem,
1534 5490 1619 5551 orta
1631 5470 1765 5550 finisset
1777 5471 1938 5547 materia:
1948 5495 2060 5574 quos-

1904 5644 1932 5706 9.
