5817 7292
1028 1102 1293 1210 suousrss
1318 1119 1384 1190 sr
1410 1099 1619 1190 esoces,
1960 1122 2031 1192 ssr

611 1266 716 1342 sibus
745 1265 846 1342 dicto
874 1263 1050 1370 episeopo
1078 1260 1266 1340 solvendis
1289 1285 1359 1364 pro
1385 1258 1559 1364 dampnis
1586 1258 1678 1348 suis,
1706 1258 1854 1366 injuriis
1876 1278 1913 1338 ct
1937 1261 2035 1336 inte·
2065 1278 2196 1332 Parnm
2215 1280 2258 1342 lv,

611 1424 731 1488 resse,
753 1393 1030 1472 sentencialiter
1049 1391 1364 1498 condempnatum
1386 1389 1565 1495 dictoque
1586 1389 1762 1494 episcopo
1788 1389 1836 1467 de
1856 1390 2035 1494 predictis
2134 1369 2197 1418 ¹³⁰⁹'

612 1525 757 1604 clericis
774 1524 961 1614 resaisito,
983 1525 1088 1632 quia,
1109 1553 1178 1631 per
1197 1521 1473 1601 commissarios
1491 1537 1641 1598 nostros
1655 1538 1763 1627 porte
1783 1520 1882 1596 dicte
1898 1519 2036 1598 domus

612 1655 835 1763 episcopalis
847 1672 883 1732 et
894 1654 1017 1732 hostia
1028 1654 1119 1731 dicti
1130 1654 1303 1742 carceris,
1320 1652 1359 1729 iu
1370 1680 1488 1736 manu
1497 1667 1623 1728 nostra
1635 1651 1772 1756 posita,
1785 1651 2037 1756 pereamdem

611 1817 769 1866 manum
782 1803 950 1864 nostram
962 1785 1100 1864 reiecta
1119 1785 1292 1876 suerunt,
1314 1784 1411 1860 dicta
1429 1811 1544 1860 manu
1558 1800 1684 1860 nostra
1698 1782 1788 1860 inde
1804 1797 1944 1872 amota,
1963 1781 2040 1858 dic

609 1937 694 1997 tum
713 1919 930 2024 episcopum
949 1917 1053 1993 curia
1069 1934 1196 1993 nostra
1216 1915 1385 2021 reposuit
1401 1914 1441 1991 in
1459 1914 1595 1992 saisina
1615 1915 1652 1989 in
1676 1943 1768 2022 qua,
1792 1929 1877 1990 aute
1898 1912 2041 1990 violeu-

612 2050 707 2127 cism
725 2050 955 2156 predictam,
976 2048 1056 2154 ipse
1076 2065 1156 2125 erat
1173 2047 1222 2124 de
1240 2047 1361 2152 portis
1380 2063 1419 2122 et
1437 2046 1571 2124 hostiis
1589 2044 1824 2151 supradictis.

668 2179 822 2258 Sabbati
843 2179 1022 2285 predicta.

666 2307 826 2389 Cuillier
845 2307 1057 2416 reportavit.

617 2653 621 2660 ,
667 2573 726 2652 lv.
757 2572 873 2663 Cum,
895 2599 1020 2648 coram
1044 2571 1155 2648 certis
1175 2569 1440 2648 commissariis
1464 2568 1652 2675 deputatis
1672 2597 1691 2642 a
1712 2569 1823 2644 nobis
1843 2569 2040 2674 episcopus

611 2702 847 2780 Nivomeusis
864 2699 1123 2808 proposuisset
1141 2699 1246 2805 quod
1269 2715 1401 2806 gentes
1416 2699 1563 2776 comitis
1584 2697 1821 2774 Nivernensis
1843 2697 2039 2773 Petrinum

614 2847 652 2908 et
680 2831 881 2919 Guiotum‚
909 2846 952 2905 ut
980 2828 1059 2934 ipse
1085 2828 1249 2917 dicebat,
1278 2827 1435 2906 ciericos
1459 2844 1498 2905 et
1518 2827 1558 2904 in
1580 2825 1816 2932 possessione
1843 2827 2040 2904 clericatus

613 2962 762 3039 noton'e
778 2961 995 3050 existentes,
1020 2974 1197 3064 ceperant
1215 2958 1256 3036 in
1281 2957 1428 3036 civitate
1446 2957 1679 3046 Niveruensi,
1706 2957 1745 3034 in
1770 2987 1861 3064 qua,
1889 2956 2038 3064 dejure

614 3091 824 3180 communi,
845 3089 1015 3199 cognicio
1039 3106 1077 3166 et
1094 3089 1249 3196 punicio
1268 3089 1493 3168 clericorum
1513 3088 1822 3195 delinquencium
1841 3089 1889 3166 ad
1913 3089 2037 3195 ipsum

613 3221 832 3328 episcopum
848 3237 1005 3326 spectat,
1023 3237 1062 3297 et
1075 3219 1182 3326 quod
1201 3220 1301 3297 dicte
1317 3237 1450 3328 gentes
1462 3219 1609 3296 comitis
1621 3220 1794 3326 predicti,
1815 3248 1883 3326 per
1902 3219 2040 3298 officia-

612 3351 689 3430 lem
703 3352 968 3430 Nivemensem
984 3369 1022 3427 et
1035 3350 1217 3426 vicarium
1227 3349 1320 3426 dicti
1331 3350 1496 3455 episcopi
1509 3351 1654 3428 monito
1664 3367 1708 3428 ut
1715 3350 1836 3428 dictos
1842 3351 2039 3430 Perrinum

613 3498 652 3560 et
675 3480 876 3570 Guiotum‚
902 3498 1094 3587 tamquam
1119 3479 1291 3567 clericos,
1319 3478 1373 3556 eis
1394 3478 1617 3570 redderent,
1644 3478 1853 3559 noluerunt
1875 3506 1940 3557 eos
1961 3480 2044 3557 red·

614 3612 723 3701 dere,
739 3641 905 3719 cumque
922 3611 1078 3718 quidam
1097 3611 1302 3689 servientes
1316 3609 1454 3698 nostri,
1472 3638 1516 3688 ex
1535 3628 1640 3718 parto
1659 3627 1802 3698 nostra,
1822 3610 1967 3688 eisdem
1980 3637 2042 3688 co·

612 3743 716 3821 mitis
728 3741 906 3850 gentibus
921 3740 1175 3827 inhibuissent
1195 3769 1244 3819 ne
1259 3740 1382 3818 dictos
1396 3741 1436 3818 P.
1455 3757 1495 3820 et
1507 3741 1553 3820 G.
1576 3742 1665 3820 aiibi
1680 3739 1942 3828 transferrent,
1958 3759 2043 3846 post

615 3873 733 3950 eciam
746 3870 910 3950 similem
917 3871 1209 3959 inhibicionem,
1222 3887 1379 3977 exparte
1391 3870 1516 3950 vicarii
1528 3871 1619 3948 dicti
1632 3870 1813 3978 episcopi,
1825 3869 2038 3962 eissaotam,

615 3999 783 4108 predicte
801 4017 933 4108 gentes
951 4000 1041 4078 dicti
1062 4000 1212 4079 comitis
1231 3999 1386 4078 eosdem
1405 3999 1507 4107 apud
1528 4000 1771 4088 Danziacum,
1795 4016 1895 4078 extra
1916 4001 2042 4080 dioce-

615 4131 686 4210 sim
700 4132 967 4208 Nivemensem
981 4130 1272 4222 transtulerunt;
1295 4131 1494 4238 dictusque
1512 4159 1655 4221 comes,
1670 4159 1739 4238 per
1756 4129 1936 4208 vicarium
1950 4131 2040 4209 dicti

616 4260 783 4368 episcopi
798 4259 902 4365 apud
918 4261 1147 4338 Damiacum
1165 4261 1370 4368 requisitus
1382 4261 1492 4368 quod
1508 4260 1628 4339 dictos
1646 4262 1686 4337 P.
1709 4277 1746 4338 et
1761 4261 1806 4342 G.
1828 4261 2044 4341 restitueret

617 4391 760 4480 eidem,
778 4417 844 4468 eos
859 4390 1056 4468 restituere
1074 4391 1214 4481 uoluit,
1227 4391 1296 4469 sed
1311 4419 1377 4470 eos
1391 4391 1431 4468 in
1445 4390 1644 4470 tormentis
1661 4391 1753 4498 poni
1768 4391 1874 4484 fecit,
1890 4409 1942 4481 et,
1960 4409 2045 4500 post

617 4522 737 4603 multa
750 4537 1029 4601 tormentorum
1043 4551 1199 4631 genera,
1217 4523 1372 4602 eosdem
1389 4521 1487 4602 trahi
1505 4539 1544 4602 et
1553 4521 1733 4630 suspendi
1746 4523 1851 4614 secit;
1868 4524 2038 4602 assensis

616 4671 675 4732 set
689 4654 807 4732 eciam
825 4681 951 4731 coram
969 4654 1232 4733 commissariis
1241 4654 1420 4762 predictis
1438 4655 1712 4763 quodquidam
1728 4657 1892 4734 servieus
1901 4657 2040 4734 summi

615 4785 806 4893 pontificis
824 4783 948 4864 fuerat
966 4785 1006 4862 iu
1024 4785 1188 4893 quadam
1208 4786 1364 4866 ecclesis
1381 4787 1483 4894 apud
1501 4787 1705 4868 Nivernum
1724 4805 1935 4898 pergentes
1952 4787 2041 4866 dicti

617 4918 767 4998 comitis
794 4934 926 5026 coptus
951 4918 1060 4996 stab
1088 4918 1221 4996 eadem
1248 4918 1404 5000 ecclesio
1433 4918 1628 5008 violenter,
1653 4918 1861 5028 frangendo
1888 4919 2043 5000 ecclesie

618 5048 904 5140 inmunitatem,
933 5066 1136 5140 extractus,
1162 5050 1411 5157 peciissetque
1435 5051 1604 5157 predicta
1625 5051 1842 5140 emendari,
1865 5051 1964 5130 dicto
1985 5081 2045 5130 co-

617 5180 708 5258 mite
728 5180 839 5287 plura
857 5181 983 5260 adsui
1003 5180 1263 5261 defensionem
1281 5209 1305 5258 e
1321 5182 1509 5260 contrario
1528 5201 1783 5289 proponente,
1801 5199 1839 5260 et
1857 5183 1956 5262 inter
1975 5182 2046 5260 alia

618 5311 768 5390 dicente
787 5313 893 5420 quod
913 5313 1004 5392 dicti
1023 5315 1064 5390 P.
1085 5331 1125 5392 et
1146 5313 1191 5394 G.
1214 5312 1307 5422 layci
1329 5329 1437 5392 eraut
1455 5332 1495 5392 et
1515 5317 1659 5394 uxorati
1679 5333 1717 5394 et
1743 5333 1986 5402 mercatores,
2009 5331 2047 5390 et

620 5437 760 5548 absque
773 5442 907 5522 habitu
922 5443 1083 5522 clericali
1101 5460 1140 5522 et
1158 5443 1394 5550 possessione
1410 5461 1567 5522 tonsure
1589 5445 1832 5548 deprehensi,
1849 5445 1914 5550 qui
1928 5442 2045 5518 eciam
