5817 7292
910 1076 984 1155 ott
1482 1078 1571 1151 Las
1612 1075 1750 1150 OLIM.
1873 1065 1877 1070 ’

684 1230 814 1285 Panna
827 1220 870 1293 IV,
908 1238 970 1299 tus
984 1220 1143 1300 ballivus
1152 1220 1364 1329 judicatum
1379 1216 1590 1325 predictum
1602 1244 1679 1294 non
1703 1213 1918 1329 dedit,'sed
1935 1215 2090 1323 quidam
2113 1222 2329 1301 commissa-

746 1320 809 1365 m
909 1354 988 1432 rius
1012 1380 1125 1458 quem
1146 1352 1243 1457 ipse,
1272 1350 1321 1427 de
1345 1376 1530 1427 consensu
1548 1347 1737 1425 dictarum
1759 1345 1949 1453 parcium,
1975 1376 2091 1455 super
2118 1350 2192 1428 hoc
2216 1352 2331 1460 depu:

909 1500 1064 1573 taverat,
1086 1482 1188 1561 curia
1207 1498 1333 1559 nostra
1352 1480 1568 1568 emendam,
1594 1505 1707 1584 super
1726 1477 1815 1567 hoc,
1839 1477 1942 1555 dicto
1961 1477 2117 1570 ballivo,
2141 1511 2185 1560 ex
2206 1512 2330 1574 causa,

910 1614 1066 1693 remisit.

966 1744 1094 1823 Martis
1109 1742 1286 1850 predicta.

966 1874 1072 1955 Greci
1092 1874 1303 1981 reportavit.

966 2136 1043 2217 XII.
1074 2138 1158 2215 Lite
1173 2150 1290 2225 mota,
1308 2135 1468 2213 incuria
1486 2150 1630 2228 nostra,
1648 2132 1747 2215 inter
1767 2135 1968 2246 majorem,
1987 2136 2158 2218 scabinos
2172 2157 2210 2218 et
2222 2140 2328 2220 babi-

909 2286 1049 2347 tatores
1068 2267 1152 2347 ville
1183 2267 1230 2344 de
1258 2266 1516 2375 Gravelignes,
1543 2267 1698 2345 nomine
1727 2268 2008 2346 communitatis
2037 2269 2133 2347 dicte
2158 2268 2259 2360 ville,
2281 2299 2326 2349 ex

911 2416 1015 2507 parte
1031 2426 1123 2488 una,
1148 2414 1185 2474 et
1201 2378 1381 2503 majorem
1404 2410 1441 2472 et
1461 2394 1631 2474 scabinos
1644 2395 1731 2473 ville
1750 2396 2112 2487 Sancti-Audomari,
2133 2426 2176 2475 ex
2193 2398 2324 2490 altera,

912 2554 1090 2636 supereo
1110 2525 1214 2633 quod
1234 2524 1324 2603 dicti
1345 2523 1466 2632 major
1488 2541 1527 2602 et
1545 2526 1686 2603 scabini
1706 2525 1758 2603 de·
1775 2524 2017 2635 Gravelignes
2040 2526 2214 2606 dicebant
2230 2513 2269 2607 se
2288 2544 2327 2607 et

912 2658 1141 2736 habitatores
1164 2654 1262 2733 dicte
1281 2654 1368 2732 ville
1392 2684 1471 2734 esse
1491 2656 1530 2732 in
1547 2647 1681 2735 saisina
1700 2657 1863 2735 ducendi
1880 2671 1918 2735 et
1936 2658 2160 2747 reducendi,
2174 2688 2241 2767 per
2255 2679 2329 2738 ter-

911 2818 991 2867 ram
1013 2804 1051 2865 et
1071 2814 1138 2894 per
1153 2814 1304 2894 aquam,
1317 2786 1418 2865 bona
1435 2816 1517 2879 sua,
1539 2789 1743 2866 mercando
1761 2789 1821 2865 vel
1840 2788 1930 2865 alias
1947 2788 1995 2865 ad
2011 2788 2136 2866 villam
2157 2808 2230 2869 eta
2248 2790 2332 2868 villa

913 2916 1277 3007 Sancti-Andomari,
1290 2935 1327 2995 et
1338 2946 1379 2995 ea
1392 2916 1535 2995 ibidem
1550 2916 1777 3026 suscipiendi
1793 2936 1831 2995 et
1844 2919 2062 3026 deponendi
2073 2950 2141 2999 seu
2153 2920 2331 2999 onerandi

915 3070 951 3130 et
971 3050 1200 3129 deonerandi
1221 3047 1352 3141 libere,
1374 3049 1514 3157 absque
1534 3048 1727 3128 solucione
1743 3067 1928 3139 costume,
1946 3051 2071 3128 assisie
2093 3062 2161 3129 seu
2179 3050 2332 3161 alicujus

913 3182 1145 3271 redibencie,
1174 3198 1211 3258 et
1234 3164 1323 3287 quia
1349 3178 1404 3257 illi
1434 3180 1482 3257 de
1508 3179 1881 3258 Sancto-Andomaro
1901 3163 2085 3289 quosdam
2107 3182 2330 3259 habitatores

912 3312 1000 3390 ville
1022 3313 1068 3387 de
1092 3308 1332 3417 Gravelignes
1355 3309 1607 3417 gagiaverant,
1635 3310 1723 3415 quia
1745 3326 1952 3388 costumam
1975 3335 2041 3388 seu
2065 3312 2226 3389 assisiam
2254 3310 2327 3388 sibi

915 3442 1056 3520 solvere
1074 3467 1150 3517 non
1167 3437 1359 3528 volebant,
1381 3440 1560 3545 petebant
1577 3467 1734 3517 manum
1754 3457 1918 3519 nostram
1941 3443 1979 3516 in
1998 3441 2093 3517 dicta
2112 3440 2327 3549 gagiacione

910 3572 1119 3679 'appositam
1144 3570 1327 3660 amoveri,
1350 3587 1387 3647 et
1406 3569 1510 3678 gagia
1527 3597 1596 3677 per
1618 3598 1687 3649 nos
1705 3570 1777 3649 sibi
1796 3570 1977 3649 recredita
1992 3570 2134 3649 eisdem
2153 3550 2324 3659 liberari,

916 3722 953 3780 et
978 3706 1019 3779 in
1045 3729 1112 3779 sua
1135 3700 1267 3779 saisina
1294 3700 1447 3778 eosdem
1474 3700 1698 3792 conservari,
1728 3718 1833 3807 parte
1860 3703 2009 3780 adversa
2036 3701 2262 3780 contrarium
2288 3700 2329 3776 in

914 3833 1090 3941 predictis
1108 3848 1311 3921 asserente,
1328 3848 1365 3909 et
1382 3831 1430 3908 ad
1450 3831 1523 3909 hoc
1541 3832 1671 3939 plures
1689 3833 1873 3921 raciones,
1895 3850 1973 3909 tam
1988 3832 2131 3939 dejure
2150 3860 2263 3940 quam
2283 3830 2331 3907 de

915 3965 1028 4054 facto,
1041 3978 1298 4070 proponente:
1316 3960 1402 4041 Visa
1421 3962 1537 4070 igitur
1551 3963 1724 4069 inquesta
1736 3990 1850 4070 super
1862 3964 1935 4041 boc
1946 3964 1994 4041 de
2008 3964 2185 4040 mandato
2204 3979 2332 4040 nostro

914 4094 1008 4172 lacta
1038 4111 1075 4171 et
1098 4094 1298 4201 diligenter
1323 4092 1547 4185 examinata,
1575 4092 1663 4199 quia
1687 4122 1754 4200 per
1778 4094 1916 4171 dictam
1948 4094 2161 4202 inquestam
2192 4074 2353 4171 constat

916 4226 1095 4333 majorem
1122 4241 1160 4301 et
1179 4223 1348 4301 scabinos
1370 4222 1417 4299 de
1445 4221 1817 4302 Sancto-Audomaro
1838 4222 2091 4301 intencionem
2118 4250 2222 4301 suam
2245 4252 2334 4331 pro-

914 4355 1021 4433 basse
1045 4352 1296 4433 sulliciencius
1322 4381 1435 4460 quam
1455 4353 1636 4460 majorem
1657 4370 1695 4430 et
1714 4354 1887 4433 scabinos
1906 4354 2005 4432 dicte
2023 4354 2109 4433 ville
2130 4356 2178 4432 de
2199 4354 2333 4433 Grave·

835 4533 839 4541 ·
915 4486 1096 4594 lignes'in
1121 4484 1315 4594 predictis,
1342 4510 1410 4592 per
1433 4484 1536 4561 curie
1569 4502 1695 4563 nostre
1719 4478 1927 4594 judicium,
1958 4486 2101 4563 dictum
2133 4484 2207 4561 fuit
2229 4483 2331 4592 quod

916 4618 1035 4725 major
1055 4634 1093 4693 et
1111 4616 1249 4695 scabini
1268 4615 1315 4692 de
1334 4614 1703 4694 Sancto-Andomaro
1723 4616 1959 4695 tenebuntur
1975 4634 2013 4693 et
2031 4616 2279 4694 servahuntur
2290 4617 2330 4689 in

915 4747 1048 4825 saisina
1066 4778 1133 4826 sua
1156 4746 1301 4824 levandi
1327 4745 1530 4854 quamdam
1554 4746 1807 4824 redibenciam
1832 4746 2092 4839 solummodo,
2117 4775 2190 4854 que
2210 4743 2331 4849 vulga-

915 4879 1006 4955 riter
1025 4877 1224 4956 mala-totta
1243 4900 1310 4956 seu
1332 4878 1458 4955 assisia
1479 4876 1695 4955 nominatur
1713 4877 1760 4955 ab
1782 4876 2055 4956 habitatoribus
2071 4875 2157 4954 ville
2173 4876 2219 4953 de
2238 4872 2333 4953 Gra-

914 5008 1096 5119 velignes,
1123 5039 1191 5117 pro
1208 5008 1508 5118 quibuscumque
1529 5009 1748 5086 mercaturis
1772 5008 1849 5086 suis
1871 5008 2008 5115 emptis
2028 5014 2096 5086 seu
2111 5004 2269 5084 venditis
2291 5006 2334 5080 in

913 5140 999 5217 villa
1028 5139 1384 5221 Sancti-Andomari
1414 5168 1482 5217 seu
1510 5139 1550 5215 in
1584 5138 1774 5217 territorio
1801 5139 1970 5249 ejusdem
2001 5136 2105 5225 ville,
2133 5138 2335 5243 quociens-

914 5301 1076 5380 cumque
1093 5272 1190 5351 dicta
1207 5262 1413 5349 mala-tolla
1429 5298 1496 5347 seu
1515 5268 1641 5347 assisia
1656 5270 1765 5348 dictis
1778 5269 1909 5376 majori
1929 5286 1966 5346 et
1983 5268 2144 5345 scabinis
2160 5290 2336 5344 concessa

911 5402 1025 5482 luerit
1040 5404 1085 5481 ab
1101 5402 1167 5515 illo
1188 5402 1251 5509 qui
1274 5400 1480 5478 concedere
1494 5385 1638 5506 potest,
1657 5420 1695 5479 et
1709 5400 1814 5508 qdod
1828 5400 1931 5509 gagia
1945 5428 2020 5510 que
2038 5424 2153 5506 super
2173 5396 2260 5475 illos
2284 5394 2336 5474 de
