5817 7292
854 1100 929 1174 282
1436 1097 1528 1170 LES
1558 1095 1696 1170 OLlM.

628 1253 759 1306 Parum
770 1249 815 1309 tv,
854 1256 954 1318 ceret
968 1265 1034 1316 seu
1055 1238 1218 1344 dampna
1233 1235 1406 1325 inferret,
1426 1254 1467 1316 et
1481 1237 1586 1344 quod
1602 1235 1746 1316 dictum
1760 1237 1947 1342 militem,
1964 1267 2039 1317 una
2060 1269 2148 1319 oum
2164 1244 2280 1326 rebus

855 1389 894 1450 et
906 1371 1020 1449 bonis
1038 1369 1132 1458 suis,
1149 1386 1188 1446 et
1203 1367 1413 1476 specialiter
1430 1368 1647 1476 repperium
1668 1398 1780 1448 suum
1796 1369 1843 1447 de
1856 1371 2064 1461 Laneurna,
2080 1373 2277 1481 capiebant

855 1520 893 1580 et
908 1499 1102 1609 ponebant
1120 1500 1161 1577 in
1180 1499 1278 1577 salva
1291 1501 1406 1609 garda
1425 1516 1574 1578 nostra:
1596 1499 1692 1576 Hinc
1708 1517 1764 1581 est
1783 1499 1907 1607 quod,
1928 1501 2006 1580 viso
2025 1502 2198 1609 inquesta
2217 1533 2282 1584 su-

854 1661 922 1740 per
934 1633 1007 1714 hiis
1027 1632 1075 1712 de
1091 1630 1269 1711 mandato
1284 1648 1413 1709 nostro
1427 1630 1541 1720 lacta,
1557 1630 1648 1738 quia
1662 1630 1857 1738 inventum
1878 1649 1935 1710 est
1948 1632 2179 1713 sufficienter
2192 1663 2282 1741 pro-

854 1765 986 1845 batum
1011 1763 1155 1844 dictum
1174 1761 1409 1841 Gaillardum
1431 1763 1480 1840 de
1500 1762 1816 1842 Monte-Lanardo
1836 1791 1911 1842 una
1929 1792 2015 1842 oum
2032 1764 2281 1871 complicibus

855 1896 949 1988 suis,
964 1894 1098 2002 spretis
1112 1891 1290 1974 omnibus
1310 1892 1518 1998 premissis,
1534 1892 1724 2000 reperium
1742 1893 1789 1970 de
1804 1894 1990 1984 Lancura,
2006 1923 2113 1974 more
2131 1895 2278 1988 hostili,

856 2055 943 2104 cum
958 2025 1088 2114 armis,
1111 2051 1339 2133 expugnasse
1355 2041 1395 2102 et
1414 2021 1640 2112 debellasse,
1657 2023 1835 2130 gentibus
1847 2025 1985 2104 nostris
2004 2025 2106 2104 intus
2118 2027 2282 2106 existen-

690 1343 755 1386 1³08.

855 2156 958 2237 tibus
977 2175 1015 2235 et
1030 2156 1166 2235 vexillo
1185 2173 1332 2244 nostro,
1352 2155 1558 2266 insignum
1575 2153 1674 2232 salve
1690 2155 1823 2262 garde,
1843 2157 1883 2234 in
1902 2157 2003 2236 dicto
2020 2158 2192 2266 repperio
2211 2187 2279 2266 po-

741 2370 745 2378 ,
823 2333 826 2340 -
857 2289 945 2378 sito,
961 2289 1053 2367 item
1067 2288 1196 2396 plures
1210 2288 1362 2368 arbores
1379 2285 1590 2366 fructiferas
1604 2302 1643 2366 et
1657 2284 1765 2374 alias,
1778 2287 1886 2395 juxta
1900 2289 2094 2394 piscariam
2107 2289 2194 2367 dieti
2211 2290 2281 2366 mi·

858 2419 934 2500 litis
961 2421 1179 2509 existentes,
1201 2419 1379 2498 scindisse
1402 2417 1461 2496 vel
1488 2416 1606 2496 scindi
1631 2416 1782 2508 secisse,
1809 2419 1938 2498 athiis
1957 2447 2034 2497 non
2058 2437 2278 2498 contentum

858 2551 1050 2657 quoddam
1073 2549 1339 2630 molendinum
1359 2549 1448 2626 dicti
1476 2548 1607 2626 militis
1622 2548 1796 2628 totaliter
1819 2549 2070 2640 construxisse,
2089 2579 2157 2657 per
2176 2551 2280 2629 curie

858 2698 985 2761 nostre
993 2682 1199 2791 judicium,
1215 2681 1339 2760 dictus
1351 2679 1565 2760 Gaillardus
1580 2679 1690 2757 nobis
1703 2680 1744 2758 in
1756 2681 1862 2760 mille
1874 2681 1983 2760 libris
1996 2681 2281 2760 Turonensibns

858 2811 1062 2901 solvendis,
1073 2829 1112 2890 et
1121 2811 1255 2901 eciam,
1269 2827 1424 2919 propter
1438 2810 1528 2888 dicti
1543 2809 1629 2888 lacti
1644 2811 1895 2902 atrocitatem,
1910 2812 2015 2920 quod
2025 2841 2161 2921 corpus
2171 2841 2281 2890 suurn

858 2943 898 3020 in
918 2959 1043 3022 nostra
1063 2941 1190 3023 clausa
1207 2941 1373 3050 prisione
1392 2958 1568 3022 teneatur
1584 2969 1705 3050 usque
1725 2943 1774 3020 ad
1790 2943 2022 3022 voluntatem
2042 2961 2225 3035 nostram,
2247 2959 2285 3020 et

860 3075 961 3154 dicto
973 3074 1086 3154 militi
1106 3075 1147 3154 in
1165 3074 1271 3158 mille
1293 3074 1399 3154 libris
1412 3075 1718 3163 Turonensibus,
1733 3075 1883 3154 racione
1902 3075 2091 3155 dictorum
2106 3075 2285 3182 dampno

859 3235 944 3285 rum
972 3206 1044 3285 sibi
1067 3205 1274 3292 factorum,
1301 3205 1467 3313 dictique
1487 3206 1716 3284 Bartrandus
1741 3207 1789 3284 de
1813 3207 1948 3286 Lavela
1972 3207 2012 3284 in
2037 3205 2283 3314 quadraginta

859 3337 983 3428 libris,
996 3337 1234 3416 Guicbardus
1253 3336 1302 3414 de
1318 3338 1490 3430 Sonraoo,
1508 3337 1550 3416 in
1563 3337 1851 3446 quinquaginta,
1865 3339 2093 3417 Bertrandus
2109 3338 2156 3415 de
2176 3335 2283 3416 Guis-

860 3468 991 3557 cardo,
1005 3468 1046 3544 in
1061 3469 1267 3576 sexaginta,
1282 3469 1512 3548 bertrandus
1528 3468 1576 3546 de
1590 3471 1746 3559 Roseto,
1760 3471 1800 3546 in
1812 3469 2073 3579 quadraginta,
2090 3485 2128 3546 et
2140 3470 2281 3545 Emau·

862 3598 934 3676 dus
945 3599 1102 3689 Sorelli,
1118 3600 1323 3679 incentum
1337 3600 1444 3678 libris
1459 3599 1569 3678 nobis
1584 3600 1788 3690 solvendis,
1802 3601 1892 3708 quia
1906 3600 2045 3708 raperti
2061 3617 2150 3680 sunt
2164 3597 2281 3676 fuisse

860 3728 1099 3808 auxiliatores
1117 3747 1156 3807 et
1173 3730 1392 3818 consiliarii,
1408 3730 1448 3807 in
1463 3729 1642 3835 predictis
1664 3730 1811 3808 delictis
1832 3729 2030 3822 faciendis,
2049 3728 2284 3808 sentenciali-

859 3875 917 3935 ter
931 3860 1199 3966 condempnati
1213 3859 1377 3939 suerunt.
1909 3929 1913 3936 .

915 3991 963 4067 Et
986 4008 1112 4068 contra
1133 3991 1227 4070 alios
1251 3994 1315 4100 qui
1340 3993 1519 4072 dicuntur
1537 3991 1743 4099 culpabiles
1762 3993 1802 4072 iu
1822 3993 2020 4100 predictis,
2043 3989 2285 4068 mandabitur

861 4120 1064 4200 senescallo
1083 4124 1374 4233 Petregoricensi
1389 4126 1497 4231 quod
1514 4124 1611 4231 ipse,
1631 4123 1768 4201 vocatis
1785 4125 1975 4231 partibus,
1996 4121 2161 4229 inquirat
2176 4137 2213 4197 et
2227 4147 2285 4197 re-

861 4243 956 4332 ferat
971 4251 1019 4330 ad
1032 4250 1149 4332 finem
1168 4253 1327 4334 civilem.

918 4383 1047 4462 Martis
1064 4401 1152 4492 post
1164 4387 1447 4466 conversionem
1461 4385 1576 4466 sancti
1590 4385 1708 4464 Pauli.

917 4514 1044 4594 Monoi
1062 4516 1276 4622 reportavit.

915 4777 1009 4857 xm.
1031 4777 1934 4887 CumerquerimoniaFalquete,relicteGirardi
1947 4778 1995 4858 de
2008 4777 2282 4866 bosso-Monte,

860 4907 1055 5016 quondam
1064 4908 1214 5001 militis,
1228 4909 1481 5016 acceperimus
1491 4910 1597 5018 quod
1606 4909 1796 4992 Gerardus
1806 4909 1854 4988 de
1864 4907 2047 4999 Defenso,
2062 4908 2182 5000 miles,
2197 4934 2285 4984 cum

860 5038 1036 5146 pluribus
1055 5041 1133 5119 suis
1144 5040 1410 5148 eomplicibus,
1425 5040 1584 5122 domum
1599 5043 1699 5130 dicte
1713 5041 1893 5149 Falquate
1907 5041 1955 5122 de
1969 5037 2286 5120 ParedoLoufra-

860 5169 927 5262 rii,
948 5171 988 5248 in
1007 5199 1122 5253 manu
1140 5187 1268 5251 nostra
1283 5200 1369 5249 cum
1390 5173 1728 5278 pertinenciis-auis
1747 5173 1990 5261 amstantmn,
2007 5197 2094 5250 eum
2113 5169 2284 5248 multitu-

862 5299 951 5380 dine
962 5321 1193 5383 armatorum
1204 5300 1386 5384 violenter
1397 5303 1560 5394 intrarit,
1577 5334 1661 5384 eam
1674 5303 1787 5414 fregit
1800 5322 1840 5382 et
1854 5303 2029 5384 funditus
2046 5301 2178 5387 diruit,
2195 5323 2282 5376 neo-

861 5459 940 5510 nou
958 5431 1185 5511 hereditates
1207 5432 1257 5510 ad
1279 5431 1418 5514 dictam
1444 5434 1602 5514 domum
1627 5437 1881 5541 pertinentes,
1901 5433 2077 5513 uidelioet¹
2093 5447 2221 5539 stagna
2244 5445 2283 5507 at
