5817 7292
853 1103 927 1174 212
1432 1105 1523 1176 Lus
1553 1103 1697 1178 OLIM.

626 1249 756 1302 sertim
769 1247 804 1302 IV
851 1260 909 1319 tes
928 1270 1028 1333 suas,
1047 1244 1210 1321 habendi
1227 1261 1264 1321 et
1279 1243 1525 1351 explectandi‚
1544 1246 1698 1323 interra
1716 1272 1801 1332 sua,
1818 1273 1930 1353 quam
1946 1245 2088 1324 habent
2100 1249 2274 1340 Parisius'.

688 1339 751 1382 1³⁰6.

853 1390 1025 1451 movente
1045 1373 1095 1450 de
1116 1373 1271 1451 ecclesia
1293 1375 1604 1463 Sancti-Martini,
1623 1374 1780 1454 albenos
1801 1393 1838 1454 et
1857 1376 2131 1454 successionem
2146 1377 2279 1458 basus

854 1503 1009 1590 dorum,
1022 1532 1064 1580 ac
1075 1502 1192 1579 eciam
1203 1502 1367 1579 habendi
1379 1505 1638 1612 cognicionem
1651 1505 1821 1584 omnium
1834 1505 2180 1588 emolumentorum
2191 1509 2278 1588 inde

853 1634 1175 1742 proveniendum,
1187 1633 1530 1741 quocienscumque
1543 1664 1648 1712 casus
1662 1664 1701 1712 se
1713 1636 1897 1715 offerebat
1909 1653 1947 1714 et
1959 1637 2085 1728 offert,
2101 1656 2141 1717 et
2152 1657 2279 1746 gentes

853 1783 980 1844 nostre
1000 1767 1048 1842 de
1069 1793 1165 1840 novo
1187 1792 1250 1840 eos
1268 1765 1466 1842 turbarent
1485 1783 1522 1842 et
1542 1766 1768 1871 impedirent
1788 1767 1914 1846 minus
1932 1768 2219 1860 racionabiliter.
2238 1789 2280 1850 ut

854 1895 1043 1984 dicebant,
1066 1896 1105 1970 in
1128 1924 1193 1972 sua
1211 1895 1444 2000 possessione
1465 1895 1652 2002 predicta;
1674 1927 1788 2003 quare
1808 1897 1988 2004 petebant
2008 1899 2096 1976 dicti
2114 1899 2277 2008 religiosi

853 2043 897 2103 ut
911 2026 1123 2134 predictum
1138 2024 1451 2132 impedimentum
1468 2045 1713 2116 amoveretur,
1730 2044 1767 2104 et
1783 2027 1829 2104 de
1845 2028 1977 2105 saisina
1988 2058 2053 2106 sua
2063 2031 2117 2106 uti
2127 2031 2278 2136 pacilice

855 2157 1188 2264 permitterentur:
1206 2157 1371 2233 Hincest
1391 2155 1510 2262 quod,
1529 2157 1602 2234 visa
1624 2156 1795 2263 inquesta
1815 2185 1928 2265 super
1946 2158 2019 2236 biis
2036 2159 2082 2237 dc
2102 2161 2276 2239 mandato

855 2305 984 2366 nostro
999 2288 1111 2376 facta,
1126 2286 1261 2364 vocatis
1275 2287 1466 2394 preposito
1482 2287 1678 2365 Parisiensi
1695 2304 1733 2364 et
1746 2306 1986 2395 procuratore
2000 2307 2128 2368 nostro
2141 2291 2180 2368 in
2194 2321 2278 2397 pre-

855 2418 1021 2527 positura
1036 2418 1249 2509 parisiensi,
1272 2444 1314 2494 ac
1333 2418 1450 2494 eciam
1469 2417 1645 2523 magistro
1660 2419 1808 2496 Thoma
1822 2419 1869 2498 de
1888 2419 2069 2526 Semayo,
2082 2437 2177 2498 -tunc
2190 2451 2277 2542 pro·

856 2569 1027 2628 curatore
1049 2567 1178 2627 nostro
1205 2565 1636 2638 manuummortuarum‚
1655 2549 1743 2655 quia
1765 2550 1956 2627 inventum
1977 2563 2033 2627 est
2052 2549 2278 2630 sufficienter

856 2681 1056 2788 probatum
1075 2679 1263 2785 predictos
1282 2678 1447 2785 priorem
1468 2695 1505 2756 et
1525 2696 1750 2757 conventum
1776 2708 1856 2757 esse
1883 2697 1921 2757 et
1945 2677 2057 2758 luisse
2085 2681 2124 2756 in
2145 2682 2278 2758 saisina

856 2812 1077 2888 albanorum
1096 2828 1134 2886 et
1148 2809 1409 2890 bastardorum
1426 2835 1494 2915 per
1513 2826 1629 2886 totam
1642 2827 1779 2886 terram
1793 2837 1897 2887 suam
1913 2810 1959 2887 ab
1973 2809 2128 2890 ecclesia
2140 2811 2281 2890 Sancti-

857 2943 1007 3020 Martini
1021 2958 1248 3029 moventem,
1261 2940 1548 3046 pronunciatum
1564 2940 1652 3029 suit,
1664 2968 1734 3045 per
1748 2942 1851 3018 curie
1864 2959 1990 3020 nostre
2002 2940 2208 3047 judicium,
2221 2967 2281 3049 pe·

858 3103 924 3151 nes
944 3075 1063 3152 dictos
1082 3074 1247 3179 priorem
1268 3091 1306 3150 et
1325 3089 1549 3150 conventum
1568 3072 1706 3150 dictam
1722 3073 1894 3150 saisinam
1912 3072 2051 3151 debere
2069 3101 2278 3164 remanere,

858 3205 1172 3312 impedimentum
1189 3204 1228 3279 in
1244 3203 1343 3280 dicta
1357 3203 1489 3281 saisina
1507 3231 1575 3311 per
1588 3219 1718 3310 gentes
1734 3220 1878 3280 nostras
1891 3203 2102 3308 appositum
2117 3203 2281 3282 totaliter

860 3334 1085 3424 amovendo,
1104 3335 1200 3411 salva
1218 3333 1327 3411 nobis
1346 3362 1461 3441 super
1481 3335 1553 3411 hoc
1569 3333 1764 3441 questione
1780 3331 2026 3440 proprietatis.

916 3437 1078 3544 sabbati
1092 3465 1446 3573 postepiphaniam.

916 3599 1039 3676 Monci
1059 3598 1273 3705 reportavit.

915 3867 1008 3944 XLl.
1040 3865 1137 3944 Cum
1158 3865 1343 3941 internos
1367 3880 1405 3940 ct
1423 3862 1599 3941 abbatem
1619 3879 1657 3938 et
1681 3878 1906 3939 conventum
1929 3860 1977 3938 de
1995 3860 2120 3966 Pynu,
2144 3888 2188 3936 ex
2207 3887 2280 3936 una

858 4015 979 4105 parte,
993 4016 1031 4075 et
1046 3998 1229 4104 majorem
1242 4011 1280 4073 et
1285 3997 1431 4104 juratos
1446 3993 1661 4072 communie
1676 3992 1915 4083 Pictavensis,
1933 4019 1976 4068 er
1993 3991 2121 4077 altera,
2139 4007 2282 4068 contre

859 4130 976 4209 versia
994 4147 1202 4207 verteretur
1226 4155 1403 4234 supereo
1423 4125 1531 4233 quod
1550 4153 1619 4202 nos
1640 4142 1677 4202 et
1697 4123 1857 4230 predicti
1875 4121 2039 4229 religiosi
2063 4120 2282 4200 dicebamur

860 4291 930 4339 nos
950 4289 1030 4338 esse
1050 4261 1090 4334 in
1111 4259 1243 4337 saisina
1267 4256 1440 4365 capiendi
1465 4273 1503 4334 et
1521 4255 1684 4344 levandi,
1710 4281 1780 4362 pro
1806 4251 1981 4340 indiviso,
2009 4250 2214 4358 minagium
2236 4249 2282 4328 ab

861 4391 1015 4497 illisqui
1032 4409 1212 4468 vocantur
1228 4391 1410 4467 roturiers
1428 4405 1466 4466 et
1485 4389 1531 4466 ab
1549 4388 1632 4466 aliis
1648 4385 1919 4464 mercatoribus
1935 4381 2183 4462 vendentibus
2203 4381 2283 4460 bla-

861 4523 955 4600 dum
974 4522 1074 4627 apud
1095 4521 1297 4610 pictavum,
1324 4519 1389 4596 ubi
1411 4537 1538 4598 nostre
1559 4535 1596 4596 et
1617 4517 1803 4594 dictorum
1825 4515 2084 4624 religiosorum
2105 4538 2282 4590 mensure

862 4670 1034 4742 currunt,
1055 4653 1172 4729 eciam
1192 4649 1329 4728 abillis
1352 4650 1400 4725 de
1418 4649 1635 4728 communia
1650 4648 1832 4756 predicta,
1856 4645 1996 4724 scilicet
2018 4645 2066 4722 de
2087 4669 2160 4719 una
2174 4657 2282 4748 cuyta

863 4783 967 4862 bladi
989 4811 1109 4859 unum
1131 4779 1350 4871 boisellum,
1375 4781 1479 4880 etde
1502 4780 1651 4858 duobus
1671 4775 1836 4856 sextariis
1854 4774 1957 4852 bladi
1976 4773 2180 4852 dimidium
2201 4769 2284 4850 boi-

863 4913 1016 5005 sellum‚
1035 4914 1133 4990 etde
1150 4943 1228 4990 uno
1241 4913 1400 4990 sextario
1414 4911 1519 4990 bladi
1533 4929 1704 5020 quartam
1716 4925 1860 5018 partem
1877 4907 1991 4984 unius
2005 4903 2175 4994 boiselli;
2192 4904 2284 4982 item

863 5045 1034 5153 capiendi
1051 5062 1089 5123 et
1103 5044 1247 5122 levandi
1261 5045 1320 5122 bis
1336 5045 1374 5121 in
1392 5072 1508 5132 anno,
1527 5043 1666 5121 scilicet
1682 5043 1719 5119 in
1732 5039 1928 5119 Nativitate
1944 5036 2098 5117 Domini
2116 5035 2206 5114 etin
2222 5035 2285 5114 Na·

862 5176 1002 5254 tivitate
1022 5176 1121 5254 beati
1140 5175 1519 5280 lobannis-Baptiste,
1540 5174 1587 5250 de
1608 5172 1781 5280 quolibet
1798 5169 1950 5248 homine
1971 5180 2226 5244 commorante
2245 5163 2284 5238 in

863 5326 1027 5390 mercato
1043 5307 1147 5388 bladi
1166 5304 1369 5383 Pictavensi
1385 5321 1425 5382 et
1436 5305 1622 5383 vendente
1637 5302 1795 5381 bladum
1810 5301 1851 5378 in
1869 5299 1947 5378 suis
1966 5295 2159 5407 graneriis,
2178 5307 2217 5372 et
2230 5309 2285 5370 te-

864 5461 976 5521 nente
991 5467 1185 5520 mensuras
1197 5437 1244 5515 ad
1257 5436 1431 5526 bladum,
1449 5437 1523 5514 sive
1537 5438 1586 5512 sit
1599 5435 1647 5514 de
1663 5435 1761 5512 dieta
1774 5433 1988 5512 communia
2004 5429 2078 5508 sive
2092 5455 2186 5512 non,
2204 5451 2286 5503 ave·
