<?xml version="1.0" encoding="UTF-8"?>
<!DOCTYPE html PUBLIC "-//W3C//DTD XHTML 1.0 Transitional//EN"
    "http://www.w3.org/TR/xhtml1/DTD/xhtml1-transitional.dtd">
<html xmlns="http://www.w3.org/1999/xhtml" xml:lang="en" lang="en">
 <head>
  <title>
</title>
<meta http-equiv="Content-Type" content="text/html;charset=utf-8" />
  <meta name='ocr-system' content='tesseract 3.04.00' />
  <meta name='ocr-capabilities' content='ocr_page ocr_carea ocr_par ocr_line ocrx_word'/>
</head>
<body>
  <div class='ocr_page' id='page_1' title='image "./lesolimouregist00pargoog_0668.png"; bbox 0 0 5817 7292; ppageno 0'>
   <div class='ocr_carea' id='block_1_1' title="bbox 915 1092 1751 1181">
    <p class='ocr_par' dir='ltr' id='par_1_1' title="bbox 915 1092 1751 1181">
     <span class='ocr_line' id='line_1_1' title="bbox 915 1092 1751 1181; baseline -0.005 0"><span class='ocrx_word' id='word_1_1' title='bbox 915 1110 987 1181; x_wconf 80' lang='lat' dir='ltr'>soc</span> <span class='ocrx_word' id='word_1_2' title='bbox 1148 1092 1159 1109; x_wconf 79' lang='grc'><strong>“</strong></span> <span class='ocrx_word' id='word_1_3' title='bbox 1361 1098 1364 1107; x_wconf 89' lang='grc'><strong><em>’</em></strong></span> <span class='ocrx_word' id='word_1_4' title='bbox 1488 1105 1751 1179; x_wconf 82' lang='lat' dir='ltr'>cnsonnr.</span> 
     </span>
    </p>
   </div>
   <div class='ocr_carea' id='block_1_2' title="bbox 679 1245 2336 5399">
    <p class='ocr_par' dir='ltr' id='par_1_2' title="bbox 679 1245 2336 5399">
     <span class='ocr_line' id='line_1_2' title="bbox 679 1245 2330 1361; baseline 0.008 -43"><span class='ocrx_word' id='word_1_5' title='bbox 679 1265 809 1321; x_wconf 73' lang='lat' dir='ltr'>rernm</span> <span class='ocrx_word' id='word_1_6' title='bbox 827 1260 871 1324; x_wconf 79' lang='lat' dir='ltr'>IV.</span> <span class='ocrx_word' id='word_1_7' title='bbox 909 1277 997 1327; x_wconf 88' lang='lat' dir='ltr'>nem</span> <span class='ocrx_word' id='word_1_8' title='bbox 1014 1278 1126 1357; x_wconf 88' lang='lat' dir='ltr'>super</span> <span class='ocrx_word' id='word_1_9' title='bbox 1145 1248 1370 1356; x_wconf 77' lang='lat' dir='ltr'>proprietate</span> <span class='ocrx_word' id='word_1_10' title='bbox 1384 1247 1493 1325; x_wconf 81' lang='lat' dir='ltr'>castri</span> <span class='ocrx_word' id='word_1_11' title='bbox 1515 1246 1563 1324; x_wconf 85' lang='lat' dir='ltr'>dc</span> <span class='ocrx_word' id='word_1_12' title='bbox 1578 1245 1901 1325; x_wconf 86' lang='lat' dir='ltr'>Sancto-Giranno</span> <span class='ocrx_word' id='word_1_13' title='bbox 1912 1247 2330 1361; x_wconf 86' lang='lat' dir='ltr'>appendenciarumque</span> 
     </span>
     <span class='ocr_line' id='line_1_3' title="bbox 745 1352 2332 1493; baseline 0.006 -38"><span class='ocrx_word' id='word_1_14' title='bbox 745 1352 809 1397; x_wconf 55' lang='grc' dir='ltr'>Μ’</span> <span class='ocrx_word' id='word_1_15' title='bbox 908 1409 1062 1459; x_wconf 88' lang='lat' dir='ltr'>suarum</span> <span class='ocrx_word' id='word_1_16' title='bbox 1084 1397 1123 1459; x_wconf 91' lang='lat' dir='ltr'>et</span> <span class='ocrx_word' id='word_1_17' title='bbox 1146 1408 1258 1486; x_wconf 87' lang='lat' dir='ltr'>super</span> <span class='ocrx_word' id='word_1_18' title='bbox 1277 1376 1546 1485; x_wconf 76' lang='lat' dir='ltr'><strong>conquestibus</strong></span> <span class='ocrx_word' id='word_1_19' title='bbox 1570 1377 1798 1485; x_wconf 90' lang='lat' dir='ltr'>quibusdam</span> <span class='ocrx_word' id='word_1_20' title='bbox 1819 1376 1859 1452; x_wconf 94' lang='lat' dir='ltr'>in</span> <span class='ocrx_word' id='word_1_21' title='bbox 1875 1377 2067 1460; x_wconf 87' lang='lat' dir='ltr'>territorio</span> <span class='ocrx_word' id='word_1_22' title='bbox 2086 1379 2134 1457; x_wconf 90' lang='lat' dir='ltr'>de</span> <span class='ocrx_word' id='word_1_23' title='bbox 2152 1383 2332 1493; x_wconf 78' lang='lat' dir='ltr'>Thumyo</span> 
     </span>
     <span class='ocr_line' id='line_1_4' title="bbox 907 1496 2336 1618; baseline 0.005 -32"><span class='ocrx_word' id='word_1_24' title='bbox 907 1496 1165 1600; x_wconf 82' lang='lat' dir='ltr'>existentibus,</span> <span class='ocrx_word' id='word_1_25' title='bbox 1195 1539 1262 1618; x_wconf 89' lang='lat' dir='ltr'>per</span> <span class='ocrx_word' id='word_1_26' title='bbox 1286 1507 1536 1597; x_wconf 83' lang='lat' dir='ltr'>Ludoricum,</span> <span class='ocrx_word' id='word_1_27' title='bbox 1564 1510 1741 1586; x_wconf 89' lang='lat' dir='ltr'>maritum</span> <span class='ocrx_word' id='word_1_28' title='bbox 1767 1509 1961 1614; x_wconf 86' lang='lat' dir='ltr'>quondam</span> <span class='ocrx_word' id='word_1_29' title='bbox 1984 1509 2083 1588; x_wconf 90' lang='lat' dir='ltr'>dicte</span> <span class='ocrx_word' id='word_1_30' title='bbox 2105 1509 2269 1602; x_wconf 75' lang='lat' dir='ltr'>aelidis,</span> <span class='ocrx_word' id='word_1_31' title='bbox 2296 1533 2336 1593; x_wconf 90' lang='lat' dir='ltr'>et</span> 
     </span>
     <span class='ocr_line' id='line_1_5' title="bbox 908 1638 2336 1752; baseline 0.004 -35"><span class='ocrx_word' id='word_1_32' title='bbox 908 1640 1044 1719; x_wconf 88' lang='lat' dir='ltr'>dictam</span> <span class='ocrx_word' id='word_1_33' title='bbox 1061 1639 1242 1728; x_wconf 85' lang='lat' dir='ltr'>Aelidim,</span> <span class='ocrx_word' id='word_1_34' title='bbox 1256 1656 1426 1746; x_wconf 90' lang='lat' dir='ltr'>tempore</span> <span class='ocrx_word' id='word_1_35' title='bbox 1443 1640 1644 1717; x_wconf 85' lang='lat' dir='ltr'>constantis</span> <span class='ocrx_word' id='word_1_36' title='bbox 1659 1638 1905 1729; x_wconf 78' lang='lat' dir='ltr'>matrimonii,</span> <span class='ocrx_word' id='word_1_37' title='bbox 1925 1641 2023 1718; x_wconf 92' lang='lat' dir='ltr'>inter</span> <span class='ocrx_word' id='word_1_38' title='bbox 2037 1644 2194 1721; x_wconf 87' lang='lat' dir='ltr'>eosdem</span> <span class='ocrx_word' id='word_1_39' title='bbox 2208 1646 2336 1752; x_wconf 89' lang='lat' dir='ltr'>acqui-</span> 
     </span>
     <span class='ocr_line' id='line_1_6' title="bbox 906 1770 2331 1879; baseline 0.004 -32"><span class='ocrx_word' id='word_1_40' title='bbox 906 1770 987 1848; x_wconf 91' lang='lat' dir='ltr'>sitis</span> <span class='ocrx_word' id='word_1_41' title='bbox 1005 1789 1043 1849; x_wconf 91' lang='lat' dir='ltr'>et</span> <span class='ocrx_word' id='word_1_42' title='bbox 1061 1798 1175 1878; x_wconf 90' lang='lat' dir='ltr'>super</span> <span class='ocrx_word' id='word_1_43' title='bbox 1190 1789 1343 1849; x_wconf 89' lang='lat' dir='ltr'>centum</span> <span class='ocrx_word' id='word_1_44' title='bbox 1363 1770 1478 1849; x_wconf 90' lang='lat' dir='ltr'>libras</span> <span class='ocrx_word' id='word_1_45' title='bbox 1498 1771 1613 1849; x_wconf 91' lang='lat' dir='ltr'>annui</span> <span class='ocrx_word' id='word_1_46' title='bbox 1625 1772 1798 1849; x_wconf 89' lang='lat' dir='ltr'>redditus</span> <span class='ocrx_word' id='word_1_47' title='bbox 1816 1800 1912 1879; x_wconf 89' lang='lat' dir='ltr'>qua,</span> <span class='ocrx_word' id='word_1_48' title='bbox 1933 1772 2132 1851; x_wconf 87' lang='lat' dir='ltr'>addictam</span> <span class='ocrx_word' id='word_1_49' title='bbox 2146 1774 2331 1866; x_wconf 82' lang='lat' dir='ltr'>Aelidim,</span> 
     </span>
     <span class='ocr_line' id='line_1_7' title="bbox 907 1901 2331 2009; baseline 0.003 -30"><span class='ocrx_word' id='word_1_50' title='bbox 907 1902 1057 1981; x_wconf 83' lang='lat' dir='ltr'>racione</span> <span class='ocrx_word' id='word_1_51' title='bbox 1073 1930 1139 1980; x_wconf 91' lang='lat' dir='ltr'>seu</span> <span class='ocrx_word' id='word_1_52' title='bbox 1154 1933 1263 1981; x_wconf 90' lang='lat' dir='ltr'>causa</span> <span class='ocrx_word' id='word_1_53' title='bbox 1277 1903 1375 1981; x_wconf 87' lang='lat' dir='ltr'>dotis</span> <span class='ocrx_word' id='word_1_54' title='bbox 1388 1931 1472 1991; x_wconf 90' lang='lat' dir='ltr'>sue,</span> <span class='ocrx_word' id='word_1_55' title='bbox 1486 1901 1675 1980; x_wconf 87' lang='lat' dir='ltr'>debebant</span> <span class='ocrx_word' id='word_1_56' title='bbox 1683 1902 1872 2009; x_wconf 83' lang='lat' dir='ltr'>pertinere</span> <span class='ocrx_word' id='word_1_57' title='bbox 1882 1902 1982 1979; x_wconf 89' lang='lat' dir='ltr'>inter</span> <span class='ocrx_word' id='word_1_58' title='bbox 1994 1903 2134 1981; x_wconf 91' lang='lat' dir='ltr'>dictam</span> <span class='ocrx_word' id='word_1_59' title='bbox 2146 1904 2331 1995; x_wconf 89' lang='lat' dir='ltr'>Aelidim,</span> 
     </span>
     <span class='ocr_line' id='line_1_8' title="bbox 906 2031 2334 2141; baseline 0.003 -32"><span class='ocrx_word' id='word_1_60' title='bbox 906 2062 951 2109; x_wconf 82' lang='lat' dir='ltr'>or</span> <span class='ocrx_word' id='word_1_61' title='bbox 965 2052 1070 2141; x_wconf 87' lang='lat' dir='ltr'>parte</span> <span class='ocrx_word' id='word_1_62' title='bbox 1086 2063 1179 2123; x_wconf 91' lang='lat' dir='ltr'>una,</span> <span class='ocrx_word' id='word_1_63' title='bbox 1198 2051 1235 2112; x_wconf 90' lang='lat' dir='ltr'>et</span> <span class='ocrx_word' id='word_1_64' title='bbox 1249 2033 1510 2122; x_wconf 85' lang='lat' dir='ltr'>Kathcrinam,</span> <span class='ocrx_word' id='word_1_65' title='bbox 1528 2031 1645 2111; x_wconf 88' lang='lat' dir='ltr'>[iliam</span> <span class='ocrx_word' id='word_1_66' title='bbox 1661 2032 1760 2110; x_wconf 87' lang='lat' dir='ltr'>diota</span> <span class='ocrx_word' id='word_1_67' title='bbox 1777 2031 1920 2123; x_wconf 80' lang='lat' dir='ltr'>Aelidis</span> <span class='ocrx_word' id='word_1_68' title='bbox 1936 2049 1974 2109; x_wconf 89' lang='lat' dir='ltr'>et</span> <span class='ocrx_word' id='word_1_69' title='bbox 1989 2034 2029 2110; x_wconf 91' lang='lat' dir='ltr'>P.</span> <span class='ocrx_word' id='word_1_70' title='bbox 2047 2034 2198 2125; x_wconf 88' lang='lat' dir='ltr'>Duitre,</span> <span class='ocrx_word' id='word_1_71' title='bbox 2221 2038 2334 2113; x_wconf 84' lang='lat' dir='ltr'>mari-</span> 
     </span>
     <span class='ocr_line' id='line_1_9' title="bbox 905 2162 2328 2272; baseline 0.005 -33"><span class='ocrx_word' id='word_1_72' title='bbox 905 2182 988 2243; x_wconf 91' lang='lat' dir='ltr'>tum</span> <span class='ocrx_word' id='word_1_73' title='bbox 1006 2164 1105 2249; x_wconf 86' lang='lat' dir='ltr'>dicte</span> <span class='ocrx_word' id='word_1_74' title='bbox 1118 2164 1336 2255; x_wconf 88' lang='lat' dir='ltr'>Katberine,</span> <span class='ocrx_word' id='word_1_75' title='bbox 1349 2164 1529 2253; x_wconf 85' lang='lat' dir='ltr'>militem,</span> <span class='ocrx_word' id='word_1_76' title='bbox 1548 2192 1592 2241; x_wconf 86' lang='lat' dir='ltr'>ex</span> <span class='ocrx_word' id='word_1_77' title='bbox 1603 2181 1707 2272; x_wconf 89' lang='lat' dir='ltr'>parte</span> <span class='ocrx_word' id='word_1_78' title='bbox 1719 2162 1853 2253; x_wconf 79' lang='lat' dir='ltr'>attera,</span> <span class='ocrx_word' id='word_1_79' title='bbox 1866 2164 2152 2270; x_wconf 76' lang='lat' dir='ltr'>pronunciasse,</span> <span class='ocrx_word' id='word_1_80' title='bbox 2170 2167 2218 2244; x_wconf 91' lang='lat' dir='ltr'>de</span> <span class='ocrx_word' id='word_1_81' title='bbox 2231 2166 2328 2245; x_wconf 84' lang='lat' dir='ltr'>facto</span> 
     </span>
     <span class='ocr_line' id='line_1_10' title="bbox 906 2294 2327 2412; baseline 0.003 -41"><span class='ocrx_word' id='word_1_82' title='bbox 906 2295 1074 2374; x_wconf 73' lang='lat' dir='ltr'>indebite</span> <span class='ocrx_word' id='word_1_83' title='bbox 1090 2326 1132 2373; x_wconf 92' lang='lat' dir='ltr'>ac</span> <span class='ocrx_word' id='word_1_84' title='bbox 1146 2297 1273 2374; x_wconf 89' lang='lat' dir='ltr'>minus</span> <span class='ocrx_word' id='word_1_85' title='bbox 1285 2298 1402 2405; x_wconf 85' lang='lat' dir='ltr'>juste,</span> <span class='ocrx_word' id='word_1_86' title='bbox 1423 2324 1527 2386; x_wconf 90' lang='lat' dir='ltr'>cum,</span> <span class='ocrx_word' id='word_1_87' title='bbox 1547 2296 1594 2374; x_wconf 90' lang='lat' dir='ltr'>de</span> <span class='ocrx_word' id='word_1_88' title='bbox 1614 2294 1807 2412; x_wconf 82' lang='lat' dir='ltr'>predictis,</span> <span class='ocrx_word' id='word_1_89' title='bbox 1827 2295 1926 2373; x_wconf 84' lang='lat' dir='ltr'>inter</span> <span class='ocrx_word' id='word_1_90' title='bbox 1945 2294 2060 2373; x_wconf 87' lang='lat' dir='ltr'>dictas</span> <span class='ocrx_word' id='word_1_91' title='bbox 2073 2324 2263 2403; x_wconf 82' lang='lat' dir='ltr'>personas,</span> <span class='ocrx_word' id='word_1_92' title='bbox 2287 2300 2327 2375; x_wconf 90' lang='lat' dir='ltr'>in</span> 
     </span>
     <span class='ocr_line' id='line_1_11' title="bbox 908 2425 2329 2534; baseline 0.004 -32"><span class='ocrx_word' id='word_1_93' title='bbox 908 2427 1051 2506; x_wconf 94' lang='lat' dir='ltr'>dictum</span> <span class='ocrx_word' id='word_1_94' title='bbox 1072 2428 1287 2507; x_wconf 83' lang='lat' dir='ltr'>Beraudum</span> <span class='ocrx_word' id='word_1_95' title='bbox 1306 2456 1503 2534; x_wconf 89' lang='lat' dir='ltr'>nunquam</span> <span class='ocrx_word' id='word_1_96' title='bbox 1522 2425 1654 2504; x_wconf 76' lang='lat' dir='ltr'>fuisset</span> <span class='ocrx_word' id='word_1_97' title='bbox 1679 2425 2008 2532; x_wconf 87' lang='lat' dir='ltr'>compromissum,</span> <span class='ocrx_word' id='word_1_98' title='bbox 2034 2442 2076 2505; x_wconf 90' lang='lat' dir='ltr'>ut</span> <span class='ocrx_word' id='word_1_99' title='bbox 2099 2426 2264 2515; x_wconf 88' lang='lat' dir='ltr'>dicebat,</span> <span class='ocrx_word' id='word_1_100' title='bbox 2289 2446 2329 2507; x_wconf 89' lang='lat' dir='ltr'>et</span> 
     </span>
     <span class='ocr_line' id='line_1_12' title="bbox 909 2556 2329 2665; baseline 0.001 -32"><span class='ocrx_word' id='word_1_101' title='bbox 909 2558 956 2635; x_wconf 92' lang='lat' dir='ltr'>ad</span> <span class='ocrx_word' id='word_1_102' title='bbox 971 2558 1045 2635; x_wconf 93' lang='lat' dir='ltr'>hoc</span> <span class='ocrx_word' id='word_1_103' title='bbox 1058 2559 1175 2635; x_wconf 88' lang='lat' dir='ltr'>eciam</span> <span class='ocrx_word' id='word_1_104' title='bbox 1186 2558 1431 2664; x_wconf 82' lang='lat' dir='ltr'>quamplures</span> <span class='ocrx_word' id='word_1_105' title='bbox 1446 2556 1535 2634; x_wconf 88' lang='lat' dir='ltr'>alias</span> <span class='ocrx_word' id='word_1_106' title='bbox 1550 2556 1720 2635; x_wconf 88' lang='lat' dir='ltr'>raciones</span> <span class='ocrx_word' id='word_1_107' title='bbox 1732 2556 1943 2665; x_wconf 80' lang='lat' dir='ltr'>allegando,</span> <span class='ocrx_word' id='word_1_108' title='bbox 1955 2585 2074 2663; x_wconf 88' lang='lat' dir='ltr'>quare</span> <span class='ocrx_word' id='word_1_109' title='bbox 2086 2557 2236 2663; x_wconf 89' lang='lat' dir='ltr'>petebat</span> <span class='ocrx_word' id='word_1_110' title='bbox 2251 2558 2329 2635; x_wconf 92' lang='lat' dir='ltr'>dic-</span> 
     </span>
     <span class='ocr_line' id='line_1_13' title="bbox 907 2689 2329 2795; baseline 0.002 -31"><span class='ocrx_word' id='word_1_111' title='bbox 907 2707 983 2765; x_wconf 91' lang='lat' dir='ltr'>tam</span> <span class='ocrx_word' id='word_1_112' title='bbox 1003 2690 1228 2769; x_wconf 81' lang='lat' dir='ltr'>sentenciam</span> <span class='ocrx_word' id='word_1_113' title='bbox 1249 2718 1317 2767; x_wconf 88' lang='lat' dir='ltr'>seu</span> <span class='ocrx_word' id='word_1_114' title='bbox 1336 2689 1635 2777; x_wconf 87' lang='lat' dir='ltr'>ordinacionem,</span> <span class='ocrx_word' id='word_1_115' title='bbox 1652 2716 1722 2794; x_wconf 90' lang='lat' dir='ltr'>per</span> <span class='ocrx_word' id='word_1_116' title='bbox 1736 2705 1901 2765; x_wconf 86' lang='lat' dir='ltr'>nostram</span> <span class='ocrx_word' id='word_1_117' title='bbox 1916 2689 2075 2778; x_wconf 85' lang='lat' dir='ltr'>curiam,</span> <span class='ocrx_word' id='word_1_118' title='bbox 2092 2691 2329 2795; x_wconf 86' lang='lat' dir='ltr'>pronunciari</span> 
     </span>
     <span class='ocr_line' id='line_1_14' title="bbox 908 2818 2329 2927; baseline 0.001 -31"><span class='ocrx_word' id='word_1_119' title='bbox 908 2819 1052 2897; x_wconf 88' lang='lat' dir='ltr'>nuliam</span> <span class='ocrx_word' id='word_1_120' title='bbox 1069 2849 1148 2897; x_wconf 86' lang='lat' dir='ltr'>esse</span> <span class='ocrx_word' id='word_1_121' title='bbox 1164 2850 1206 2897; x_wconf 91' lang='lat' dir='ltr'>ac</span> <span class='ocrx_word' id='word_1_122' title='bbox 1220 2820 1347 2909; x_wconf 82' lang='lat' dir='ltr'>fuisse,</span> <span class='ocrx_word' id='word_1_123' title='bbox 1364 2838 1413 2910; x_wconf 91' lang='lat' dir='ltr'>et,</span> <span class='ocrx_word' id='word_1_124' title='bbox 1428 2820 1460 2897; x_wconf 92' lang='lat' dir='ltr'>si</span> <span class='ocrx_word' id='word_1_125' title='bbox 1480 2848 1553 2927; x_wconf 89' lang='lat' dir='ltr'>qua</span> <span class='ocrx_word' id='word_1_126' title='bbox 1567 2818 1710 2907; x_wconf 82' lang='lat' dir='ltr'>fuisset,</span> <span class='ocrx_word' id='word_1_127' title='bbox 1726 2819 1841 2925; x_wconf 89' lang='lat' dir='ltr'>quod,</span> <span class='ocrx_word' id='word_1_128' title='bbox 1859 2820 1909 2897; x_wconf 89' lang='lat' dir='ltr'>ad</span> <span class='ocrx_word' id='word_1_129' title='bbox 1923 2820 2123 2898; x_wconf 85' lang='lat' dir='ltr'>arbitrium</span> <span class='ocrx_word' id='word_1_130' title='bbox 2141 2820 2233 2898; x_wconf 91' lang='lat' dir='ltr'>boni</span> <span class='ocrx_word' id='word_1_131' title='bbox 2250 2821 2329 2909; x_wconf 79' lang='lat' dir='ltr'>riri,</span> 
     </span>
     <span class='ocr_line' id='line_1_15' title="bbox 907 2950 2332 3043; baseline 0.001 -17"><span class='ocrx_word' id='word_1_132' title='bbox 907 2951 1168 3043; x_wconf 79' lang='lat' dir='ltr'>reduceretur3</span> <span class='ocrx_word' id='word_1_133' title='bbox 1186 2952 1286 3029; x_wconf 92' lang='lat' dir='ltr'>dicto</span> <span class='ocrx_word' id='word_1_134' title='bbox 1301 2980 1390 3029; x_wconf 92' lang='lat' dir='ltr'>vero</span> <span class='ocrx_word' id='word_1_135' title='bbox 1403 2951 1577 3029; x_wconf 90' lang='lat' dir='ltr'>Beraudo</span> <span class='ocrx_word' id='word_1_136' title='bbox 1593 2967 1631 3028; x_wconf 85' lang='lat' dir='ltr'>et</span> <span class='ocrx_word' id='word_1_137' title='bbox 1644 2950 1782 3027; x_wconf 91' lang='lat' dir='ltr'>Poncic</span> <span class='ocrx_word' id='word_1_138' title='bbox 1800 2951 1848 3028; x_wconf 88' lang='lat' dir='ltr'>de</span> <span class='ocrx_word' id='word_1_139' title='bbox 1861 2950 2006 3039; x_wconf 84' lang='lat' dir='ltr'>Vissac,</span> <span class='ocrx_word' id='word_1_140' title='bbox 2022 2950 2162 3042; x_wconf 85' lang='lat' dir='ltr'>milite,</span> <span class='ocrx_word' id='word_1_141' title='bbox 2179 2952 2332 3029; x_wconf 89' lang='lat' dir='ltr'>nomine</span> 
     </span>
     <span class='ocr_line' id='line_1_16' title="bbox 907 3081 2332 3190; baseline -0.001 -31"><span class='ocrx_word' id='word_1_142' title='bbox 907 3083 1182 3187; x_wconf 82' lang='lat' dir='ltr'>procuratorio,</span> <span class='ocrx_word' id='word_1_143' title='bbox 1199 3112 1268 3190; x_wconf 92' lang='lat' dir='ltr'>pro</span> <span class='ocrx_word' id='word_1_144' title='bbox 1294 3082 1394 3163; x_wconf 88' lang='lat' dir='ltr'>dicto</span> <span class='ocrx_word' id='word_1_145' title='bbox 1413 3082 1578 3159; x_wconf 91' lang='lat' dir='ltr'>Henrico</span> <span class='ocrx_word' id='word_1_146' title='bbox 1598 3082 1646 3159; x_wconf 87' lang='lat' dir='ltr'>de</span> <span class='ocrx_word' id='word_1_147' title='bbox 1668 3083 1807 3187; x_wconf 82' lang='lat' dir='ltr'>Royre,</span> <span class='ocrx_word' id='word_1_148' title='bbox 1829 3081 1965 3157; x_wconf 80' lang='lat' dir='ltr'>multas</span> <span class='ocrx_word' id='word_1_149' title='bbox 1984 3081 2152 3161; x_wconf 86' lang='lat' dir='ltr'>raciones</span> <span class='ocrx_word' id='word_1_150' title='bbox 2175 3082 2214 3159; x_wconf 95' lang='lat' dir='ltr'>in</span> <span class='ocrx_word' id='word_1_151' title='bbox 2240 3111 2332 3160; x_wconf 92' lang='lat' dir='ltr'>con-</span> 
     </span>
     <span class='ocr_line' id='line_1_17' title="bbox 908 3211 2331 3321; baseline -0.001 -32"><span class='ocrx_word' id='word_1_152' title='bbox 908 3215 1064 3291; x_wconf 89' lang='lat' dir='ltr'>trarium</span> <span class='ocrx_word' id='word_1_153' title='bbox 1082 3214 1396 3321; x_wconf 87' lang='lat' dir='ltr'>proponentibus,</span> <span class='ocrx_word' id='word_1_154' title='bbox 1421 3231 1500 3290; x_wconf 90' lang='lat' dir='ltr'>tam</span> <span class='ocrx_word' id='word_1_155' title='bbox 1519 3214 1566 3290; x_wconf 90' lang='lat' dir='ltr'>de</span> <span class='ocrx_word' id='word_1_156' title='bbox 1582 3213 1669 3320; x_wconf 83' lang='lat' dir='ltr'>jure</span> <span class='ocrx_word' id='word_1_157' title='bbox 1690 3240 1803 3319; x_wconf 89' lang='lat' dir='ltr'>quam</span> <span class='ocrx_word' id='word_1_158' title='bbox 1824 3212 1875 3290; x_wconf 86' lang='lat' dir='ltr'>de</span> <span class='ocrx_word' id='word_1_159' title='bbox 1897 3211 2017 3290; x_wconf 87' lang='lat' dir='ltr'>facto:</span> <span class='ocrx_word' id='word_1_160' title='bbox 2039 3213 2124 3291; x_wconf 88' lang='lat' dir='ltr'>Visa</span> <span class='ocrx_word' id='word_1_161' title='bbox 2143 3212 2258 3318; x_wconf 86' lang='lat' dir='ltr'>igitur</span> <span class='ocrx_word' id='word_1_162' title='bbox 2270 3213 2331 3288; x_wconf 84' lang='lat' dir='ltr'>in·</span> 
     </span>
     <span class='ocr_line' id='line_1_18' title="bbox 908 3342 2321 3452; baseline -0.001 -31"><span class='ocrx_word' id='word_1_163' title='bbox 908 3364 1050 3452; x_wconf 91' lang='lat' dir='ltr'>questa,</span> <span class='ocrx_word' id='word_1_164' title='bbox 1068 3374 1181 3452; x_wconf 90' lang='lat' dir='ltr'>super</span> <span class='ocrx_word' id='word_1_165' title='bbox 1200 3347 1284 3435; x_wconf 91' lang='lat' dir='ltr'>biis,</span> <span class='ocrx_word' id='word_1_166' title='bbox 1303 3345 1541 3422; x_wconf 88' lang='lat' dir='ltr'>demandato</span> <span class='ocrx_word' id='word_1_167' title='bbox 1561 3361 1702 3432; x_wconf 85' lang='lat' dir='ltr'>nostro,</span> <span class='ocrx_word' id='word_1_168' title='bbox 1717 3342 1811 3421; x_wconf 82' lang='lat' dir='ltr'>sacta</span> <span class='ocrx_word' id='word_1_169' title='bbox 1831 3360 1869 3419; x_wconf 88' lang='lat' dir='ltr'>et</span> <span class='ocrx_word' id='word_1_170' title='bbox 1888 3342 2087 3452; x_wconf 78' lang='lat' dir='ltr'>diiigenter</span> <span class='ocrx_word' id='word_1_171' title='bbox 2104 3344 2321 3433; x_wconf 80' lang='lat' dir='ltr'>examinata,</span> 
     </span>
     <span class='ocr_line' id='line_1_19' title="bbox 909 3471 2322 3581; baseline 0 -30"><span class='ocrx_word' id='word_1_172' title='bbox 909 3475 1089 3581; x_wconf 88' lang='lat' dir='ltr'>quianon</span> <span class='ocrx_word' id='word_1_173' title='bbox 1106 3492 1265 3566; x_wconf 87' lang='lat' dir='ltr'>constat,</span> <span class='ocrx_word' id='word_1_174' title='bbox 1289 3504 1333 3553; x_wconf 86' lang='lat' dir='ltr'>ex</span> <span class='ocrx_word' id='word_1_175' title='bbox 1346 3492 1478 3553; x_wconf 85' lang='lat' dir='ltr'>tenore</span> <span class='ocrx_word' id='word_1_176' title='bbox 1498 3474 1759 3581; x_wconf 85' lang='lat' dir='ltr'>compromissi</span> <span class='ocrx_word' id='word_1_177' title='bbox 1773 3475 1814 3551; x_wconf 93' lang='lat' dir='ltr'>in</span> <span class='ocrx_word' id='word_1_178' title='bbox 1830 3474 1970 3551; x_wconf 89' lang='lat' dir='ltr'>dictum</span> <span class='ocrx_word' id='word_1_179' title='bbox 1985 3472 2199 3551; x_wconf 90' lang='lat' dir='ltr'>Beraudum</span> <span class='ocrx_word' id='word_1_180' title='bbox 2216 3471 2322 3563; x_wconf 85' lang='lat' dir='ltr'>sacti,</span> 
     </span>
     <span class='ocr_line' id='line_1_20' title="bbox 909 3603 2325 3714; baseline -0.001 -32"><span class='ocrx_word' id='word_1_181' title='bbox 909 3606 1012 3712; x_wconf 89' lang='lat' dir='ltr'>quod</span> <span class='ocrx_word' id='word_1_182' title='bbox 1035 3634 1149 3713; x_wconf 88' lang='lat' dir='ltr'>super</span> <span class='ocrx_word' id='word_1_183' title='bbox 1166 3608 1392 3714; x_wconf 85' lang='lat' dir='ltr'>proprietate</span> <span class='ocrx_word' id='word_1_184' title='bbox 1420 3606 1527 3683; x_wconf 87' lang='lat' dir='ltr'>castri</span> <span class='ocrx_word' id='word_1_185' title='bbox 1549 3607 1597 3683; x_wconf 94' lang='lat' dir='ltr'>de</span> <span class='ocrx_word' id='word_1_186' title='bbox 1621 3606 1946 3714; x_wconf 69' lang='lat' dir='ltr'>Sancto-Gyranno</span> <span class='ocrx_word' id='word_1_187' title='bbox 1965 3603 2325 3711; x_wconf 85' lang='lat' dir='ltr'>appendenciarum-</span> 
     </span>
     <span class='ocr_line' id='line_1_21' title="bbox 907 3733 2326 3844; baseline -0.001 -29"><span class='ocrx_word' id='word_1_188' title='bbox 907 3766 984 3844; x_wconf 91' lang='lat' dir='ltr'>que</span> <span class='ocrx_word' id='word_1_189' title='bbox 1002 3767 1152 3817; x_wconf 89' lang='lat' dir='ltr'>suarum</span> <span class='ocrx_word' id='word_1_190' title='bbox 1175 3756 1213 3815; x_wconf 84' lang='lat' dir='ltr'>et</span> <span class='ocrx_word' id='word_1_191' title='bbox 1231 3766 1345 3844; x_wconf 89' lang='lat' dir='ltr'>super</span> <span class='ocrx_word' id='word_1_192' title='bbox 1368 3737 1635 3844; x_wconf 83' lang='lat' dir='ltr'>conquestibus</span> <span class='ocrx_word' id='word_1_193' title='bbox 1663 3754 1701 3813; x_wconf 86' lang='lat' dir='ltr'>et</span> <span class='ocrx_word' id='word_1_194' title='bbox 1723 3737 1811 3813; x_wconf 91' lang='lat' dir='ltr'>dote</span> <span class='ocrx_word' id='word_1_195' title='bbox 1832 3734 2052 3843; x_wconf 87' lang='lat' dir='ltr'>supradictis</span> <span class='ocrx_word' id='word_1_196' title='bbox 2070 3735 2169 3811; x_wconf 88' lang='lat' dir='ltr'>inter</span> <span class='ocrx_word' id='word_1_197' title='bbox 2188 3733 2326 3813; x_wconf 83' lang='lat' dir='ltr'>dictam</span> 
     </span>
     <span class='ocr_line' id='line_1_22' title="bbox 908 3864 2329 3976; baseline -0.001 -32"><span class='ocrx_word' id='word_1_198' title='bbox 908 3865 1087 3963; x_wconf 87' lang='lat' dir='ltr'>Aelidim,</span> <span class='ocrx_word' id='word_1_199' title='bbox 1106 3900 1149 3948; x_wconf 84' lang='lat' dir='ltr'>ex</span> <span class='ocrx_word' id='word_1_200' title='bbox 1163 3899 1238 3948; x_wconf 92' lang='lat' dir='ltr'>una</span> <span class='ocrx_word' id='word_1_201' title='bbox 1253 3887 1374 3976; x_wconf 88' lang='lat' dir='ltr'>parte,</span> <span class='ocrx_word' id='word_1_202' title='bbox 1391 3886 1428 3947; x_wconf 88' lang='lat' dir='ltr'>et</span> <span class='ocrx_word' id='word_1_203' title='bbox 1442 3868 1698 3955; x_wconf 89' lang='lat' dir='ltr'>Katherinam,</span> <span class='ocrx_word' id='word_1_204' title='bbox 1712 3866 1831 3945; x_wconf 77' lang='lat' dir='ltr'>filiam</span> <span class='ocrx_word' id='word_1_205' title='bbox 1846 3867 1945 3945; x_wconf 88' lang='lat' dir='ltr'>dicte</span> <span class='ocrx_word' id='word_1_206' title='bbox 1961 3864 2118 3955; x_wconf 88' lang='lat' dir='ltr'>Aelidis,</span> <span class='ocrx_word' id='word_1_207' title='bbox 2137 3883 2176 3943; x_wconf 90' lang='lat' dir='ltr'>et</span> <span class='ocrx_word' id='word_1_208' title='bbox 2186 3865 2329 3942; x_wconf 73' lang='lat' dir='ltr'>dicaam</span> 
     </span>
     <span class='ocr_line' id='line_1_23' title="bbox 906 3995 2330 4089; baseline -0.001 -14"><span class='ocrx_word' id='word_1_209' title='bbox 906 4000 960 4089; x_wconf 74' lang='lat' dir='ltr'>P,</span> <span class='ocrx_word' id='word_1_210' title='bbox 973 4001 1149 4077; x_wconf 85' lang='lat' dir='ltr'>maritum</span> <span class='ocrx_word' id='word_1_211' title='bbox 1165 4002 1328 4078; x_wconf 89' lang='lat' dir='ltr'>dictum¹</span> <span class='ocrx_word' id='word_1_212' title='bbox 1343 4000 1559 4089; x_wconf 88' lang='lat' dir='ltr'>Katbcrine,</span> <span class='ocrx_word' id='word_1_213' title='bbox 1575 4027 1620 4076; x_wconf 82' lang='lat' dir='ltr'>ex</span> <span class='ocrx_word' id='word_1_214' title='bbox 1634 3998 1759 4087; x_wconf 84' lang='lat' dir='ltr'>altera,</span> <span class='ocrx_word' id='word_1_215' title='bbox 1775 3999 1815 4075; x_wconf 92' lang='lat' dir='ltr'>in</span> <span class='ocrx_word' id='word_1_216' title='bbox 1828 3998 1974 4074; x_wconf 90' lang='lat' dir='ltr'>dictum</span> <span class='ocrx_word' id='word_1_217' title='bbox 1986 3997 2202 4075; x_wconf 82' lang='lat' dir='ltr'>beraudum</span> <span class='ocrx_word' id='word_1_218' title='bbox 2214 3995 2330 4076; x_wconf 81' lang='lat' dir='ltr'>fucrit</span> 
     </span>
     <span class='ocr_line' id='line_1_24' title="bbox 908 4126 2328 4239; baseline -0.001 -34"><span class='ocrx_word' id='word_1_219' title='bbox 908 4157 1075 4236; x_wconf 86' lang='lat' dir='ltr'>unquam</span> <span class='ocrx_word' id='word_1_220' title='bbox 1097 4132 1422 4239; x_wconf 88' lang='lat' dir='ltr'>compromissum,</span> <span class='ocrx_word' id='word_1_221' title='bbox 1446 4130 1580 4218; x_wconf 90' lang='lat' dir='ltr'>immo,</span> <span class='ocrx_word' id='word_1_222' title='bbox 1598 4157 1643 4207; x_wconf 83' lang='lat' dir='ltr'>er</span> <span class='ocrx_word' id='word_1_223' title='bbox 1658 4126 1892 4207; x_wconf 81' lang='lat' dir='ltr'>confessione</span> <span class='ocrx_word' id='word_1_224' title='bbox 1912 4128 2100 4206; x_wconf 91' lang='lat' dir='ltr'>dictorum</span> <span class='ocrx_word' id='word_1_225' title='bbox 2114 4126 2275 4207; x_wconf 87' lang='lat' dir='ltr'>Beraudi</span> <span class='ocrx_word' id='word_1_226' title='bbox 2291 4142 2328 4203; x_wconf 90' lang='lat' dir='ltr'>et</span> 
     </span>
     <span class='ocr_line' id='line_1_25' title="bbox 907 4258 2329 4368; baseline -0.001 -33"><span class='ocrx_word' id='word_1_227' title='bbox 907 4260 1050 4351; x_wconf 91' lang='lat' dir='ltr'>Poncii,</span> <span class='ocrx_word' id='word_1_228' title='bbox 1068 4278 1220 4368; x_wconf 90' lang='lat' dir='ltr'>apparet</span> <span class='ocrx_word' id='word_1_229' title='bbox 1234 4262 1354 4368; x_wconf 90' lang='lat' dir='ltr'>quod,</span> <span class='ocrx_word' id='word_1_230' title='bbox 1372 4259 1624 4339; x_wconf 87' lang='lat' dir='ltr'>interdictam</span> <span class='ocrx_word' id='word_1_231' title='bbox 1638 4274 1796 4339; x_wconf 85' lang='lat' dir='ltr'>matrem</span> <span class='ocrx_word' id='word_1_232' title='bbox 1813 4277 1850 4337; x_wconf 90' lang='lat' dir='ltr'>et</span> <span class='ocrx_word' id='word_1_233' title='bbox 1862 4258 1979 4338; x_wconf 77' lang='lat' dir='ltr'>tiliam</span> <span class='ocrx_word' id='word_1_234' title='bbox 1995 4288 2118 4349; x_wconf 91' lang='lat' dir='ltr'>suam,</span> <span class='ocrx_word' id='word_1_235' title='bbox 2132 4258 2329 4335; x_wconf 89' lang='lat' dir='ltr'>maritum·</span> 
     </span>
     <span class='ocr_line' id='line_1_26' title="bbox 909 4388 2325 4498; baseline -0.004 -28"><span class='ocrx_word' id='word_1_236' title='bbox 909 4420 983 4498; x_wconf 87' lang='lat' dir='ltr'>que</span> <span class='ocrx_word' id='word_1_237' title='bbox 995 4391 1092 4469; x_wconf 88' lang='lat' dir='ltr'>dicte</span> <span class='ocrx_word' id='word_1_238' title='bbox 1106 4392 1199 4484; x_wconf 86' lang='lat' dir='ltr'>filie,</span> <span class='ocrx_word' id='word_1_239' title='bbox 1215 4394 1409 4471; x_wconf 88' lang='lat' dir='ltr'>contencio</span> <span class='ocrx_word' id='word_1_240' title='bbox 1422 4392 1751 4471; x_wconf 82' lang='lat' dir='ltr'>seucontrovcrsia</span> <span class='ocrx_word' id='word_1_241' title='bbox 1765 4392 1921 4469; x_wconf 86' lang='lat' dir='ltr'>minime</span> <span class='ocrx_word' id='word_1_242' title='bbox 1933 4389 2048 4469; x_wconf 85' lang='lat' dir='ltr'>fuerit</span> <span class='ocrx_word' id='word_1_243' title='bbox 2060 4389 2108 4467; x_wconf 91' lang='lat' dir='ltr'>de</span> <span class='ocrx_word' id='word_1_244' title='bbox 2119 4388 2325 4497; x_wconf 88' lang='lat' dir='ltr'>premissis,</span> 
     </span>
     <span class='ocr_line' id='line_1_27' title="bbox 908 4518 2327 4630; baseline -0.004 -30"><span class='ocrx_word' id='word_1_245' title='bbox 908 4550 1137 4630; x_wconf 88' lang='lat' dir='ltr'>quamquam</span> <span class='ocrx_word' id='word_1_246' title='bbox 1157 4524 1196 4599; x_wconf 92' lang='lat' dir='ltr'>in</span> <span class='ocrx_word' id='word_1_247' title='bbox 1211 4524 1481 4630; x_wconf 90' lang='lat' dir='ltr'>compromisso</span> <span class='ocrx_word' id='word_1_248' title='bbox 1505 4523 1554 4600; x_wconf 90' lang='lat' dir='ltr'>sit</span> <span class='ocrx_word' id='word_1_249' title='bbox 1572 4538 1764 4628; x_wconf 92' lang='lat' dir='ltr'>repertum</span> <span class='ocrx_word' id='word_1_250' title='bbox 1784 4521 1906 4629; x_wconf 87' lang='lat' dir='ltr'>quod,</span> <span class='ocrx_word' id='word_1_251' title='bbox 1928 4520 1977 4598; x_wconf 88' lang='lat' dir='ltr'>de</span> <span class='ocrx_word' id='word_1_252' title='bbox 1991 4521 2217 4628; x_wconf 87' lang='lat' dir='ltr'>proprietate</span> <span class='ocrx_word' id='word_1_253' title='bbox 2237 4518 2327 4595; x_wconf 88' lang='lat' dir='ltr'>dicti</span> 
     </span>
     <span class='ocr_line' id='line_1_28' title="bbox 909 4652 2325 4762; baseline -0.004 -32"><span class='ocrx_word' id='word_1_254' title='bbox 909 4656 1017 4731; x_wconf 87' lang='lat' dir='ltr'>castri</span> <span class='ocrx_word' id='word_1_255' title='bbox 1037 4655 1452 4762; x_wconf 88' lang='lat' dir='ltr'>appendenciarumque</span> <span class='ocrx_word' id='word_1_256' title='bbox 1467 4682 1622 4733; x_wconf 81' lang='lat' dir='ltr'>suarum</span> <span class='ocrx_word' id='word_1_257' title='bbox 1638 4670 1677 4730; x_wconf 90' lang='lat' dir='ltr'>et</span> <span class='ocrx_word' id='word_1_258' title='bbox 1693 4652 1740 4730; x_wconf 91' lang='lat' dir='ltr'>de</span> <span class='ocrx_word' id='word_1_259' title='bbox 1756 4653 2026 4759; x_wconf 88' lang='lat' dir='ltr'>conquestibus</span> <span class='ocrx_word' id='word_1_260' title='bbox 2040 4668 2079 4730; x_wconf 85' lang='lat' dir='ltr'>et</span> <span class='ocrx_word' id='word_1_261' title='bbox 2094 4652 2182 4729; x_wconf 91' lang='lat' dir='ltr'>dote</span> <span class='ocrx_word' id='word_1_262' title='bbox 2197 4677 2325 4755; x_wconf 88' lang='lat' dir='ltr'>snpra-</span> 
     </span>
     <span class='ocr_line' id='line_1_29' title="bbox 910 4754 2327 4890; baseline -0.004 -30"><span class='ocrx_word' id='word_1_263' title='bbox 910 4783 1031 4873; x_wconf 92' lang='lat' dir='ltr'>dictis,</span> <span class='ocrx_word' id='word_1_264' title='bbox 1052 4784 1305 4861; x_wconf 91' lang='lat' dir='ltr'>interdictam</span> <span class='ocrx_word' id='word_1_265' title='bbox 1325 4754 1504 4875; x_wconf 51' lang='lat' dir='ltr'>Aetidimss</span> <span class='ocrx_word' id='word_1_266' title='bbox 1528 4800 1693 4890; x_wconf 85' lang='lat' dir='ltr'>exparte</span> <span class='ocrx_word' id='word_1_267' title='bbox 1713 4811 1800 4871; x_wconf 93' lang='lat' dir='ltr'>una,</span> <span class='ocrx_word' id='word_1_268' title='bbox 1823 4800 1861 4860; x_wconf 91' lang='lat' dir='ltr'>et</span> <span class='ocrx_word' id='word_1_269' title='bbox 1880 4783 2022 4861; x_wconf 88' lang='lat' dir='ltr'>dictum</span> <span class='ocrx_word' id='word_1_270' title='bbox 2042 4780 2258 4869; x_wconf 86' lang='lat' dir='ltr'>chricum,</span> <span class='ocrx_word' id='word_1_271' title='bbox 2280 4806 2327 4855; x_wconf 85' lang='lat' dir='ltr'>ex</span> 
     </span>
     <span class='ocr_line' id='line_1_30' title="bbox 908 4913 2328 5020; baseline -0.003 -29"><span class='ocrx_word' id='word_1_272' title='bbox 908 4914 1039 5005; x_wconf 89' lang='lat' dir='ltr'>altera,</span> <span class='ocrx_word' id='word_1_273' title='bbox 1057 4915 1096 4991; x_wconf 93' lang='lat' dir='ltr'>in</span> <span class='ocrx_word' id='word_1_274' title='bbox 1115 4915 1256 4995; x_wconf 88' lang='lat' dir='ltr'>dictum</span> <span class='ocrx_word' id='word_1_275' title='bbox 1271 4916 1488 4993; x_wconf 83' lang='lat' dir='ltr'>beraudum</span> <span class='ocrx_word' id='word_1_276' title='bbox 1502 4915 1617 4992; x_wconf 83' lang='lat' dir='ltr'>fuerit</span> <span class='ocrx_word' id='word_1_277' title='bbox 1631 4913 1958 5019; x_wconf 90' lang='lat' dir='ltr'>compromissum,</span> <span class='ocrx_word' id='word_1_278' title='bbox 1977 4930 2015 4991; x_wconf 91' lang='lat' dir='ltr'>et</span> <span class='ocrx_word' id='word_1_279' title='bbox 2028 4929 2183 5020; x_wconf 88' lang='lat' dir='ltr'>propter</span> <span class='ocrx_word' id='word_1_280' title='bbox 2196 4939 2328 5019; x_wconf 91' lang='lat' dir='ltr'>quam·</span> 
     </span>
     <span class='ocr_line' id='line_1_31' title="bbox 907 5041 2330 5153; baseline -0.003 -30"><span class='ocrx_word' id='word_1_281' title='bbox 907 5046 1036 5153; x_wconf 83' lang='lat' dir='ltr'>piures</span> <span class='ocrx_word' id='word_1_282' title='bbox 1052 5045 1141 5125; x_wconf 88' lang='lat' dir='ltr'>alias</span> <span class='ocrx_word' id='word_1_283' title='bbox 1157 5048 1326 5125; x_wconf 89' lang='lat' dir='ltr'>raciones</span> <span class='ocrx_word' id='word_1_284' title='bbox 1345 5046 1563 5126; x_wconf 83' lang='lat' dir='ltr'>verisimiles</span> <span class='ocrx_word' id='word_1_285' title='bbox 1585 5044 1704 5128; x_wconf 86' lang='lat' dir='ltr'>eciam</span> <span class='ocrx_word' id='word_1_286' title='bbox 1719 5043 1952 5153; x_wconf 86' lang='lat' dir='ltr'>conjecturas</span> <span class='ocrx_word' id='word_1_287' title='bbox 1969 5060 2007 5126; x_wconf 89' lang='lat' dir='ltr'>et</span> <span class='ocrx_word' id='word_1_288' title='bbox 2019 5041 2330 5149; x_wconf 88' lang='lat' dir='ltr'>presumpciones</span> 
     </span>
     <span class='ocr_line' id='line_1_32' title="bbox 907 5172 2332 5283; baseline -0.002 -31"><span class='ocrx_word' id='word_1_289' title='bbox 907 5176 1164 5267; x_wconf 86' lang='lat' dir='ltr'>vehementes,</span> <span class='ocrx_word' id='word_1_290' title='bbox 1183 5205 1251 5283; x_wconf 89' lang='lat' dir='ltr'>per</span> <span class='ocrx_word' id='word_1_291' title='bbox 1269 5177 1483 5283; x_wconf 90' lang='lat' dir='ltr'>inquestam</span> <span class='ocrx_word' id='word_1_292' title='bbox 1499 5176 1707 5283; x_wconf 86' lang='lat' dir='ltr'>predictam</span> <span class='ocrx_word' id='word_1_293' title='bbox 1722 5193 1901 5282; x_wconf 85' lang='lat' dir='ltr'>repertas,</span> <span class='ocrx_word' id='word_1_294' title='bbox 1920 5203 1989 5283; x_wconf 92' lang='lat' dir='ltr'>per</span> <span class='ocrx_word' id='word_1_295' title='bbox 2008 5174 2112 5253; x_wconf 91' lang='lat' dir='ltr'>curie</span> <span class='ocrx_word' id='word_1_296' title='bbox 2131 5190 2256 5252; x_wconf 86' lang='lat' dir='ltr'>nostre</span> <span class='ocrx_word' id='word_1_297' title='bbox 2264 5172 2332 5280; x_wconf 86' lang='lat' dir='ltr'>ju·</span> 
     </span>
     <span class='ocr_line' id='line_1_33' title="bbox 909 5303 2329 5399; baseline -0.006 -14"><span class='ocrx_word' id='word_1_298' title='bbox 909 5307 1060 5397; x_wconf 85' lang='lat' dir='ltr'>dicium,</span> <span class='ocrx_word' id='word_1_299' title='bbox 1077 5308 1218 5387; x_wconf 87' lang='lat' dir='ltr'>dictum</span> <span class='ocrx_word' id='word_1_300' title='bbox 1233 5306 1306 5386; x_wconf 82' lang='lat' dir='ltr'>suit</span> <span class='ocrx_word' id='word_1_301' title='bbox 1320 5307 1458 5386; x_wconf 72' lang='lat' dir='ltr'>ffictam</span> <span class='ocrx_word' id='word_1_302' title='bbox 1471 5306 1943 5399; x_wconf 86' lang='lat' dir='ltr'>sentenciamarbitralem,</span> <span class='ocrx_word' id='word_1_303' title='bbox 1959 5334 2028 5387; x_wconf 85' lang='lat' dir='ltr'>sau</span> <span class='ocrx_word' id='word_1_304' title='bbox 2043 5303 2329 5389; x_wconf 83' lang='lat' dir='ltr'>ordinacionem</span> 
     </span>
    </p>
   </div>
   <div class='ocr_carea' id='block_1_3' title="bbox 951 5472 1154 5537">
    <p class='ocr_par' dir='ltr' id='par_1_3' title="bbox 951 5472 1154 5537">
     <span class='ocr_line' id='line_1_34' title="bbox 951 5472 1154 5537; baseline -0.015 1"><span class='ocrx_word' id='word_1_305' title='bbox 951 5474 959 5505; x_wconf 88' lang='lat'><strong>¹</strong></span> <span class='ocrx_word' id='word_1_306' title='bbox 982 5475 1063 5537; x_wconf 78' lang='lat' dir='ltr'>biset</span> <span class='ocrx_word' id='word_1_307' title='bbox 1073 5472 1154 5535; x_wconf 81' lang='lat' dir='ltr'>dicta.</span> 
     </span>
    </p>
   </div>
   <div class='ocr_carea' id='block_1_4' title="bbox 0 0 2916 7284">
    <p class='ocr_par' dir='ltr' id='par_1_4' title="bbox 0 0 2916 7284">
     <span class='ocr_line' id='line_1_35' title="bbox 0 0 2916 7284; baseline 0 0"><span class='ocrx_word' id='word_1_308' title='bbox 0 0 2916 7284; x_wconf 95' lang='lat' dir='ltr'> </span> 
     </span>
    </p>
   </div>
  </div>
 </body>
</html>
