5817 7292
983 1074 1245 1181 nvoutrns
1271 1092 1336 1166 nr
1361 1075 1563 1164 esoces.
1911 1088 1984 1161 sas

624 1232 788 1314 Sabbato
799 1250 884 1340 post
899 1230 1159 1312 lnvancionem
1175 1232 1309 1313 Sancte
1324 1231 1466 1312 Cmcis.

624 1494 780 1573 LXVIII.
812 1494 893 1571 Lite
913 1510 1031 1582 mota,
1049 1494 1089 1571 in
1105 1494 1205 1571 curia
1220 1510 1361 1583 nostra,
1379 1492 1479 1571 inter
1495 1507 1777 1599 procuratorem
1791 1488 1936 1567 abbatis
1950 1504 1988 1567 et

569 1640 771 1701 conventus
784 1622 1079 1703 Sancti-Martini
1091 1624 1277 1702 Eduensis
1292 1640 1475 1703 eteorum
1489 1622 1653 1729 priorem
1668 1620 1716 1698 de
1729 1618 1987 1699 Sancti-Petri·

569 1754 813 1843 Monasterio,
831 1782 876 1831 ex
888 1782 962 1831 una
976 1772 1100 1861 parte,
1118 1772 1156 1833 et
1169 1772 1448 1861 procuratorem
1463 1770 1634 1832 nostrum
1651 1777 1799 1829 necnon
1814 1776 1989 1855 procura·

567 1901 688 1963 torem
708 1884 908 1963 hominum
924 1902 962 1963 et
982 1884 1237 1963 habitancium
1256 1884 1304 1963 de
1324 1885 1454 1973 Dario,
1477 1882 1526 1961 de
1545 1881 1747 1974 Fontalier,
1764 1881 1813 1958 de
1825 1881 1935 1960 Varie
1953 1897 1990 1957 et

568 2013 727 2092 aliarum
745 2013 919 2092 villarum
940 2043 1008 2093 seu
1021 2014 1257 2122 villagiorum
1276 2014 1523 2092 existencium
1538 2013 1579 2089 in
1595 2028 1780 2118 potestate
1799 2028 1838 2088 et
1852 2009 1991 2089 borde-

567 2140 664 2249 lagio
684 2144 871 2249 prioratus
891 2143 939 2220 de
956 2144 1443 2223 sancti-Petri-Monasurio
1464 2143 1640 2251 predicti,
1663 2170 1707 2219 ex
1726 2140 1861 2229 altera,
1879 2168 1992 2246 super

568 2271 736 2378 eoquod
755 2272 904 2351 dicebat
917 2291 1140 2380 procurator
1159 2264 1837 2381 dictorum'religiosorumquodipsi
1852 2287 1993 2349 suntet

566 2399 738 2491 ficerunt,
759 2402 908 2481 racione
929 2402 1018 2482 dicti
1038 2404 1225 2509 prioratus
1248 2401 1296 2481 de
1315 2401 1815 2493 Sancti-PetriMonasterio,
1833 2402 1873 2478 in
1891 2400 1992 2508 paci-

567 2527 637 2609 fica
650 2532 882 2639 possessione
894 2533 1029 2610 utendi
1044 2549 1083 2610 et
1099 2532 1332 2639 explectandi
1350 2532 1608 2611 omnimodam
1618 2532 1807 2638 justiciam
1821 2531 1935 2608 altam
1953 2545 1993 2605 et

567 2659 712 2739 bassam
727 2663 766 2748 in
781 2660 874 2738 locis
886 2662 1077 2767 predictis.
1094 2661 1206 2749 Item,
1218 2676 1306 2738 sunt
1320 2678 1358 2737 et
1370 2661 1527 2739 luerunt
1539 2660 1579 2735 in
1594 2659 1827 2765 possessione
1840 2657 1991 2766 pacifica

569 2774 826 2903 recipiendi'et
837 2790 1021 2881 habendi,
1037 2790 1085 2869 de
1099 2789 1356 2869 habitantibus
1369 2791 1410 2867 in
1427 2790 1537 2867 dictis
1549 2789 1658 2877 locis,
1672 2789 1828 2867 nomine
1842 2816 1918 2894 quo
1935 2816 1993 2864 su·

568 2947 650 3024 pra,
672 2919 814 3007 talliam
834 2920 952 2999 bisin
972 2948 1069 3001 anno
1093 2920 1265 3000 terminis
1284 2920 1495 3010 consuetis;
1516 2920 1625 3008 item,
1646 2917 1812 2997 habendi
1839 2935 1878 2996 et
1896 2918 1993 2995 reci·

567 3049 698 3157 piendi
717 3080 743 3127 a·
757 3050 935 3157 predictis
950 3051 1207 3131 habitantibus
1223 3049 1415 3159 duplicem
1431 3049 1576 3129 talliam
1589 3049 1638 3127 de
1653 3049 1817 3129 triennio
1829 3048 1869 3125 in
1881 3048 1994 3125 trien·

568 3180 693 3269 nium;
714 3180 824 3271 item,
846 3180 1012 3259 habendi
1033 3198 1072 3260 et
1097 3180 1305 3287 recipiendi
1328 3196 1500 3287 questam
1525 3210 1547 3258 a
1572 3180 1751 3288 predictis
1773 3178 1994 3259 bominibus

569 3308 616 3389 de
629 3310 791 3388 triennio
813 3310 853 3386 in
872 3310 1093 3404 triennium,
1114 3312 1219 3418 juxta
1233 3309 1482 3417 quantitatem
1500 3310 1693 3389 bonorum
1715 3310 1903 3389 dictorum
1927 3310 1994 3387 ha·

567 3438 795 3532 bitancium,
817 3457 856 3520 et
873 3440 1084 3549 specialiter
1104 3441 1143 3518 in
1153 3441 1326 3550 jocundo
1346 3442 1512 3519 adventu
1529 3441 1676 3519 abbatis
1695 3440 1787 3519 dicti
1804 3456 1993 3520 monaste-

568 3570 632 3661 rii;
653 3572 760 3663 item,
782 3571 950 3650 habendi
973 3590 1011 3651 et
1029 3572 1235 3679 recipiendi
1257 3573 1384 3651 omnia
1400 3573 1504 3651 bona
1523 3572 1720 3651 inmobilia
1739 3558 1993 3673 habitancium

568 3701 609 3779 in
628 3700 738 3779 dictis
751 3702 845 3779 locis
854 3702 1062 3809 „quociens
1079 3702 1180 3808 ipsos
1194 3703 1379 3810 contingit
1394 3701 1579 3782 decedere
1593 3702 1673 3778 sine
1688 3698 1830 3780 herede
1843 3700 1892 3776 de
1908 3728 1994 3804 pro-

570 3826 653 3936 prio
669 3857 842 3935 corpore;
861 3829 964 3919 item,
980 3830 1146 3907 habendi
1162 3847 1202 3908 et
1219 3831 1427 3936 recipiendi
1443 3832 1608 3909 corveias
1622 3847 1661 3909 et
1674 3828 1863 3935 carruagia
1876 3857 1898 3905 a
1911 3856 1995 3934 pre·

572 3957 681 4035 dictis
694 3958 951 4037 habitantibus
970 3959 1009 4036 in
1029 3958 1122 4039 locis
1139 3960 1313 4068 superius
1329 3960 1533 4039 nominatis
1543 3960 1887 4069 quocienscumque
1903 3955 1994 4035 dicti

571 4086 736 4196 religiosi
750 4088 995 4195 indigebunt,
1012 4090 1122 4179 item,
1133 4106 1238 4167 erant
1250 4089 1340 4168 dicti
1355 4088 1522 4199 religiosi
1531 4090 1570 4167 in
1586 4090 1821 4197 possessione
1834 4086 1993 4167 faciendi

571 4216 704 4295 falcare
723 4236 826 4326 prata
842 4248 908 4297 sua
925 4236 963 4297 et
981 4218 1107 4297 leuare
1126 4248 1194 4327 per
1213 4219 1443 4299 habitatores
1461 4221 1632 4300 locorum
1649 4202 1906 4329 predictorum
1927 4218 1993 4328 qui

572 4376 650 4427 non
663 4348 851 4428 habebant
866 4376 984 4457 equos
998 4378 1121 4457 neque
1135 4352 1265 4442 boves,
1282 4352 1464 4431 solvendo
1476 4352 1567 4462 ipsis
1580 4369 1726 4430 certum
1741 4351 1835 4459 quid
1850 4380 1920 4458 pro
1935 4381 1994 4433 eo

572 4508 659 4559 rum
675 4481 862 4588 expensis3
876 4481 985 4572 item,
998 4499 1085 4589 sunt
1098 4500 1136 4561 et
1146 4482 1300 4563 fuerunt
1312 4484 1352 4562 in
1366 4484 1602 4592 possessione
1616 4500 1656 4563 et
1667 4483 1801 4563 saisina
1811 4484 1993 4563 advoandi

572 4612 761 4718 predictos
781 4612 1009 4692 habitatores
1027 4630 1218 4723 tamquam
1231 4639 1319 4695 suos
1333 4615 1599 4724 justiciabiles,
1615 4616 1797 4724 quociens
1808 4615 1910 4723 ipsos
1923 4617 1994 4695 sci-

572 4758 709 4819 verunt
726 4768 806 4819 esse
823 4760 951 4849 captos
965 4743 1004 4820 in
1015 4744 1166 4851 justicia
1181 4762 1323 4835 nostra,
1339 4745 1399 4825 vel
1412 4744 1503 4825 alibi
1515 4748 1660 4838 citatos,
1678 4746 1736 4823 vel
1751 4746 1940 4841 detentos,
1957 4766 1996 4827 et

574 4871 725 4977 petendi
740 4872 813 4951 sibi
827 4872 954 4964 reddi,
972 4872 1133 4954 dicendo
1151 4876 1256 4981 qnod
1273 4877 1344 4984 ipsi
1359 4876 1503 4982 pluries
1515 4876 1670 4955 fuerunt
1684 4907 1706 4954 a
1718 4876 1909 4985 pluribus,
1928 4906 1996 4986 per

573 5019 703 5115 gentes
715 5021 871 5095 nostras,
884 5003 931 5083 de
943 5004 1052 5084 dictis
1063 5007 1283 5087 hominibus
1294 5007 1469 5101 resaisiti3
1482 5032 1594 5117 super
1603 5008 1740 5116 quibus
1749 5011 1926 5091 omnibus
1933 5040 1996 5091 su·

575 5133 751 5237 predictis
764 5134 920 5215 ballivus
934 5135 1193 5227 bituricensis,
1211 5137 1378 5216 indebite
1400 5156 1438 5217 ct
1457 5139 1505 5218 de
1524 5168 1622 5219 novo
1642 5156 1681 5219 ct
1698 5141 1747 5218 ad
1761 5142 1996 5249 procuracio-

575 5288 662 5341 nem
679 5265 867 5345 dictorum
882 5267 1155 5359 habitandum,
1171 5270 1360 5375 predictos
1374 5270 1569 5379 religiosos
1583 5272 1778 5378 impedivit
1791 5271 1996 5380 quominus

577 5391 632 5468 uti
647 5415 799 5498 possent
813 5399 899 5505 jure
920 5428 1004 5493 suo,
1026 5416 1070 5480 ut
1088 5420 1274 5492 asserunt,
1295 5400 1335 5479 in
1351 5399 1544 5508 predictis3
1557 5400 1706 5481 dicebat
1724 5402 1840 5479 eciam
1858 5426 1993 5505 procu·

2023 1252 2153 1307 haerere
2165 1236 2209 1318 1v',

2084 1343 2148 1387 istc.
