5817 7292
848 1108 924 1181 370
1434 1105 1525 1177 LES
1556 1103 1695 1178 OLIM.

621 1261 752 1317 rmum
765 1258 809 1322 tv,
849 1247 1004 1327 nomina
1020 1245 1175 1325 inferius
1190 1246 1443 1335 continentur,
1463 1247 1643 1354 premissa
1657 1242 1907 1333 commisisse,
1924 1270 1993 1351 per
2003 1242 2193 1352 judicium
2210 1280 2275 1328 cu-

683 1354 745 1396 ¹⁸⁰⁹'
771 1404 777 1415 ·
850 1381 904 1457 rie
920 1396 1047 1459 nostre
1062 1357 1206 1457 buum
1217 1375 1290 1455 suit
1304 1375 1409 1482 quod
1423 1376 1643 1457 omnimoda
1654 1374 1869 1484 jurisdictio
1885 1375 1984 1452 dicte
1999 1375 2087 1454 ville
2101 1377 2142 1457 in
2159 1408 2274 1461 manu

848 1526 973 1609 nostra
990 1508 1193 1597 tenebitur,
1212 1523 1252 1584 et
1266 1508 1493 1598 remanebit,
1515 1507 1700 1614 quamdiu
1719 1523 1847 1583 nostre
1866 1505 2052 1611 placuerit
2069 1509 2271 1601 voluntati,

848 1658 886 1717 et
895 1642 1002 1747 quod
1015 1638 1282 1719 nichilominus
1294 1640 1447 1719 interim
1457 1639 1558 1717 cives
1570 1654 1609 1715 et
1621 1638 1682 1715 alii
1697 1637 1927 1717 habitatores
1940 1639 2041 1717 dicte
2055 1640 2160 1735 ville,
2175 1671 2273 1721 anno

847 1772 1035 1877 quolibet,
1056 1771 1239 1879 majorem
1257 1787 1294 1847 et
1313 1771 1510 1859 consules,
1529 1768 1589 1847 vel
1610 1770 1783 1848 consules
1798 1787 1963 1859 tantum,
1980 1771 2012 1849 ai
2033 1771 2088 1851 cis
2102 1772 2273 1851 videatur

846 1903 1040 2007 expedire,
1066 1902 1277 1981 secundum
1302 1901 1460 1979 modum
1487 1902 1702 2007 antiquum,
1723 1900 1764 1977 in
1784 1901 1987 1979 concordia
2004 1919 2183 2008 poteramt
2205 1905 2273 1983 oli-

843 2061 948 2141 gere,
967 2051 1004 2109 et
1023 2032 1163 2111 eiectos
1180 2032 1419 2113 concorditer
1442 2031 1489 2109 ab
1509 2031 1600 2138 ipsis
1614 2030 1820 2113 senescallo
1834 2050 1965 2112 nostro
1980 2034 2269 2138 presentabunt,

844 2164 908 2269 qui
924 2162 1127 2270 presentati
1144 2162 1339 2271 majoriam
1353 2179 1392 2240 et
1405 2162 1644 2241 consulatum
1657 2159 1974 2241 administrabunt
1987 2180 2100 2268 prout
2113 2164 2270 2271 antiqui-

841 2311 904 2370 tus
925 2294 1045 2372 extitit
1068 2306 1304 2373 consuetum.
1331 2293 1504 2370 Preterea
1526 2310 1634 2399 porte
1659 2293 1798 2372 domuc
1821 2291 1910 2371 dicti
1936 2293 2167 2386 consulatus,
2194 2324 2269 2402 quc

842 2423 997 2503 suerunt
1016 2424 1157 2513 clause,
1179 2452 1248 2501 nec
1264 2424 1311 2501 ad
1327 2424 1549 2500 mandatum
1564 2422 1682 2501 nostri
1698 2422 1984 2531 bajulifuerunt
2000 2442 2168 2531 apperte,
2185 2426 2270 2505 dec-

841 2570 1017 2635 truentur
1037 2570 1076 2634 et
1092 2552 1376 2640 combinentur,
1400 2571 1438 2631 et
1458 2555 1508 2629 ita
1529 2555 1609 2631 sine
1627 2555 1748 2660 portis
1767 2555 1978 2633 remanebit
1995 2554 2093 2635 dicta
2112 2556 2266 2647 domus,

842 2684 1024 2789 quamdiu
1044 2699 1171 2759 nostre
1190 2681 1374 2789 placuerit
1395 2683 1602 2773 voluntati:
1622 2702 1674 2773 et,
1699 2714 1768 2790 per
1786 2684 1889 2762 idem
1906 2685 2114 2792 judicium,
2136 2686 2268 2792 prefati

840 2814 1000 2920 majores
1025 2830 1062 2891 et
1084 2813 1258 2891 consules
1281 2814 1348 2920 qui
1369 2842 1389 2891 a
1411 2814 1513 2891 dicto
1532 2831 1705 2923 tempore
1731 2814 1999 2896 citra-suerunt
2018 2816 2163 2893 invilla
2183 2845 2269 2922 pre-

842 2944 955 3033 dicta,
978 2974 1053 3023 una
1078 2972 1164 3022 oum
1187 2944 1324 3023 liberis·
1339 2945 1563 3025 eorumdem
1581 2976 1706 3054 usque
1726 2947 1768 3024 in
1787 2948 1943 3026 terciam
1962 2948 2266 3056 generacionem,

841 3077 887 3155 ab
904 3076 1009 3155 omni
1028 3075 1151 3155 officio
1168 3077 1326 3186 majorie
1345 3095 1383 3155 et
1402 3078 1619 3157 consulatus
1634 3096 1724 3157 sunt
1736 3079 1889 3186 privati,
1904 3097 1961 3169 et,
1978 3109 2066 3157 cum
2084 3078 2172 3169 boc,
2189 3109 2270 3186 pre

841 3206 930 3287 dicti
954 3208 1116 3315 majores
1137 3225 1176 3285 et
1197 3208 1371 3287 consules
1390 3210 1603 3315 quondam,
1627 3227 1664 3287 et
1686 3228 1808 3287 cetere
1828 3238 1990 3316 persone
2009 3236 2172 3315 quorum
2197 3236 2267 3287 no-

840 3338 942 3413 mina
967 3338 1236 3443 subsequutur,
1259 3339 1404 3417 solvent
1423 3340 1552 3429 uobis,
1573 3370 1642 3446 pro
1663 3340 1840 3429 emenda,
1862 3369 1926 3419 sex
1944 3340 2062 3419 millia
2081 3340 2264 3417 librarum

839 3468 1123 3547 Turoneneium
1135 3468 1341 3563 bonomm,
1356 3487 1396 3549 et
1411 3470 1513 3549 dicto
1526 3470 1727 3549 Lnnberto
1739 3473 1870 3559 Ponte,
1886 3499 1955 3577 pro
1970 3471 2050 3549 cuis
2064 3470 2212 3577 injuriis
2226 3487 2265 3549 et

840 3598 1031 3704 dampnis,
1050 3598 1155 3677 mille
1178 3600 1293 3679 libras
1316 3604 1577 3692 Turoncnees,
1598 3630 1666 3709 per
1684 3602 1843 3681 modum
1862 3603 1928 3709 qui
1948 3602 2116 3709 sequitur
2139 3601 2264 3707 impo-

840 3729 983 3807 nendas
998 3747 1037 3809 ct
1051 3730 1225 3811 levandae
1241 3732 1287 3811 ab
1301 3732 1466 3821 eisdem,
1487 3732 1680 3812 videlicet:

891 3992 1024 4071 Petrus
1051 3994 1223 4085 Martini,
1254 3996 1386 4087 cobis,
1417 3993 1712 4106 quadringentae
1736 4012 1775 4075 et
1798 3994 1927 4105 viginti
1947 3994 2082 4086 librae,
2104 4013 2145 4075 et
2163 3994 2265 4075 dicto

837 4122 1051 4213 Lamberto,
1073 4142 1257 4207 trecentae
1273 4128 1401 4206 libras.

892 4250 1025 4333 Petrus
1051 4258 1209 4348 Medici,
1242 4259 1372 4347 nobis,
1407 4274 1561 4338 contum
1588 4274 1627 4337 et
1651 4258 1897 4367 quadraginta
1930 4258 2063 4347 librat,
2094 4276 2133 4336 et
2163 4258 2265 4335 dicto

837 4382 1055 4474 Lamberto,
1071 4388 1344 4495 quinquaginta
1362 4387 1489 4468 librae.

892 4513 1121 4595 Guiilelmue
1143 4520 1353 4608 Chatneili,
1382 4520 1516 4609 nobit,
1540 4538 1694 4599 centum
1719 4538 1759 4598 et
1781 4520 1912 4629 viginti
1939 4519 2067 4609 librae,
2098 4535 2137 4596 et
2161 4519 2263 4597 dicto

836 4641 1059 4736 LambertO,
1082 4650 1355 4757 quinquaginta
1381 4650 1532 4760 librata·

892 4772 1079 4855 Oliverius
1099 4779 1147 4857 dc
1167 4780 1393 4887 Blanqueto,
1415 4782 1545 4869 nobie,
1565 4796 1720 4860 centum
1739 4798 1779 4859 ct
1796 4780 1927 4890 viginti
1946 4778 2078 4871 libras,
2100 4794 2138 4857 et
2157 4777 2259 4855 dicto

834 4900 1052 4996 Lamberto,
1074 4909 1345 5021 quinquaginta
1363 4910 1490 4991 librar.
1597 4931 1601 4936 ’

890 5036 1023 5144 Helyae
1043 5038 1228 5148 Segbuin,
1250 5042 1376 5133 nobis,
1391 5044 1684 5151 quadringentae
1696 5057 1736 5120 et
1749 5041 1939 5153 octoginta
1953 5035 2085 5126 librae,
2104 5053 2144 5116 et
2156 5035 2258 5117 dicto

833 5164 1045 5257 hunberto,
1068 5168 1248 5249 ducentae
1267 5187 1304 5249 et
1322 5172 1510 5282 sexaginta
1528 5171 1653 5253 libras.
2012 5194 2018 5203 ⁴

888 5295 1020 5377 Petrus
1034 5297 1240 5391 Rulsariua,
1262 5302 1399 5393 senior,
1417 5302 1543 5393 nobis,
1562 5303 1741 5381 ducentas
1760 5319 1800 5381 et
1812 5300 2057 5409 quadraginta
2071 5298 2204 5388 librar,
2219 5316 2258 5375 et

832 5423 941 5509 dicto
952 5430 1169 5519 Lambcrto,
1193 5448 1345 5511 cenmm
1363 5450 1401 5511 et
1416 5434 1688 5541 quinquaginta
1707 5435 1832 5513 librae.
