5817 7292
1010 1068 1279 1179 evandrus
1305 1088 1369 1161 ar
1396 1068 1603 1164 raoobs.
1945 1088 2018 1163 537

589 1228 901 1338 jurisdiccionem
927 1226 1040 1307 altam
1066 1245 1104 1307 et
1126 1228 1272 1339 bassam
1299 1245 1336 1306 et
1360 1228 1526 1305 mediam
1550 1228 1590 1305 in
1615 1227 1700 1306 loco
1719 1227 1956 1334 supradicto,
1979 1246 2023 1307 ut
2058 1240 2189 1293 eorunm
2203 1240 2246 1302 tv,

594 1359 924 1468 dicebat,4britque
941 1359 1061 1438 dictus
1076 1360 1185 1468 Hugo
1201 1377 1310 1439 otest
1326 1377 1363 1440 et
1377 1359 1660 1468 predecessores
1674 1359 1734 1436 sui
1749 1358 1923 1436 similiter
1940 1358 2023 1437 lue·
2122 1330 2186 1374 ’Μ’

592 1509 683 1570 runt
707 1472 904 1571 in'saisina
925 1492 1078 1599 pacifica
1098 1491 1316 1600 justiciandi
1338 1509 1376 1570 et
1395 1491 1654 1569 omnimodam
1675 1489 1885 1598 justiciam,
1908 1489 2021 1567 altam

593 1642 631 1702 et
655 1624 801 1704 bassam
828 1641 866 1702 et
885 1624 1067 1713 mediam,
1091 1624 1290 1702 exercendi
1310 1624 1349 1701 in
1369 1622 1454 1703 loco
1475 1623 1717 1701 contencioso
1736 1620 1906 1727 predicto
1927 1648 2024 1727 quo-

593 1757 857 1863 cienscumque
880 1784 986 1833 casus
1008 1784 1046 1833 se
1067 1754 1290 1833 obtulerunt
1310 1756 1410 1835 etad
1427 1782 1559 1833 eorum
1576 1753 1755 1833 noticiam
1771 1752 2021 1842 devenerunt,
2056 1763 2060 1770 '

508 1878 510 1885 ’
594 1904 633 1963 et
646 1887 856 1995 specialiter
874 1886 1023 1977 ultimo,
1042 1886 1196 1963 eciama
1216 1903 1320 1964 tanto
1336 1902 1509 1992 tempore
1529 1884 1634 1992 quod
1649 1882 1787 1962 srtfficit
1802 1900 1840 1961 et
1851 1881 2022 1961 sufficere

594 2018 708 2097 debet
732 2021 780 2095 ad
798 2018 938 2096 bonam
957 2016 1132 2095 saisinam
1154 2016 1439 2123 acquirendam,
1463 2033 1500 2093 et
1521 2017 1626 2124 quod
1645 2016 1747 2092 idem
1769 2016 1895 2122 Hugo,
1918 2015 1957 2091 in
1976 2015 2025 2091 si-

592 2177 711 2257 gnum
730 2150 803 2226 alte
815 2148 983 2257 justicie,
1001 2146 1040 2223 in
1057 2145 1142 2225 loco
1156 2148 1340 2254 predicto,
1359 2147 1477 2225 dictas
1491 2146 1613 2226 furcas
1631 2148 1830 2237 levaverat,
1851 2164 1890 2225 et
1908 2174 2021 2224 unam

593 2280 750 2389 figuram
772 2283 820 2359 ad
841 2281 992 2359 easdem
1011 2281 1163 2358 trainari
1189 2299 1226 2359 ct
1252 2280 1443 2388 suspendi·
1452 2278 1606 2373 lecerat,
1635 2278 1892 2359 continuando
1916 2308 2022 2358 suam

593 2412 766 2490 saisinam
786 2413 1010 2521 predictam,
1032 2440 1107 2520 qua
1129 2413 1309 2519 premissa
1329 2413 1474 2490 attendo
1489 2412 1578 2520 jure
1597 2440 1667 2490 suo
1690 2411 1828 2491 fecerat
1847 2429 1885 2488 et
1903 2410 2023 2489 facere

592 2562 740 2652 poterat
760 2563 797 2622 et
820 2543 1001 2634 debebat,
1024 2542 1103 2621 sine
1124 2544 1265 2621 offensa
1286 2572 1353 2621 seu
1372 2544 1508 2651 injuria
1531 2544 1769 2651 cujusquam,
1795 2560 1837 2619 ut
1860 2542 2021 2633 dicebat,

592 2703 709 2782 quare
735 2674 886 2781 petebat
911 2673 1032 2751 dictus
1061 2675 1171 2779 Hugo
1197 2672 1535 2778 impedimentum,
1563 2700 1631 2779 por
1659 2672 1781 2751 dictos
1806 2672 2020 2782 religiosos,

594 2805 763 2883 indebite
785 2822 823 2882 et
843 2806 890 2883 de
910 2831 1007 2881 novo
1024 2804 1237 2911 appositum
1260 2804 1298 2881 in
1318 2802 1511 2910 premissis
1529 2804 1681 2912 penitus
1700 2804 1861 2882 amoveri
1883 2804 2024 2910 ipsum-

595 2964 669 3043 que
689 2937 727 3013 in
749 2934 882 3013 saisina
891 2934 1042 3042 justicie
1057 2934 1132 3012 loci
1147 2934 1303 3041 predicti
1325 2932 1478 3041 pacifice
1494 2935 1716 3027 conservari,
1734 2951 1773 3012 et
1791 2963 1834 3013 ea
1852 2962 1940 3043 que,
1963 2962 2025 3013 oc·

596 3068 744 3147 cesione
760 3066 1050 3175 premissorum,
1070 3065 1110 3143 in
1125 3094 1240 3143 manu
1257 3065 1347 3143 dicti
1366 3065 1514 3159 ballivi,
1532 3082 1711 3173 tanquam
1725 3066 1894 3147 iamenu
1913 3095 2025 3173 supe·

594 3198 721 3287 rioris,
739 3216 830 3276 sunt
852 3198 992 3305 posita,
1020 3196 1092 3275 sibi
1116 3197 1215 3275 tradi
1236 3214 1274 3275 et
1295 3196 1513 3287 deliberari,
1541 3210 1656 3303 su'per
1673 3197 1812 3306 quibus
1832 3196 2024 3306 premissis

593 3328 754 3408 ballivus
777 3329 988 3407 antedictus
1008 3329 1203 3407 veritatem
1221 3327 1411 3407 mandavit
1426 3327 1586 3435 inquiri,
1608 3326 1702 3405 lacta
1716 3328 1833 3437 igitur
1850 3328 2023 3436 inquesta

594 3490 708 3569 super
720 3462 912 3569 premissis
928 3476 967 3537 et
986 3459 1188 3569 diligenter
1205 3460 1387 3569 inspecta,
1405 3460 1508 3538 idem
1523 3458 1698 3550 ballivos,
1716 3488 1785 3567 per
1799 3488 1912 3538 suum
1923 3459 2024 3567 jodi-

497 3676 509 3691 ,
595 3594 711 3685 cium,
734 3592 995 3700 pronunciavit
1014 3591 1159 3669 dictum
1178 3592 1378 3700 Hugonem
1398 3591 1550 3698 plenius
1570 3607 1609 3667 et
1632 3590 1817 3697 liquidius
1838 3619 1944 3669 suam
1966 3590 2025 3667 in-

594 3725 812 3803 tencionem
831 3752 944 3828 super
963 3723 1036 3800 hoc
1055 3722 1248 3828 probasse,
1267 3739 1304 3800 et
1323 3723 1449 3829 ipsum
1466 3722 1506 3799 in
1525 3718 1660 3798 saisina
1674 3720 1826 3828 justicie
1843 3720 1935 3796 dicti
1950 3720 2024 3799 loci

596 3881 790 3931 remanere
808 3852 965 3941 debere;
983 3880 1003 3928 a
1019 3879 1098 3959 quo
1112 3850 1294 3960 judicato,
1315 3868 1494 3958 tanquam
1511 3879 1532 3925 a
1549 3849 1644 3928 salso
1664 3865 1703 3926 et
1720 3877 1846 3956 pravo,
1866 3849 1956 3926 dicti
1971 3879 2025 3929 re

597 3983 720 4089 ligiosi
741 3980 788 4058 ad
807 3998 973 4059 nostram
994 3981 1137 4059 curiam
1157 3980 1415 4088 appellarunt:
1432 3978 1583 4059 Auditis
1602 3980 1718 4090 igitur
1733 3978 1843 4058 dictis
1856 3980 2025 4087 partibus

596 4116 637 4193 in
659 4142 767 4191 causa
787 4112 1051 4220 appellacionis
1069 4112 1255 4218 predicte,
1281 4128 1319 4189 et
1342 4111 1430 4189 visis
1455 4110 1692 4219 processibus
1717 4111 1931 4200 antedictis,
1957 4139 2026 4219 per

596 4247 701 4325 curie
721 4263 847 4323 nostre
864 4244 1073 4352 judicium,
1096 4243 1239 4321 dictum
1260 4241 1332 4321 suit
1348 4242 1493 4321 dictum
1512 4242 1692 4321 ballivum
1706 4241 1806 4321 bene
1814 4243 2022 4351 judicasse,

599 4396 637 4456 et
656 4378 777 4455 dictos
789 4375 983 4484 religiosos
998 4374 1093 4453 male
1114 4375 1338 4483 appellasse,
1360 4392 1398 4453 et
1416 4376 1522 4483 quod
1542 4375 1612 4481 ipsi
1632 4375 1706 4455 boc
1725 4373 1995 4454 emendabunt.

655 4508 851 4589 Dominica
870 4524 955 4586 ante
974 4506 1320 4611 Annunciacionem
1341 4506 1580 4586 dominicam.

655 4644 698 4719 R.
721 4638 769 4718 de
790 4639 974 4717 Tiboutot
989 4640 1203 4747 reportavit.
1416 4732 1421 4741 ⁸

654 4908 815 4987 XXXVI.
847 4908 928 4985 Lite
949 4924 1069 4998 mota,
1092 4908 1375 4987 coram-ballivo
1401 4907 1565 5015 episcopi
1589 4905 1821 4998 Parisiensis,
1843 4907 1942 4985 inter
1964 4910 2027 4985 Jo-

598 5042 781 5129 hannam,
803 5040 972 5117 relictam
997 5039 1165 5118 defuncti
1189 5040 1361 5121 Gamerii
1389 5039 1437 5119 de
1463 5038 1845 5129 Sancto-Clodoalco,
1874 5037 2026 5148 gerendi

598 5170 779 5249 bernardi
798 5170 887 5248 dicti
910 5171 945 5248 le
965 5172 1126 5281 Boguin,
1148 5170 1362 5249 beneficiati
1387 5171 1426 5249 in
1446 5171 1600 5249 ecclesia
1620 5170 1944 5251 Sancti-Germani
1965 5169 2028 5248 Al-

597 5302 892 5391 tissiodorensis,
919 5319 958 5381 et
978 5303 1059 5412 ejus
1079 5302 1218 5393 fratris,
1242 5331 1287 5381 ex
1307 5320 1412 5410 parte
1432 5332 1525 5395 una,
1550 5320 1588 5381 et
1608 5301 1748 5395 Gilam,
1770 5303 1939 5380 relictam
1958 5300 2028 5377 de-

600 5430 718 5511 functi
733 5433 814 5511 Ade
825 5433 914 5512 dicti
929 5435 1056 5528 Revol,
1075 5462 1118 5515 ex
1128 5434 1259 5525 altera,
1270 5464 1390 5547 super
1404 5463 1450 5516 eo
1462 5435 1568 5544 quod
1581 5435 1732 5516 dicebat
1747 5433 1846 5511 dicta
1857 5433 2027 5511 Jobanna

685 5606 739 5647 crs
761 5606 842 5650 omn.
867 5609 913 5649 ιιι.
1880 5584 1921 5650 68
