5817 7292
893 1097 964 1170 1152
1467 1089 1559 1162 LES
1588 1086 1726 1162 OLlM.
1814 1173 1828 1198 .

669 1255 851 1321 raserunt,
890 1234 1100 1344 sigillorum
1120 1230 1362 1308 existenciurn
1385 1229 1422 1304 in
1442 1228 1644 1316 montanis,
1663 1226 1770 1334 quod
1787 1226 1935 1304 racione
1950 1227 2224 1335 jurisdictionis
2241 1234 2312 1338 spi·

726 1351 789 1394 ¹³⁰⁹·
892 1365 1033 1443 ritualis
1055 1378 1273 1469 perceptum
1298 1359 1370 1436 suit
1396 1376 1473 1436 eta
1496 1359 1598 1436 dicto
1623 1357 1841 1465 regaliatore
1864 1357 2028 1438 levatum
2048 1359 2185 1448 extitit,
2202 1363 2310 1440 reddi

893 1497 1006 1572 debet
1030 1493 1189 1580 eisdem,
1215 1491 1362 1597 proviso
1384 1507 1509 1566 tamen
1527 1517 1576 1564 ne
1597 1488 1637 1562 in
1657 1486 1825 1564 fraudem
1846 1489 1964 1566 nostri
1983 1488 2041 1566 vel
2056 1473 2311 1570 successorum

891 1643 1105 1703 nostrorum
1122 1651 1189 1729 per
1208 1622 1372 1698 eundem
1390 1619 1624 1725 sigilliferum
1640 1636 1854 1696 exerceatur
1863 1619 2076 1726 jurisdictio
2096 1623 2313 1728 temporalia

890 1785 1001 1863 quam
1023 1755 1137 1830 habet
1157 1752 1279 1828 dictus
1303 1752 1500 1856 episcopus
1522 1750 1560 1824 in
1580 1748 1672 1826 locis
1688 1749 1876 1853 predictis.

912 1977 917 1984 ¹
945 1885 1140 1964 Dominica
1160 1911 1234 1989 qua
1249 1897 1416 1958 cantatur
1430 1879 1691 1957 Reminiscere.

945 2017 1116 2092 Decanus
1140 2014 1188 2090 de
1208 2010 1374 2089 Cassello
1395 2009 1605 2114 reportavit.

947 2281 1037 2358 LXI.
1069 2280 1151 2356 Lite
1172 2293 1289 2367 mota,
1314 2305 1438 2356 coram
1462 2275 1599 2354 ballivo
1618 2255 1845 2366 Senonensi,
1868 2278 1965 2356 inter
1985 2279 2204 2385 symonem,
2230 2278 2309 2356 dic-

890 2429 971 2489 tum
1001 2409 1183 2499 Bonichc,
1213 2409 1260 2485 de
1294 2407 1486 2495 Virailaio,
1517 2407 1713 2496 heredem,
1746 2425 1788 2484 ut
1813 2407 1979 2496 dicebat,
2010 2407 2181 2486 Helindis
2210 2410 2309 2486 dicte

891 2543 1050 2632 Bonice,
1074 2540 1212 2618 sororis
1231 2567 1315 2626 sue,
1339 2539 1464 2615 uxoris
1483 2538 1679 2642 quondam
1693 2538 1875 2616 iohannis
1894 2539 1983 2614 dicti
1997 2538 2032 2616 is
2048 2539 2255 2631 Prouhain,
2270 2558 2310 2618 et

892 2671 1030 2778 absque
1045 2670 1192 2758 liberis,
1210 2687 1252 2746 ut
1268 2667 1435 2759 dicebat,
1450 2667 1642 2759 defuncte,
1656 2697 1700 2745 ex
1715 2697 1789 2756 una
1802 2687 1921 2776 parte,
1938 2687 1978 2747 et
1987 2670 2164 2748 eumdem
2175 2670 2312 2748 Johan-

890 2829 994 2889 nem,
1017 2829 1061 2876 er
1080 2799 1211 2888 altera,
1234 2826 1411 2905 supereo
1434 2799 1540 2905 quod
1559 2799 1662 2876 idem
1683 2801 1823 2907 Symon
1842 2818 2026 2878 trecentas
2041 2801 2312 2908 quinquaginta

890 2932 1005 3009 libras
1034 2958 1228 3038 parvorum
1256 2930 1557 3040 Turounensium‚
1582 2959 1676 3035 quas
1700 2931 1798 3008 dicta
1822 2960 1929 3008 soror
1952 2931 2140 3039 ejusdem,
2168 2931 2208 3008 in
2227 2959 2312 3008 con-

889 3079 1008 3146 tractu
1034 3061 1263 3138 matrimonii
1288 3088 1374 3137 cum
1396 3061 1533 3138 eodem
1550 3061 1722 3138 iohanne
1745 3062 1891 3152 habito,
1914 3091 2040 3140 secum
2066 3061 2254 3139 detulerat
2276 3079 2314 3138 et

891 3193 1015 3269 eidem
1035 3191 1194 3268 Johanni
1217 3192 1256 3266 in
1279 3190 1406 3268 dotem
1422 3191 1645 3282 tradiderat,
1666 3191 1738 3268 sibi
1757 3191 1864 3270 reddi
1887 3192 2053 3297 petebat,
2077 3219 2243 3270 asserens
2262 3189 2311 3267 de

889 3319 962 3398 loci
983 3321 1258 3399 consuetudine
1279 3337 1365 3397 ante
1385 3321 1621 3399 solucionem
1641 3321 1856 3400 debitorum
1877 3339 1916 3399 et
1934 3321 2209 3429 obligacionum
2224 3349 2311 3427 qua-

890 3451 1072 3528 rumlibet
1097 3480 1183 3528 cum
1215 3451 1325 3528 dictis
1349 3451 1572 3560 conjugibus
1598 3470 1884 3540 contractarum,
1915 3454 1988 3528 hoc
2013 3451 2095 3528 fieri
2121 3449 2260 3528 debere
2287 3481 2310 3528 a

891 3581 989 3658 dicto
1008 3582 1141 3658 marito
1162 3582 1378 3687 superstite;
1398 3599 1435 3660 et
1450 3610 1471 3658 e
1489 3600 1618 3659 contra
1636 3601 1765 3689 gentes
1779 3599 1903 3660 nostre
1919 3598 1958 3660 et
1976 3581 2163 3660 Johannes
2179 3580 2227 3658 de
2241 3582 2310 3660 So·

888 3712 1012 3802 rerlis,
1038 3713 1207 3819 armiger,
1235 3741 1273 3788 se
1299 3713 1341 3816 in
1363 3740 1472 3790 causa
1496 3713 1716 3820 hujusmodi
1740 3729 1987 3819 opponentes,
2014 3712 2310 3790 contradictum

889 3845 1092 3950 Symonem
1113 3841 1491 3952 proponerent'quod
1505 3844 1604 3922 dicta
1623 3844 1805 3951 Heiyndis
1827 3873 1915 3922 cum
1936 3842 2073 3922 eodem
2089 3844 2259 3921 Johanne
2275 3842 2311 3920 le

887 3974 1093 4060 Prouhain‚
1117 3974 1269 4052 homine
1286 3992 1414 4052 nostro
1435 3992 1474 4052 et
1489 3975 1606 4082 ipsius
1619 3975 1792 4084 armigeri
1811 3977 1858 4053 de
1876 4003 2049 4081 corpore,
2065 3989 2310 4062 contraxerat,

888 4121 925 4180 et
937 4103 1057 4209 quod,
1074 4105 1121 4181 de
1136 4105 1411 4184 consuetudine
1427 4105 1500 4184 toci
1516 4106 1556 4182 in
1569 4135 1646 4211 quo
1659 4122 1923 4183 contraxerunt
1937 4123 1976 4182 et
1988 4122 2206 4182 manserunt
2222 4104 2310 4180 dicti

888 4235 1074 4314 Johannes
1087 4234 1122 4312 le
1137 4236 1345 4314 Prouhains
1361 4253 1400 4314 et
1414 4236 1613 4344 Helyndis,
1632 4255 1670 4314 et
1686 4238 1898 4314 vicinorum
1913 4235 2108 4325 locorum,
2131 4235 2312 4340 quociens

889 4365 1012 4473 aliqua
1033 4364 1150 4443 libere
1167 4368 1399 4446 condicionis
1418 4366 1562 4444 mulier.
1574 4366 1686 4445 nubit
1705 4397 1792 4444 cum
1812 4368 1966 4444 homine
1985 4365 2217 4444 condicionis
2236 4394 2313 4442 ser·

889 4494 988 4587 vilis,
1010 4497 1088 4603 ipsa
1109 4499 1279 4603 sequitur
1300 4499 1359 4576 sui
1380 4499 1640 4577 condicionem
1660 4499 1800 4587 mariti,
1822 4515 1861 4575 et
1879 4497 1929 4576 ob
1951 4499 2024 4576 hoc
2044 4497 2211 4574 dicerent
2228 4523 2313 4601 geu-

888 4641 944 4702 tes
963 4644 1088 4705 nostre
1112 4647 1149 4706 et
1172 4628 1292 4706 dictus
1319 4631 1480 4736 armiger
1504 4630 1603 4706 bona
1622 4631 1789 4735 ipsorum
1810 4630 1989 4707 Johannis
2003 4628 2043 4706 le
2066 4627 2252 4704 Prouhain
2272 4643 2312 4702 et

888 4757 1085 4867 Helyndis,
1112 4760 1193 4867 ejus
1216 4762 1358 4854 uxoris,
1382 4790 1450 4866 pro
1475 4759 1585 4838 nobis
1607 4778 1645 4837 et
1671 4760 1773 4838 dicto
1791 4760 1990 4866 armigero,
2013 4759 2160 4836 racione
2178 4783 2312 4832 manus

886 4905 1052 4976 mortue,
1074 4892 1211 4968 nostris
1230 4891 1368 4970 debere
1386 4892 1600 4970 racionibus
1617 4890 1813 4998 applicari,
1837 4890 1938 4968 dicto
1960 4891 2123 4997 Symoue
2144 4886 2311 4964 Boniche

887 5019 1114 5096 contrarium
1149 5039 1354 5111 asserente,
1388 5039 1425 5100 et
1454 5023 1603 5100 dicente
1637 5024 1774 5100 dictam
1806 5021 2124 5100 consuetudinem
2155 5019 2194 5094 in
2222 5018 2313 5094 locis

887 5142 952 5222 ubi
979 5165 1243 5228 contraxerunt
1269 5170 1307 5229 et
1327 5171 1546 5231 manserunt
1565 5155 1654 5230 dicti
1677 5154 1871 5261 conjuges,
1889 5153 2014 5230 locum
2031 5151 2105 5228 sibi
2120 5166 2160 5225 et
2174 5149 2313 5255 specia-

885 5274 972 5352 liter
989 5276 1028 5352 in
1049 5307 1133 5358 casu
1156 5280 1386 5386 ignorancie,
1408 5283 1565 5360 minime
1582 5286 1794 5362 vindicare:
1811 5284 1897 5362 Visa
1916 5282 2089 5390 inquesta
2107 5306 2219 5385 super
2237 5277 2311 5354 hoc

886 5407 934 5486 de
949 5409 1126 5486 mandato
1142 5427 1269 5489 nostro
1283 5411 1393 5504 sacta,
1410 5414 1498 5518 quia
1510 5443 1588 5492 non
1604 5415 1800 5492 inventum
1820 5428 1877 5492 est
1894 5411 2223 5501 consuetudinem,
2242 5437 2313 5514 pro
