5817 7292
1068 1119 1331 1228 auouarss
1356 1137 1419 1208 ar
1445 1119 1646 1210 raucus.
2016 1137 2065 1206 25

649 1278 758 1355 elesie
772 1295 811 1355 et
825 1279 1003 1356 domiuus
1017 1279 1182 1357 duorum
1197 1279 1463 1370 comitatuum,
1479 1307 1641 1384 quorum
1658 1303 1777 1357 unum
1791 1280 1897 1356 dedit
1911 1277 2067 1355 ecclesie
2105 1285 2236 1337 aarum
2248 1279 2292 1342 lv,

649 1409 944 1501 Sancti-Ulmari,
968 1430 1005 1488 et
1027 1412 1197 1488 eamdem
1217 1409 1411 1490 ecclesiam
1431 1437 1543 1487 suum
1563 1409 1725 1486 instituit
1738 1409 1934 1497 heredem,
1951 1408 2068 1485 alium
2169 1373 2231 1416 'm

647 1567 735 1618 vero
756 1541 992 1631 comitatum,
1014 1542 1186 1619 videlicet
1206 1541 1425 1620 comitatum
1444 1538 1617 1629 Bolonie,
1645 1539 1799 1646 reliquit
1822 1539 1973 1615 cuidam
1998 1566 2068 1616 suo

648 1669 751 1750 fratri
778 1673 917 1751 minori
941 1675 1089 1782 genito,
1111 1690 1149 1751 et
1174 1673 1278 1780 quod
1304 1673 1400 1750 dicta
1421 1671 1572 1748 ecclesia
1591 1687 1697 1748 tenet
1719 1670 1760 1748 id
1781 1671 1887 1778 quod
1907 1686 2014 1745 tenet
2033 1670 2070 1744 iu

649 1803 777 1895 bonis,
791 1804 1090 1910 possessionibus
1103 1825 1141 1882 et
1149 1803 1362 1883 redditibus
1371 1804 1409 1880 in
1421 1803 1601 1882 comitatu
1615 1801 1790 1880 distincto
1802 1819 1840 1878 et
1852 1801 1969 1879 diviso
1983 1829 2070 1877 aco

649 1934 783 2010 mitatu
807 1932 980 2022 Boionio,
1008 1953 1047 2011 et
1069 1954 1156 2012 sunt
1175 1934 1213 2010 in
1232 1934 1367 2012 saisina
1385 1933 1533 2010 essendi
1554 1934 1594 2009 in
1613 1934 1727 2040 garda
1746 1951 1871 2012 nostra
1889 1951 1928 2008 et
1945 1932 2073 2039 requi-

649 2065 758 2140 rendi
780 2093 862 2140 eam
880 2063 1061 2171 quociens
1081 2066 1134 2142 eis
1151 2064 1309 2170 placuit;
1331 2093 1374 2140 ac
1394 2064 1511 2142 eciam
1535 2083 1665 2172 gentes
1689 2081 1815 2141 nostre
1843 2062 2016 2140 dicebant
2034 2091 2072 2138 se

651 2222 730 2270 esse
749 2194 789 2269 in
810 2194 943 2271 saisina
963 2224 1027 2279 eos
1043 2195 1223 2304 gardandi
1239 2196 1356 2272 eciam
1370 2211 1500 2272 contra
1519 2195 1697 2272 comitem
1714 2194 1873 2274 Bolonie
1891 2212 1929 2272 et
1942 2211 2073 2302 gentes

649 2352 751 2412 suas,
780 2343 817 2401 et
835 2325 942 2432 quod
962 2326 1010 2403 de
1031 2327 1104 2404 boc
1122 2326 1315 2404 fueramus
1335 2325 1566 2403 sufficienter
1586 2327 1663 2417 usi,
1685 2344 1800 2432 prout
1819 2326 1918 2403 dicte
1941 2343 2073 2434 gentes

650 2474 776 2533 nostre
805 2457 1041 2534 asserebant:
1065 2455 1253 2549 Tandem,
1279 2457 1356 2534 visa
1380 2457 1551 2564 inquesta
1581 2484 1694 2562 super
1721 2457 1795 2534 biis
1821 2458 1867 2534 de
1895 2457 2072 2534 mandato

649 2603 779 2664 nostro
803 2585 915 2676 sacta,
936 2587 1023 2664 visis
1045 2589 1154 2665 cartis
1179 2604 1217 2664 et
1240 2587 1443 2695 privilegiis
1469 2588 1567 2664 dicte
1592 2587 1749 2665 ecclesie
1769 2585 2071 2679 Sancti-Ulmari,

651 2716 789 2792 auditis
810 2718 927 2793 eciam
942 2715 1156 2794 nacionibus
1171 2717 1259 2793 hinc
1280 2734 1318 2793 et
1333 2717 1423 2793 inde
1438 2719 1658 2822 propositis,
1674 2717 1967 2822 pronunciatum
1984 2716 2071 2805 fuit,

650 2872 719 2950 per
739 2847 839 2922 curie
859 2863 986 2923 nostre
1005 2847 1205 2953 judicium,
1230 2847 1384 2952 gardam
1403 2846 1572 2949 predicte
1592 2845 1745 2923 abbacie
1767 2846 2073 2933 Sancti-Ulmari,

591 3065 595 3074 p
651 3003 884 3084 suorumque
902 2976 1093 3054 bonorum
1110 2976 1283 3052 omnium
1300 2991 1337 3052 et
1354 3001 1483 3050 rerum
1503 2973 1725 3050 situatarum
1745 2975 1784 3049 in
1805 2975 1985 3052 comitatu
2004 2977 2076 3053 Bo·

651 3104 754 3184 lonie
781 3124 819 3183 et
840 3108 921 3213 ejus
938 3105 1197 3213 pertinenciis,
1220 3105 1269 3182 ad
1290 3104 1434 3180 dictum
1455 3104 1632 3180 comitem
1653 3106 1860 3208 pertinere,
1881 3106 1932 3183 ita
1950 3124 2076 3182 tamen

651 3236 757 3344 quod
775 3236 813 3310 in
834 3237 1014 3314 omnibus
1033 3233 1220 3313 contentis
1240 3234 1279 3309 in
1298 3233 1407 3310 cartis
1428 3261 1495 3309 seu
1514 3233 1717 3342 privilegiis
1732 3234 1823 3311 dicti
1837 3238 2074 3328 monasterii,

651 3395 813 3473 quarum
832 3364 889 3443 vel
903 3395 1069 3474 quorum
1085 3382 1237 3442 tenores
1256 3362 1412 3440 inferius
1433 3362 1690 3456 continentur,
1713 3362 1833 3440 dictus
1852 3391 1979 3442 comes
1997 3393 2074 3442 non

650 3498 789 3604 poterit
806 3525 874 3575 nec
892 3496 1048 3576 debebit
1067 3525 1104 3574 se
1127 3495 1173 3572 de
1190 3495 1303 3604 garda
1320 3494 1591 3583 intromittere,
1612 3494 1684 3571 nisi
1703 3513 1868 3600 exparte
1886 3496 1975 3572 dicti
1996 3525 2077 3574 mo-

651 3631 801 3707 nasterii
824 3659 938 3735 super
957 3630 1030 3707 hoc
1051 3625 1267 3734 requisitus.
1290 3625 1511 3731 Sequuntur
1524 3644 1676 3703 tenores
1691 3624 1875 3703 dictarum
1892 3645 2075 3705 cartarum

652 3789 718 3838 scu
737 3763 1029 3871 privilegiorum.

626 3883 629 3889 ⁵
709 3891 777 3966 «In
798 3893 953 3970 nomine
977 3910 1102 3972 sancte
1130 3911 1168 3971 et
1186 3891 1379 3972 individue
1400 3894 1612 3985 Trinitatis,
1630 3921 1740 3971 amen
1763 3925 1772 3970 ε
1793 3892 1983 3986 Quoniam
2002 3891 2076 3966 vita

651 4046 805 4123 presens
834 4022 955 4100 brevis
982 4043 1020 4102 et
1049 4024 1191 4116 labilis,
1220 4023 1279 4102 vel
1311 4025 1451 4131 iniquis
1478 4023 1674 4101 interitum
1705 4021 1765 4100 vel
1795 4022 1976 4128 gaudium
2005 4000 2076 4127 piis

650 4150 747 4255 parit
773 4169 968 4245 smmum,
998 4184 1067 4264 ego
1094 4155 1311 4245 Eustacius,
1339 4155 1499 4232 Bolonie
1528 4183 1672 4245 comes,
1701 4169 1838 4229 notum
1864 4150 1961 4226 facio
1990 4151 2076 4225 uni-

651 4278 782 4369 versis,
803 4299 880 4358 tam
905 4286 1140 4390 presentibus
1165 4313 1279 4391 quam
1298 4283 1453 4374 suturis,
1476 4285 1583 4390 prod
1601 4282 1754 4360 ecclesia
1774 4277 2076 4359 Sancti-Ulmari-

654 4411 872 4490 in-Nemore
894 4415 1044 4519 penitus
1066 4414 1185 4492 libera
1204 4433 1260 4494 est
1279 4415 1326 4492 ab
1346 4413 1450 4491 omni
1474 4413 1665 4491 exactione
1688 4429 1727 4490 et
1743 4410 2017 4490 consuetudine
2040 4428 2078 4487 et

653 4542 753 4647 pacis
774 4559 942 4633 terrene,
967 4544 1007 4619 in
1028 4561 1106 4622 tota
1129 4561 1228 4622 terra
1254 4573 1319 4622 sua
1342 4573 1496 4623 omnem
1517 4544 1737 4622 comitatum
1763 4560 1802 4620 et
1825 4570 1979 4620 omnem
1995 4543 2077 4650 jus·

653 4674 800 4764 tioium,
833 4690 870 4751 et
896 4674 1077 4782 quiequid
1103 4676 1151 4753 ad
1178 4653 1460 4754 libertatem'et
1489 4674 1703 4754 dominium
1731 4673 1915 4781 pertinet,
1941 4701 1987 4753 ex
2010 4701 2076 4750 an-

654 4805 760 4914 tiqua
788 4823 1066 4884 antecessorum
1098 4835 1271 4884 meomm
1304 4808 1513 4885 donacione
1541 4824 1579 4884 et
1605 4805 1896 4886 confirmacione
1927 4832 2075 4882 necnon

654 4936 772 5044 ipsius
798 4935 870 5015 loci
898 4935 1141 5029 fundacione,
1168 4937 1398 5016 hereditario
1413 4937 1500 5046 jure
1529 4956 1568 5016 et
1593 4938 1714 5015 libera
1730 4937 1985 5043 possessione,
2006 4937 2077 5014 ob-

654 5066 769 5158 tinet,
793 5066 969 5147 videlicet
992 5069 1032 5145 in
1055 5068 1155 5147 villis
1175 5069 1246 5148 sibi
1269 5068 1560 5178 pertinentibus,
1581 5068 1622 5146 in
1641 5069 1878 5158 hominibus,
1900 5068 1940 5145 in
1960 5066 2075 5157 silvis,

656 5197 695 5274 in
715 5197 839 5305 aquis,
868 5201 908 5276 in
934 5200 1225 5306 piscacionibus,
1247 5201 1287 5279 in
1311 5201 1426 5308 pratis
1450 5218 1488 5277 et
1507 5201 1546 5278 in
1570 5200 1764 5294 marescis,
1786 5217 1825 5278 et
1842 5199 1883 5277 in
1901 5200 2081 5278 omnibus

657 5327 864 5407 eventibus.
879 5329 1065 5410 Villarum
1081 5349 1208 5410 autem
1225 5349 1262 5410 et
1280 5331 1451 5411 locorum
1466 5331 1537 5410 hee
1551 5348 1641 5410 sunt
1653 5331 1827 5410 nomina:
1842 5328 1928 5406 villa
1944 5329 2082 5407 Sancti.

658 5459 822 5550 Ulmari,
841 5460 965 5540 forum
983 5480 1020 5542 et
1039 5464 1221 5572 quicquid
1238 5462 1286 5542 ad
1301 5465 1425 5544 forum
1439 5462 1498 5540 vel
1513 5463 1639 5541 villam
1654 5462 1836 5570 pertinet,
1856 5456 2080 5546 Mintinum‚

740 5633 792 5674 urs
813 5635 895 5677 ouru.
913 5638 959 5678 ur.
1934 5617 1954 5682 4
