5817 7292
1026 1062 1296 1172 suousrss
1322 1082 1385 1153 ur
1411 1063 1617 1157 sununs.
1700 1160 1713 1183 ‚
1955 1086 2028 1157 aar

613 1238 889 1300 tormentorum
903 1238 942 1299 et
954 1240 1109 1329 propter
1118 1222 1348 1328 presenciam
1365 1222 1454 1301 dicti
1472 1223 1610 1315 ballivi,
1626 1222 1760 1298 falsum
1777 1224 1815 1299 in
1834 1252 1942 1307 causa
1957 1225 2030 1303 hu·
2070 1234 2198 1291 aarum
2212 1234 2253 1299 W.

609 1350 780 1461 jusmodi
803 1347 1039 1459 deposuisse,
1061 1382 1131 1431 nos
1151 1352 1288 1432 dilecto
1314 1371 1351 1431 et
1376 1352 1480 1431 fideli
1508 1352 1717 1432 Guillelmo
1740 1350 1788 1429 de
1813 1354 2027 1461 Playsiano,
2130 1326 2192 1369 rur.

614 1481 726 1561 militi
741 1498 886 1573 nostro,
904 1499 942 1561 et
955 1481 1099 1590 prelato
1113 1482 1293 1591 gordiano
1309 1484 1569 1591 Lugdunensi,
1586 1510 1699 1590 super
1711 1482 1823 1561 certis
1836 1483 1940 1561 lactis
1956 1513 2030 1592 qne

613 1613 653 1691 in
672 1613 977 1720 deposicionibus
995 1614 1183 1692 dictorum
1202 1614 1357 1692 testium
1371 1614 1673 1702 continebantur,
1696 1611 2029 1704 mandavissemus,

612 1772 681 1850 per
699 1772 738 1821 se
760 1742 818 1821 vel
836 1773 906 1852 per
927 1743 1021 1823 alios
1038 1743 1086 1821 ab
1105 1743 1160 1821 eis
1179 1744 1430 1851 deputandos,
1456 1745 1658 1822 veritatem
1671 1742 1838 1850 inquiri:
1861 1744 2032 1823 Tandem

612 1872 699 1954 visis
714 1891 752 1952 et
765 1873 965 1983 diligenter
977 1876 1152 1981 inspectis
1171 1875 1354 1983 inquestis
1370 1875 1563 1982 predictis,
1587 1892 1664 1951 tam
1682 1902 1751 1981 per
1770 1872 1933 1981 prelatos
1952 1875 2033 1953 bal-

611 2004 727 2083 livum
748 2021 786 2083 et
802 2006 1024 2115 gordianum
1042 2007 1182 2112 primo,
1203 2034 1316 2113 quam
1337 2036 1406 2113 per
1426 2006 1649 2085 Anselinum
1666 2006 1714 2083 de
1730 2006 1884 2095 Drncia,
1905 2005 2031 2115 legum

612 2132 821 2223 doctorem,
843 2136 891 2213 ub
911 2136 993 2240 ipso
1012 2134 1220 2215 Guillelmo
1240 2135 1289 2212 de
1309 2134 1481 2213 Plesiano
1503 2135 1768 2224 substitutum,
1790 2155 1828 2243 et
1846 2138 2031 2243 prelatum

609 2262 831 2369 gordianum
854 2277 984 2369 postea
1014 2261 1120 2342 factis
1149 2280 1187 2341 et
1209 2282 1337 2343 nostre
1367 2265 1470 2343 curie
1496 2266 1708 2371 reportatis,
1743 2294 1812 2375 per
1839 2267 2028 2375 judicium

610 2394 713 2470 curie
733 2411 881 2483 nostre,
907 2394 1065 2499 predicti
1087 2393 1265 2501 conjuges
1287 2424 1308 2471 a
1327 2395 1506 2501 predictis
1523 2396 1759 2473 denunciatis
1783 2413 1911 2474 contra
1931 2398 2030 2504 ipsos

609 2522 772 2601 absoluti
791 2521 960 2613 fuerunt,
984 2524 1169 2601 etomnia
1187 2524 1287 2602 bona
1306 2553 1373 2603 sua
1392 2553 1483 2631 que,
1511 2525 1704 2603 occasione
1728 2526 1946 2633 hujusmodi
1964 2526 2030 2603 de-

609 2652 883 2743 nunciacionis,
908 2654 957 2730 ad
973 2681 1127 2731 manum
1147 2670 1313 2732 nostram
1332 2652 1481 2731 firerant
1492 2653 1632 2760 posita,
1650 2655 1794 2733 eisdem
1808 2654 2030 2765 conjugibus

610 2784 712 2863 curia
729 2802 856 2863 nostra
868 2783 1036 2891 precepit
1055 2784 1253 2863 deliberari
1268 2801 1305 2863 et
1316 2784 1439 2863 reddi.
1591 2836 1599 2867 t

667 2914 862 2992 Dominica
882 2931 967 3021 post
985 2914 1219 2992 Nativitatem
1233 2902 1336 2994 beati
1348 2917 1528 2993 lobannis
1544 2915 1718 3022 Baptista.

671 3048 721 3126 M.
738 3048 815 3124 Yvo
831 3045 878 3124 de
892 3044 1075 3124 Laudano
1090 3046 1302 3153 reportavit.

665 3308 722 3385 tl.
744 3304 860 3396 Cum,
875 3336 919 3387 er
930 3324 1035 3413 parte
1045 3307 1210 3415 magistri
1222 3305 1411 3412 Radulphi
1422 3307 1472 3384 de
1486 3308 1656 3398 Praellis,
1668 3308 1780 3387 nobis
1789 3308 1935 3397 suisset,
1947 3339 2029 3418 gru·

607 3437 700 3515 riter
713 3437 1000 3545 conquerendo,
1023 3453 1271 3516 monstratum
1289 3436 1394 3543 quod
1410 3454 1543 3544 gentes
1562 3438 1725 3544 episcopi
1741 3438 1962 3529 Meldensis,
1979 3440 2027 3518 dc

608 3568 784 3647 mandato
803 3570 920 3675 ipsius
934 3587 998 3646 aut
1011 3569 1092 3673 ipso
1108 3584 1233 3645 ratum
1247 3568 1429 3656 habente,
1449 3567 1496 3643 ad
1513 3566 1640 3645 villam
1655 3570 1702 3646 de
1718 3569 1879 3659 Liriaco,
1897 3568 1935 3646 in
1953 3598 2028 3677 qua

608 3699 711 3774 idem
728 3698 904 3805 magister
917 3696 1140 3801 Radulphus
1154 3696 1413 3773 omnimodam
1429 3695 1739 3801 jurisdiccionem
1757 3698 1888 3774 asserit
1905 3726 1945 3775 se
1961 3700 2028 3776 ha·

610 3825 717 3915 bere,
728 3854 814 3903 cum
826 3852 958 3931 magna
969 3823 1214 3902 multitudine
1226 3824 1398 3931 equitum
1410 3840 1447 3899 et
1458 3825 1746 3929 peditum,cum
1755 3825 1917 3904 arcubus
1927 3843 1965 3903 et
1976 3856 2028 3903 sa-

609 3956 710 4062 gittis
723 3955 974 4043 munitorum,
990 3953 1200 4059 impetuose
1211 3968 1404 4042 venerunt,
1423 3953 1603 4060 majorem
1621 3954 1711 4032 dicti
1723 3955 1913 4062 Badnlphi
1926 3973 2027 4033 extra

610 4086 748 4163 dictam
768 4083 893 4161 villam
914 4081 1050 4160 ducere
1070 4083 1251 4172 nitentes,
1273 4098 1311 4160 et
1330 4082 1534 4189 quemdam
1553 4084 1819 4191 prisionarium
1839 4086 1930 4163 dicti
1950 4116 2027 4162 ma-

607 4215 729 4325 gistri,
752 4215 799 4292 de
815 4214 980 4320 prisione
995 4242 1062 4291 sna
1082 4210 1180 4291 dicte
1201 4211 1287 4290 ville
1302 4212 1500 4317 rapiendo,
1519 4233 1703 4321 ceperunt
1721 4232 1758 4293 ct
1773 4244 1901 4294 secum
1916 4215 2027 4294 duxe-

607 4362 711 4437 rtmt,
727 4345 821 4425 alios
834 4342 1077 4451 quamplures
1091 4370 1259 4421 excessus
1274 4343 1450 4449 gentibus
1469 4342 1546 4422 suis
1560 4344 1779 4452 irrogando,
1801 4361 1843 4421 ut
1860 4345 2023 4435 dicebat,

606 4505 683 4583 que
697 4476 824 4556 omnia
832 4474 996 4583 potebat,
1006 4492 1082 4553 mm
1094 4474 1182 4565 sihi,
1199 4492 1377 4581 tanquam
1388 4474 1501 4581 parti,
1518 4504 1631 4581 quam
1639 4476 1767 4565 nobis,
1782 4474 1933 4553 racione
1948 4476 2027 4554 dic-

606 4623 733 4685 torum
758 4634 968 4695 armomm,
991 4604 1199 4696 emendari;
1222 4590 1395 4712 predicto
1422 4607 1598 4713 episcopo
1621 4606 1661 4684 in
1685 4606 1916 4684 contrarium
1939 4635 2026 4712 pro·

605 4752 788 4841 ponente,
810 4753 849 4815 et
867 4738 1014 4817 dicente
1035 4736 1155 4843 quod,
1175 4737 1357 4845 quicquid
1379 4736 1610 4815 inveniretur
1634 4737 1673 4814 in
1690 4735 1787 4816 lacto
1806 4736 2024 4844 hujusmodi

605 4865 744 4948 sactum
770 4865 885 4947 fuisse
912 4895 981 4975 per
1001 4883 1138 4975 gentes
1159 4894 1259 4958 sues,
1282 4868 1386 4971 juste
1416 4884 1453 4945 et
1480 4868 1759 4947 racionabiliter
1776 4866 1917 4947 lactum
1935 4866 2022 4956 fuit;

606 4996 754 5077 dicente
774 4998 892 5077 sciam
915 4997 1020 5107 prod
1047 4996 1133 5075 ville
1158 4996 1205 5075 de
1230 4997 1375 5075 Liriaco
1402 5014 1460 5075 est
1478 4997 1528 5075 de
1553 4996 1674 5075 leodis
1693 4996 1760 5075 sui.
1773 4997 2021 5105 episcopatus,

608 5144 646 5203 et
663 5128 768 5233 quod
786 5130 865 5236 ipse
884 5144 963 5207 erat
977 5145 1016 5207 et
1030 5145 1087 5208 est
1105 5128 1145 5204 in
1160 5126 1293 5207 saisina
1306 5126 1512 5235 recipiendi
1526 5127 1745 5237 homagium
1760 5126 1808 5206 da
1826 5129 1925 5207 dicta
1938 5127 2024 5207 villa

607 5284 628 5331 a
654 5258 956 5367 quibuscumque
974 5259 1101 5337 venire
1120 5258 1334 5339 volentibus
1361 5258 1409 5336 ad
1438 5257 1646 5337 tenendum
1674 5257 1896 5338 domanium
1929 5257 2024 5364 ejus·

608 5362 716 5476 nm,
735 5389 855 5479 unae,
872 5418 958 5470 cum
980 5389 1103 5469 amus
1122 5389 1297 5499 magiam
1315 5389 1552 5497 ansulphus,
1568 5389 1636 5497 qu
1652 5388 1698 5467 aa
1721 5388 1839 5495 ipsus
1858 5386 2022 5495 episcopi
