5817 7292
869 1131 917 1200 22
1446 1131 1537 1203 LES
1567 1129 1710 1204 OLIM.

646 1287 774 1340 aarum
787 1283 830 1350 tv,
868 1269 989 1378 quod,
1009 1270 1039 1346 si
1054 1267 1125 1376 ipsi
1140 1267 1333 1378 fregerunt
1345 1287 1472 1378 portas
1488 1271 1626 1350 domtus
1642 1271 1690 1348 de
1699 1270 1907 1362 Cbameco,
1924 1270 2181 1379 bocfuitqnia
2198 1276 2288 1355 dicti

705 1375 768 1420 ¹²⁹²
862 1400 1030 1509 religiosi
1057 1425 1135 1477 non
1159 1400 1404 1507 paciebantur
1427 1428 1493 1480 eos
1511 1402 1650 1480 intrare
1674 1400 1812 1478 dictam
1827 1400 1998 1480 domum
2014 1401 2064 1480 ad
2082 1401 2289 1484 videndum

868 1549 905 1610 et
926 1531 1151 1640 capiendum
1176 1532 1296 1609 dictos
1320 1558 1478 1639 ceppos,
1505 1533 1610 1642 qnod
1636 1532 1758 1612 faeere
1781 1532 1852 1611 sibi
1877 1532 2024 1613 licinum
2045 1532 2133 1624 brit,
2157 1561 2290 1615 semn-

866 1663 959 1741 dum
990 1688 1102 1740 usum
1137 1678 1175 1739 et
1200 1662 1515 1740 consuetudinem
1544 1664 1634 1756 loci,
1663 1681 1707 1740 ut
1739 1663 1906 1752 dicebam
1936 1663 2046 1753 item,
2077 1664 2201 1772 quod,
2234 1695 2291 1746 ae-

865 1795 1033 1878 cundum
1052 1820 1166 1870 nsum
1186 1810 1223 1870 et
1242 1793 1557 1872 consuetudinem
1579 1794 1628 1872 de
1647 1795 1828 1887 Domeci,
1848 1795 2079 1906 quicumque
2103 1793 2220 1874 babet
2237 1799 2290 1877 al-

658 1985 669 1994 .
722 1989 730 2006 ,
862 1939 939 2001 tarn
952 1924 1273 2032 jurisdictionem,
1292 1924 1363 2002 sibi
1379 1924 1525 2004 licitum
1541 1925 1765 2005 estbrrchaa
1776 1927 1913 2016 saeete3
1929 1926 2037 2014 item,
2055 1926 2184 2034 pimus
2200 1928 2289 2007 alins

863 2057 1032 2134 raciones
1058 2072 1096 2133 et
1113 2081 1243 2133 causas
1261 2055 1365 2133 idem
1384 2074 1605 2162 procurator
1624 2057 1782 2136 assernit
1800 2085 1841 2134 se
1859 2057 2100 2164 proposuisse
2121 2060 2288 2138 raciona-

863 2185 958 2263 biles
982 2203 1093 2292 atque
1109 2187 1246 2292 justas,
1270 2202 1363 2264 etse
1383 2186 1615 2266 sufficienter
1637 2211 1698 2266 ees
1717 2187 1963 2295 probetumm
1984 2188 2181 2280 obedisse,
2202 2191 2288 2298 qui-

810 2415 812 2420 X
861 2315 936 2393 bus
968 2341 1045 2394 non
1078 2317 1264 2405 admissis,
1302 2317 1419 2396 immo
1442 2319 1598 2425 spretis,
1634 2317 1727 2399 dicti
1757 2319 2018 2411 commissarii,
2046 2335 2091 2397 ut
2120 2318 2284 2411 dicebat,

865 2464 992 2524 contra
1011 2449 1136 2555 ipsum
1157 2465 1194 2528 et
1213 2449 1425 2558 predictum
1446 2451 1624 2530 camitem
1643 2450 1693 2527 ad
1712 2451 1850 2529 dictam
1870 2451 2228 2558 pronunciacionem
2245 2469 2287 2528 et

863 2598 1082 2686 preceptum
1098 2597 1359 2689 processerunt
1374 2607 1572 2690 perperam
1588 2601 1626 2661 et
1638 2583 1786 2691 inique,
1799 2602 1933 2692 petens
1947 2584 2051 2663 idem
2065 2601 2287 2690 procurator

863 2709 951 2788 dicti
970 2711 1133 2801 comitis,
1156 2739 1224 2818 per
1242 2714 1409 2793 raciones
1426 2730 1465 2793 et
1484 2739 1610 2793 causas
1622 2716 1808 2822 predictas
1825 2714 2130 2823 ac·piuresalias‚
2148 2713 2286 2792 dictam

863 2843 1158 2950 appellacionem
1179 2871 1284 2922 suam
1302 2872 1371 2952 per
1386 2873 1458 2923 nos
1469 2845 1610 2952 justam
1628 2846 1887 2954 pronunciari,
1910 2863 1948 2924 et
1965 2874 2034 2954 per
2053 2844 2175 2923 dictos
2186 2873 2289 2923 com·

861 2974 1052 3053 mimarios
1078 2977 1368 3084 pronunciatum
1395 2994 1433 3054 et
1456 2996 1679 3086 preceptum
1706 2979 1822 3058 finisse
1848 3005 2046 3088 perperam
2073 2993 2113 3054 et
2138 2976 2286 3083 iniquum

861 3125 1104 3211 procuratore
1134 3106 1323 3184 dictorum
1353 3107 1620 3212 religiosorum
1652 3110 1827 3214 pluribus
1859 3110 1979 3186 causis
2005 3125 2047 3186 et
2070 3106 2289 3185 racionibus

864 3238 1093 3314 contrarium
1113 3254 1298 3312 asserente
1320 3253 1357 3310 et
1376 3253 1527 3339 petente
1545 3269 1553 3312 :
1571 3238 1762 3330 Tandem,
1788 3238 1864 3313 visa
1887 3240 2061 3342 inqneata
2078 3262 2195 3341 super
2213 3237 2287 3313 hoc

862 3365 910 3440 de
930 3364 1105 3439 mandato
1122 3380 1253 3439 nestro
1272 3362 1382 3452 faeta,
1401 3364 1493 3470 quia
1513 3365 1708 3440 inuentum
1722 3364 1795 3441 fnit
1813 3381 2095 3470 procuratorem
2110 3364 2201 3441 dicti
2219 3392 2285 3441 co·

862 3492 964 3568 mitis
977 3492 1093 3570 dictas
1105 3493 1274 3570 raciones
1289 3509 1333 3569 et
1342 3513 1469 3568 causas
1484 3512 1523 3570 et
1536 3493 1664 3599 piures
1678 3494 1784 3585 alias,
1803 3510 1890 3571 ante
1908 3493 2046 3572 dictam
2061 3493 2287 3599 pronuncia-

864 3626 1010 3704 cionem
1037 3642 1075 3704 et
1094 3641 1333 3730 preceptum,
1357 3649 1481 3699 coram
1506 3623 1617 3701 dictis
1638 3623 1904 3701 commissoriis
1922 3621 2160 3729 propemaisse
2181 3638 2219 3700 et
2242 3651 2284 3699 se

863 3783 924 3832 eas
941 3754 1169 3834 sufficienter
1186 3753 1432 3860 probaturum
1451 3752 1654 3844 obtulisse,
1673 3781 1742 3831 uec
1759 3754 1884 3862 ipsum
1901 3752 1954 3832 ud
1972 3781 2033 3830 eas
2045 3751 2284 3859 probandum

861 3887 975 3967 fuisse
996 3886 1218 3977 admissum,
1243 3911 1312 3990 per
1331 3884 1434 3960 curie
1456 3900 1583 3961 nostre
1596 3883 1803 3990 judicium,
1818 3883 2112 3988 pronunciatum
2127 3881 2199 3959 fuit
2218 3911 2287 3989 per

862 4018 982 4096 dictos
1008 4016 1284 4095 commissarios
1305 4012 1405 4094 mate
1426 4014 1716 4121 pronuntiatum
1743 4031 1781 4092 et
1796 4031 2023 4124 preceptum
2050 4014 2181 4106 fuisse,
2209 4013 2287 4090 dic·

860 4169 1020 4256 tumque
1035 4165 1315 4256 procuratorem
1326 4147 1428 4254 juste
1450 4163 1487 4224 et
1508 4145 1691 4256 legittime
1712 4143 1929 4256 appellatas&⁹
2319 4147 2325 4156 ’

918 4409 1074 4487 XXXIV.
1106 4411 1277 4516 inquestn
1303 4431 1418 4516 super
1443 4407 1684 4486 excusatione
1703 4406 1851 4486 domini
1878 4408 1925 4485 de
1950 4409 2119 4516 Muignuc
2138 4425 2179 4485 et
2203 4408 2284 4512 ejus

859 4536 1046 4629 filiorum,
1068 4556 1197 4615 contra
1215 4540 1389 4616 abbatem
1411 4557 1447 4615 et
1464 4538 1673 4646 capitulum
1692 4539 1961 4625 bauwarum,
1977 4538 2144 4646 judicate
2164 4553 2202 4612 et
2219 4563 2282 4612 ex-

861 4669 1004 4773 pedita,
1016 4686 1133 4774 prout
1146 4669 1363 4746 continetur
1378 4692 1504 4772 supra,
1523 4670 1562 4745 in
1578 4669 1677 4750 libro
1688 4670 1945 4759 dumetorum,
1956 4670 1994 4745 in
2004 4665 2173 4745 mcundo
2186 4663 2278 4739 folio

860 4799 959 4890 libri,
977 4800 1016 4879 in
1036 4815 1167 4904 quarta
1181 4797 1313 4919 pagina
1335 4794 1425 4876 dicti
1445 4796 1604 4908 iiheiu).

916 5061 1058 5141 XXXV.
1091 5059 1188 5138 Cum
1213 5061 1313 5138 inter
1340 5061 1525 5139 decanum
1554 5081 1597 5141 et
1621 5061 1826 5168 capitutum
1854 5060 2108 5150 Bebacenses‚
2139 5087 2183 5135 ex
2208 5085 2283 5134 una

860 5208 980 5297 parte,
1003 5208 1041 5268 et
1056 5189 1242 5269 dilectum
1261 5191 1421 5268 militem
1437 5209 1610 5271 nostrum
1630 5190 1877 5299 Reginnldum
1898 5187 2076 5297 deTrya,
2094 5188 2280 5276 exaltem,
2365 5215 2369 5221 ·

861 5322 1059 5403 contencio
1072 5339 1281 5400 verteretur
1301 5351 1413 5430 snper
1433 5324 1604 5432 eoquod
1619 5323 1708 5400 dicti
1730 5321 1894 5399 decanus
1911 5338 1950 5399 et
1964 5320 2172 5428 capitatum
2185 5347 2285 5397 asae·

862 5455 996 5538 rebant
1024 5483 1064 5533 se
1084 5483 1164 5534 esse
1187 5456 1227 5534 in
1254 5453 1386 5533 saisina
1413 5456 1634 5533 omnimode
1653 5451 1802 5562 justicie
1824 5452 1863 5530 in
1881 5452 1980 5530 villis
1999 5451 2047 5530 de
2072 5453 2285 5530 beaucourt
