<?xml version="1.0" encoding="UTF-8"?>
<!DOCTYPE html PUBLIC "-//W3C//DTD XHTML 1.0 Transitional//EN"
    "http://www.w3.org/TR/xhtml1/DTD/xhtml1-transitional.dtd">
<html xmlns="http://www.w3.org/1999/xhtml" xml:lang="en" lang="en">
 <head>
  <title>
</title>
<meta http-equiv="Content-Type" content="text/html;charset=utf-8" />
  <meta name='ocr-system' content='tesseract 3.04.00' />
  <meta name='ocr-capabilities' content='ocr_page ocr_carea ocr_par ocr_line ocrx_word'/>
</head>
<body>
  <div class='ocr_page' id='page_1' title='image "./lesolimouregist00pargoog_0657.png"; bbox 0 0 5817 7292; ppageno 0'>
   <div class='ocr_carea' id='block_1_1' title="bbox 1010 1090 2012 1201">
    <p class='ocr_par' dir='ltr' id='par_1_1' title="bbox 1010 1090 2012 1201">
     <span class='ocr_line' id='line_1_1' title="bbox 1010 1090 2012 1201; baseline 0.012 -20"><span class='ocrx_word' id='word_1_1' title='bbox 1010 1090 1277 1201; x_wconf 74' lang='lat' dir='ltr'><strong>evocares</strong></span> <span class='ocrx_word' id='word_1_2' title='bbox 1303 1112 1367 1183; x_wconf 86' lang='lat' dir='ltr'><strong>nr</strong></span> <span class='ocrx_word' id='word_1_3' title='bbox 1393 1094 1598 1187; x_wconf 76' lang='lat' dir='ltr'><strong>Procas.</strong></span> <span class='ocrx_word' id='word_1_4' title='bbox 1938 1118 2012 1193; x_wconf 91' lang='lat'><strong>555</strong></span> 
     </span>
    </p>
   </div>
   <div class='ocr_carea' id='block_1_2' title="bbox 592 1250 2238 3414">
    <p class='ocr_par' dir='ltr' id='par_1_2' title="bbox 592 1250 2238 3049">
     <span class='ocr_line' id='line_1_2' title="bbox 594 1250 2238 1362; baseline 0.005 -39"><span class='ocrx_word' id='word_1_5' title='bbox 594 1274 671 1325; x_wconf 87' lang='lat' dir='ltr'><strong>una</strong></span> <span class='ocrx_word' id='word_1_6' title='bbox 689 1264 809 1351; x_wconf 88' lang='lat' dir='ltr'><strong>parte,</strong></span> <span class='ocrx_word' id='word_1_7' title='bbox 826 1265 864 1326; x_wconf 88' lang='lat' dir='ltr'><strong>et</strong></span> <span class='ocrx_word' id='word_1_8' title='bbox 874 1250 1128 1331; x_wconf 79' lang='lat' dir='ltr'><strong>llcncencium</strong></span> <span class='ocrx_word' id='word_1_9' title='bbox 1142 1251 1329 1342; x_wconf 86' lang='lat' dir='ltr'><strong>Bernerii,</strong></span> <span class='ocrx_word' id='word_1_10' title='bbox 1343 1252 1550 1331; x_wconf 85' lang='lat' dir='ltr'><strong>Felisetum</strong></span> <span class='ocrx_word' id='word_1_11' title='bbox 1562 1253 1768 1333; x_wconf 84' lang='lat' dir='ltr'><strong>Clementis</strong></span> <span class='ocrx_word' id='word_1_12' title='bbox 1775 1272 1818 1331; x_wconf 88' lang='grc'><strong>55</strong></span> <span class='ocrx_word' id='word_1_13' title='bbox 1828 1256 2013 1362; x_wconf 87' lang='lat' dir='ltr'><strong>quosdam</strong></span> <span class='ocrx_word' id='word_1_14' title='bbox 2051 1268 2182 1326; x_wconf 69' lang='lat' dir='ltr'><strong>mnan</strong></span> <span class='ocrx_word' id='word_1_15' title='bbox 2192 1269 2238 1331; x_wconf 76' lang='lat' dir='ltr'><strong>tt.</strong></span> 
     </span>
     <span class='ocr_line' id='line_1_3' title="bbox 592 1364 2177 1491; baseline 0.009 -37"><span class='ocrx_word' id='word_1_16' title='bbox 592 1378 688 1455; x_wconf 88' lang='lat' dir='ltr'><strong>alios</strong></span> <span class='ocrx_word' id='word_1_17' title='bbox 701 1378 1050 1484; x_wconf 72' lang='lat' dir='ltr'><strong>deCerasariissibi</strong></span> <span class='ocrx_word' id='word_1_18' title='bbox 1068 1383 1311 1473; x_wconf 78' lang='lat' dir='ltr'><strong>adherentes,</strong></span> <span class='ocrx_word' id='word_1_19' title='bbox 1327 1412 1372 1461; x_wconf 81' lang='lat' dir='ltr'><strong>cx</strong></span> <span class='ocrx_word' id='word_1_20' title='bbox 1386 1383 1518 1473; x_wconf 88' lang='lat' dir='ltr'><strong>altera,</strong></span> <span class='ocrx_word' id='word_1_21' title='bbox 1538 1412 1651 1491; x_wconf 83' lang='lat' dir='ltr'><strong>super</strong></span> <span class='ocrx_word' id='word_1_22' title='bbox 1666 1384 1834 1490; x_wconf 87' lang='lat' dir='ltr'><strong>quodam</strong></span> <span class='ocrx_word' id='word_1_23' title='bbox 1845 1384 2013 1490; x_wconf 81' lang='lat' dir='ltr'><strong>judicato</strong></span> <span class='ocrx_word' id='word_1_24' title='bbox 2113 1364 2177 1407; x_wconf 57' lang='grc' dir='ltr'><strong>Μ’</strong></span> 
     </span>
     <span class='ocr_line' id='line_1_4' title="bbox 594 1510 2015 1621; baseline 0.005 -34"><span class='ocrx_word' id='word_1_25' title='bbox 594 1536 662 1615; x_wconf 87' lang='lat' dir='ltr'><strong>per</strong></span> <span class='ocrx_word' id='word_1_26' title='bbox 680 1510 824 1589; x_wconf 90' lang='lat' dir='ltr'><strong>dictum</strong></span> <span class='ocrx_word' id='word_1_27' title='bbox 846 1512 1041 1605; x_wconf 78' lang='lat' dir='ltr'>ballivum,</span> <span class='ocrx_word' id='word_1_28' title='bbox 1063 1531 1106 1592; x_wconf 90' lang='lat' dir='ltr'><strong>ut</strong></span> <span class='ocrx_word' id='word_1_29' title='bbox 1124 1513 1278 1601; x_wconf 87' lang='lat' dir='ltr'><strong>dicitur,</strong></span> <span class='ocrx_word' id='word_1_30' title='bbox 1298 1515 1385 1593; x_wconf 85' lang='lat' dir='ltr'><strong>dato</strong></span> <span class='ocrx_word' id='word_1_31' title='bbox 1406 1534 1534 1594; x_wconf 84' lang='lat' dir='ltr'><strong>contra</strong></span> <span class='ocrx_word' id='word_1_32' title='bbox 1553 1516 1674 1594; x_wconf 86' lang='lat' dir='ltr'><strong>dictos</strong></span> <span class='ocrx_word' id='word_1_33' title='bbox 1697 1514 1877 1595; x_wconf 86' lang='lat' dir='ltr'><strong>homines·</strong></span> <span class='ocrx_word' id='word_1_34' title='bbox 1890 1534 1930 1593; x_wconf 88' lang='lat' dir='ltr'><strong>et</strong></span> <span class='ocrx_word' id='word_1_35' title='bbox 1946 1546 2015 1621; x_wconf 90' lang='lat' dir='ltr'><strong>pro</strong></span> 
     </span>
     <span class='ocr_line' id='line_1_5' title="bbox 595 1639 2016 1754; baseline 0.007 -37"><span class='ocrx_word' id='word_1_36' title='bbox 595 1639 697 1717; x_wconf 91' lang='lat' dir='ltr'><strong>dicto</strong></span> <span class='ocrx_word' id='word_1_37' title='bbox 714 1661 955 1749; x_wconf 77' lang='lat' dir='ltr'>preceptore,</span> <span class='ocrx_word' id='word_1_38' title='bbox 975 1644 1069 1723; x_wconf 84' lang='lat' dir='ltr'><strong>lacta</strong></span> <span class='ocrx_word' id='word_1_39' title='bbox 1087 1644 1160 1724; x_wconf 84' lang='lat' dir='ltr'><strong>suit</strong></span> <span class='ocrx_word' id='word_1_40' title='bbox 1177 1674 1291 1754; x_wconf 87' lang='lat' dir='ltr'><strong>super</strong></span> <span class='ocrx_word' id='word_1_41' title='bbox 1307 1645 1380 1724; x_wconf 91' lang='lat' dir='ltr'><strong>boc</strong></span> <span class='ocrx_word' id='word_1_42' title='bbox 1397 1648 1612 1727; x_wconf 72' lang='lat' dir='ltr'><strong>commissio</strong></span> <span class='ocrx_word' id='word_1_43' title='bbox 1628 1676 1696 1753; x_wconf 86' lang='lat' dir='ltr'><strong>per</strong></span> <span class='ocrx_word' id='word_1_44' title='bbox 1714 1664 1860 1726; x_wconf 87' lang='lat' dir='ltr'><strong>nostras</strong></span> <span class='ocrx_word' id='word_1_45' title='bbox 1873 1646 2016 1727; x_wconf 81' lang='lat' dir='ltr'><strong>litteras</strong></span> 
     </span>
     <span class='ocr_line' id='line_1_6' title="bbox 595 1772 2017 1882; baseline 0.004 -35"><span class='ocrx_word' id='word_1_46' title='bbox 595 1772 705 1849; x_wconf 88' lang='lat' dir='ltr'><strong>certis</strong></span> <span class='ocrx_word' id='word_1_47' title='bbox 724 1772 974 1864; x_wconf 84' lang='lat' dir='ltr'><strong>auditoribus,</strong></span> <span class='ocrx_word' id='word_1_48' title='bbox 1002 1774 1050 1851; x_wconf 90' lang='lat' dir='ltr'><strong>ad</strong></span> <span class='ocrx_word' id='word_1_49' title='bbox 1076 1776 1337 1882; x_wconf 88' lang='lat' dir='ltr'><strong>recipiendum</strong></span> <span class='ocrx_word' id='word_1_50' title='bbox 1356 1794 1395 1853; x_wconf 90' lang='lat' dir='ltr'><strong>et</strong></span> <span class='ocrx_word' id='word_1_51' title='bbox 1414 1777 1703 1857; x_wconf 82' lang='lat' dir='ltr'><strong>examinandum</strong></span> <span class='ocrx_word' id='word_1_52' title='bbox 1726 1793 1840 1855; x_wconf 83' lang='lat' dir='ltr'><strong>testes</strong></span> <span class='ocrx_word' id='word_1_53' title='bbox 1861 1775 1901 1851; x_wconf 91' lang='lat' dir='ltr'><strong>in</strong></span> <span class='ocrx_word' id='word_1_54' title='bbox 1918 1776 2017 1855; x_wconf 87' lang='lat' dir='ltr'><strong>dicta</strong></span> 
     </span>
     <span class='ocr_line' id='line_1_7' title="bbox 594 1902 2018 2013; baseline 0.006 -36"><span class='ocrx_word' id='word_1_55' title='bbox 594 1930 718 1991; x_wconf 90' lang='lat' dir='ltr'><strong>causa,</strong></span> <span class='ocrx_word' id='word_1_56' title='bbox 730 1902 837 1981; x_wconf 89' lang='lat' dir='ltr'><strong>nulla</strong></span> <span class='ocrx_word' id='word_1_57' title='bbox 850 1903 1052 1995; x_wconf 78' lang='lat' dir='ltr'><strong>mensione</strong></span> <span class='ocrx_word' id='word_1_58' title='bbox 1063 1903 1157 1981; x_wconf 85' lang='grc'>15555</span> <span class='ocrx_word' id='word_1_59' title='bbox 1168 1904 1215 1983; x_wconf 92' lang='grc'><strong>(15</strong></span> <span class='ocrx_word' id='word_1_60' title='bbox 1230 1906 1331 1983; x_wconf 90' lang='lat' dir='ltr'><strong>dicto</strong></span> <span class='ocrx_word' id='word_1_61' title='bbox 1343 1904 1500 1995; x_wconf 83' lang='lat' dir='ltr'><strong>ballivc;</strong></span> <span class='ocrx_word' id='word_1_62' title='bbox 1515 1906 1724 2013; x_wconf 83' lang='lat' dir='ltr'><strong>eademque</strong></span> <span class='ocrx_word' id='word_1_63' title='bbox 1734 1903 1796 1982; x_wconf 88' lang='lat' dir='ltr'><strong>dic</strong></span> <span class='ocrx_word' id='word_1_64' title='bbox 1808 1904 1906 1983; x_wconf 89' lang='lat' dir='ltr'><strong>dicta</strong></span> <span class='ocrx_word' id='word_1_65' title='bbox 1920 1935 2018 1985; x_wconf 89' lang='lat' dir='ltr'><strong>com·</strong></span> 
     </span>
     <span class='ocr_line' id='line_1_8' title="bbox 595 2032 2019 2141; baseline 0.006 -34"><span class='ocrx_word' id='word_1_66' title='bbox 595 2032 723 2109; x_wconf 87' lang='lat' dir='ltr'><strong>missio</strong></span> <span class='ocrx_word' id='word_1_67' title='bbox 747 2033 889 2111; x_wconf 86' lang='lat' dir='ltr'><strong>eisdem</strong></span> <span class='ocrx_word' id='word_1_68' title='bbox 918 2032 1155 2113; x_wconf 75' lang='lat' dir='ltr'><strong>auditoribus</strong></span> <span class='ocrx_word' id='word_1_69' title='bbox 1178 2054 1350 2113; x_wconf 87' lang='lat' dir='ltr'><strong>renovata</strong></span> <span class='ocrx_word' id='word_1_70' title='bbox 1376 2036 1463 2126; x_wconf 85' lang='lat' dir='ltr'><strong>fuit,</strong></span> <span class='ocrx_word' id='word_1_71' title='bbox 1489 2052 1645 2141; x_wconf 83' lang='lat' dir='ltr'><strong>propter</strong></span> <span class='ocrx_word' id='word_1_72' title='bbox 1671 2035 1911 2115; x_wconf 88' lang='lat' dir='ltr'><strong>addicionem</strong></span> <span class='ocrx_word' id='word_1_73' title='bbox 1939 2036 2019 2116; x_wconf 90' lang='lat' dir='ltr'><strong>bal·</strong></span> 
     </span>
     <span class='ocr_line' id='line_1_9' title="bbox 592 2160 2015 2275; baseline 0.008 -40"><span class='ocrx_word' id='word_1_74' title='bbox 592 2160 672 2249; x_wconf 87' lang='lat' dir='ltr'><strong>livi,</strong></span> <span class='ocrx_word' id='word_1_75' title='bbox 694 2180 840 2267; x_wconf 83' lang='lat' dir='ltr'><strong>partem</strong></span> <span class='ocrx_word' id='word_1_76' title='bbox 852 2193 939 2243; x_wconf 86' lang='lat' dir='ltr'><strong>cum</strong></span> <span class='ocrx_word' id='word_1_77' title='bbox 958 2164 1060 2243; x_wconf 91' lang='lat' dir='ltr'><strong>dicto</strong></span> <span class='ocrx_word' id='word_1_78' title='bbox 1076 2182 1297 2272; x_wconf 86' lang='lat' dir='ltr'><strong>preceptore</strong></span> <span class='ocrx_word' id='word_1_79' title='bbox 1313 2164 1499 2256; x_wconf 79' lang='lat' dir='ltr'><strong>facientis,</strong></span> <span class='ocrx_word' id='word_1_80' title='bbox 1515 2167 1554 2243; x_wconf 90' lang='lat' dir='ltr'><strong>in</strong></span> <span class='ocrx_word' id='word_1_81' title='bbox 1568 2184 1754 2272; x_wconf 82' lang='lat' dir='ltr'><strong>quantum</strong></span> <span class='ocrx_word' id='word_1_82' title='bbox 1772 2196 1860 2243; x_wconf 88' lang='lat' dir='ltr'><strong>eum</strong></span> <span class='ocrx_word' id='word_1_83' title='bbox 1875 2170 2015 2275; x_wconf 80' lang='lat' dir='ltr'><strong>tangit:</strong></span> 
     </span>
     <span class='ocr_line' id='line_1_10' title="bbox 593 2280 2017 2403; baseline 0.006 -35"><span class='ocrx_word' id='word_1_84' title='bbox 593 2280 759 2399; x_wconf 84' lang='lat' dir='ltr'><strong>Visaque</strong></span> <span class='ocrx_word' id='word_1_85' title='bbox 773 2293 872 2370; x_wconf 78' lang='lat' dir='ltr'><strong>dicta</strong></span> <span class='ocrx_word' id='word_1_86' title='bbox 893 2294 1082 2401; x_wconf 82' lang='lat' dir='ltr'><strong>inqueste,</strong></span> <span class='ocrx_word' id='word_1_87' title='bbox 1107 2296 1194 2401; x_wconf 91' lang='lat' dir='ltr'><strong>quia</strong></span> <span class='ocrx_word' id='word_1_88' title='bbox 1212 2314 1405 2403; x_wconf 84' lang='lat' dir='ltr'><strong>repertum</strong></span> <span class='ocrx_word' id='word_1_89' title='bbox 1433 2314 1492 2373; x_wconf 87' lang='lat' dir='ltr'><strong>cst</strong></span> <span class='ocrx_word' id='word_1_90' title='bbox 1511 2297 1631 2375; x_wconf 85' lang='lat' dir='ltr'><strong>dictos</strong></span> <span class='ocrx_word' id='word_1_91' title='bbox 1650 2297 1861 2385; x_wconf 79' lang='lat' dir='ltr'><strong>auditores,</strong></span> <span class='ocrx_word' id='word_1_92' title='bbox 1882 2298 2017 2377; x_wconf 84' lang='lat' dir='ltr'><strong>virtute</strong></span> 
     </span>
     <span class='ocr_line' id='line_1_11' title="bbox 595 2422 2018 2529; baseline 0.005 -31"><span class='ocrx_word' id='word_1_93' title='bbox 595 2422 781 2500; x_wconf 91' lang='lat' dir='ltr'><strong>dictarum</strong></span> <span class='ocrx_word' id='word_1_94' title='bbox 799 2424 968 2529; x_wconf 85' lang='lat' dir='ltr'><strong>priorum</strong></span> <span class='ocrx_word' id='word_1_95' title='bbox 988 2426 1199 2506; x_wconf 81' lang='lat' dir='ltr'><strong>litterarum</strong></span> <span class='ocrx_word' id='word_1_96' title='bbox 1216 2444 1429 2505; x_wconf 89' lang='lat' dir='ltr'><strong>nostrarum</strong></span> <span class='ocrx_word' id='word_1_97' title='bbox 1448 2456 1523 2503; x_wconf 91' lang='lat' dir='ltr'><strong>non</strong></span> <span class='ocrx_word' id='word_1_98' title='bbox 1538 2426 1763 2507; x_wconf 81' lang='lat' dir='ltr'><strong>laciencium</strong></span> <span class='ocrx_word' id='word_1_99' title='bbox 1780 2428 2018 2507; x_wconf 84' lang='lat' dir='ltr'><strong>mencionem</strong></span> 
     </span>
     <span class='ocr_line' id='line_1_12' title="bbox 596 2554 2019 2664; baseline 0.006 -34"><span class='ocrx_word' id='word_1_100' title='bbox 596 2554 642 2631; x_wconf 89' lang='lat' dir='ltr'><strong>dc</strong></span> <span class='ocrx_word' id='word_1_101' title='bbox 670 2555 770 2631; x_wconf 87' lang='lat' dir='ltr'><strong>dicto</strong></span> <span class='ocrx_word' id='word_1_102' title='bbox 795 2554 943 2643; x_wconf 88' lang='lat' dir='ltr'><strong>ballivo,</strong></span> <span class='ocrx_word' id='word_1_103' title='bbox 968 2557 1206 2660; x_wconf 84' lang='lat' dir='ltr'><strong>processisse,</strong></span> <span class='ocrx_word' id='word_1_104' title='bbox 1233 2586 1303 2634; x_wconf 90' lang='lat' dir='ltr'><strong>nec</strong></span> <span class='ocrx_word' id='word_1_105' title='bbox 1327 2575 1479 2664; x_wconf 89' lang='lat' dir='ltr'><strong>apparet</strong></span> <span class='ocrx_word' id='word_1_106' title='bbox 1497 2558 1621 2664; x_wconf 90' lang='lat' dir='ltr'><strong>ipsum</strong></span> <span class='ocrx_word' id='word_1_107' title='bbox 1643 2557 1824 2635; x_wconf 79' lang='lat' dir='ltr'><strong>ballivum</strong></span> <span class='ocrx_word' id='word_1_108' title='bbox 1849 2576 2019 2637; x_wconf 89' lang='lat' dir='ltr'><strong>vocatum</strong></span> 
     </span>
     <span class='ocr_line' id='line_1_13' title="bbox 595 2684 2154 2801; baseline 0.004 -41"><span class='ocrx_word' id='word_1_109' title='bbox 595 2684 721 2771; x_wconf 88' lang='lat' dir='ltr'><strong>luisse,</strong></span> <span class='ocrx_word' id='word_1_110' title='bbox 736 2713 805 2790; x_wconf 89' lang='lat' dir='ltr'><strong>per</strong></span> <span class='ocrx_word' id='word_1_111' title='bbox 817 2686 919 2762; x_wconf 90' lang='lat' dir='ltr'><strong>curie</strong></span> <span class='ocrx_word' id='word_1_112' title='bbox 933 2702 1059 2762; x_wconf 89' lang='lat' dir='ltr'><strong>nostre</strong></span> <span class='ocrx_word' id='word_1_113' title='bbox 1065 2686 1272 2792; x_wconf 88' lang='lat' dir='ltr'><strong>judicium,</strong></span> <span class='ocrx_word' id='word_1_114' title='bbox 1285 2685 1382 2763; x_wconf 85' lang='lat' dir='ltr'><strong>dicta</strong></span> <span class='ocrx_word' id='word_1_115' title='bbox 1395 2689 1569 2794; x_wconf 89' lang='lat' dir='ltr'><strong>inquesta</strong></span> <span class='ocrx_word' id='word_1_116' title='bbox 1580 2688 1653 2764; x_wconf 87' lang='lat' dir='ltr'><strong>fuit</strong></span> <span class='ocrx_word' id='word_1_117' title='bbox 1663 2686 1829 2765; x_wconf 87' lang='lat' dir='ltr'><strong>totaliter</strong></span> <span class='ocrx_word' id='word_1_118' title='bbox 1841 2688 2016 2780; x_wconf 75' lang='lat' dir='ltr'><strong>scollata,</strong></span> <span class='ocrx_word' id='word_1_119' title='bbox 2143 2786 2154 2801; x_wconf 85' lang='lat'><strong>.</strong></span> 
     </span>
     <span class='ocr_line' id='line_1_14' title="bbox 596 2813 2021 2924; baseline 0.004 -34"><span class='ocrx_word' id='word_1_120' title='bbox 596 2831 635 2891; x_wconf 87' lang='grc'><strong>55</strong></span> <span class='ocrx_word' id='word_1_121' title='bbox 648 2814 793 2895; x_wconf 88' lang='lat' dir='ltr'><strong>dictum</strong></span> <span class='ocrx_word' id='word_1_122' title='bbox 806 2813 878 2891; x_wconf 86' lang='lat' dir='ltr'><strong>luit</strong></span> <span class='ocrx_word' id='word_1_123' title='bbox 888 2813 1011 2920; x_wconf 89' lang='lat' dir='ltr'><strong>quod,</strong></span> <span class='ocrx_word' id='word_1_124' title='bbox 1026 2814 1075 2892; x_wconf 89' lang='lat' dir='ltr'><strong>de</strong></span> <span class='ocrx_word' id='word_1_125' title='bbox 1088 2842 1202 2905; x_wconf 90' lang='lat' dir='ltr'><strong>novo,</strong></span> <span class='ocrx_word' id='word_1_126' title='bbox 1219 2815 1280 2893; x_wconf 91' lang='lat' dir='ltr'><strong>alii</strong></span> <span class='ocrx_word' id='word_1_127' title='bbox 1295 2816 1578 2924; x_wconf 85' lang='lat' dir='ltr'><strong>deputabuntur</strong></span> <span class='ocrx_word' id='word_1_128' title='bbox 1589 2817 1782 2897; x_wconf 80' lang='lat' dir='ltr'><strong>auditores</strong></span> <span class='ocrx_word' id='word_1_129' title='bbox 1793 2817 1842 2893; x_wconf 90' lang='lat' dir='ltr'><strong>ad</strong></span> <span class='ocrx_word' id='word_1_130' title='bbox 1854 2816 2021 2896; x_wconf 86' lang='lat' dir='ltr'><strong>reficien-</strong></span> 
     </span>
     <span class='ocr_line' id='line_1_15' title="bbox 597 2942 1162 3049; baseline 0.004 -30"><span class='ocrx_word' id='word_1_131' title='bbox 597 2943 689 3020; x_wconf 92' lang='lat' dir='ltr'><strong>dum</strong></span> <span class='ocrx_word' id='word_1_132' title='bbox 715 2944 925 3049; x_wconf 88' lang='lat' dir='ltr'><strong>inquestam</strong></span> <span class='ocrx_word' id='word_1_133' title='bbox 944 2942 1162 3049; x_wconf 85' lang='lat' dir='ltr'><strong>predictam.</strong></span> 
     </span>
    </p>

    <p class='ocr_par' dir='ltr' id='par_1_3' title="bbox 652 3073 1525 3179">
     <span class='ocr_line' id='line_1_16' title="bbox 652 3073 1525 3179; baseline 0 -26"><span class='ocrx_word' id='word_1_134' title='bbox 652 3073 781 3153; x_wconf 87' lang='lat' dir='ltr'><strong>Martis</strong></span> <span class='ocrx_word' id='word_1_135' title='bbox 805 3090 890 3179; x_wconf 90' lang='lat' dir='ltr'><strong>post</strong></span> <span class='ocrx_word' id='word_1_136' title='bbox 912 3074 1260 3153; x_wconf 79' lang='lat' dir='ltr'><strong>Annunciacionem</strong></span> <span class='ocrx_word' id='word_1_137' title='bbox 1286 3077 1525 3155; x_wconf 87' lang='lat' dir='ltr'><strong>dominicam.</strong></span> 
     </span>
    </p>

    <p class='ocr_par' dir='ltr' id='par_1_4' title="bbox 650 3202 1147 3312">
     <span class='ocr_line' id='line_1_17' title="bbox 650 3202 1147 3312; baseline -0.002 -31"><span class='ocrx_word' id='word_1_138' title='bbox 650 3205 689 3281; x_wconf 89' lang='lat' dir='ltr'><strong>P.</strong></span> <span class='ocrx_word' id='word_1_139' title='bbox 712 3206 877 3312; x_wconf 83' lang='lat' dir='ltr'><strong>Mangon</strong></span> <span class='ocrx_word' id='word_1_140' title='bbox 896 3202 1147 3312; x_wconf 73' lang='lat' dir='ltr'><strong>[reportavitl.</strong></span> 
     </span>
    </p>

    <p class='ocr_par' dir='ltr' id='par_1_5' title="bbox 651 3333 1165 3414">
     <span class='ocr_line' id='line_1_18' title="bbox 651 3333 1165 3414; baseline 0.004 -3"><span class='ocrx_word' id='word_1_141' title='bbox 651 3336 806 3413; x_wconf 86' lang='lat' dir='ltr'><strong>Tradita</strong></span> <span class='ocrx_word' id='word_1_142' title='bbox 824 3333 897 3413; x_wconf 83' lang='lat' dir='ltr'><strong>fuit</strong></span> <span class='ocrx_word' id='word_1_143' title='bbox 916 3334 1165 3414; x_wconf 87' lang='lat' dir='ltr'><strong>auditoribus.</strong></span> 
     </span>
    </p>
   </div>
   <div class='ocr_carea' id='block_1_3' title="bbox 597 3594 2023 4883">
    <p class='ocr_par' dir='ltr' id='par_1_6' title="bbox 597 3594 2023 4883">
     <span class='ocr_line' id='line_1_19' title="bbox 652 3594 2021 3705; baseline 0.003 -30"><span class='ocrx_word' id='word_1_144' title='bbox 652 3600 693 3675; x_wconf 92' lang='lat' dir='ltr'><strong>L.</strong></span> <span class='ocrx_word' id='word_1_145' title='bbox 725 3598 824 3677; x_wconf 89' lang='lat' dir='ltr'><strong>Cum</strong></span> <span class='ocrx_word' id='word_1_146' title='bbox 844 3599 1076 3681; x_wconf 73' lang='lat' dir='ltr'><strong>llencencius</strong></span> <span class='ocrx_word' id='word_1_147' title='bbox 1094 3600 1281 3690; x_wconf 88' lang='lat' dir='ltr'><strong>Bemerii,</strong></span> <span class='ocrx_word' id='word_1_148' title='bbox 1300 3594 1714 3679; x_wconf 73' lang='lat' dir='ltr'><strong>&#39;Fetiaetusctemeatis</strong></span> <span class='ocrx_word' id='word_1_149' title='bbox 1733 3616 1772 3677; x_wconf 85' lang='lat' dir='ltr'><strong>et</strong></span> <span class='ocrx_word' id='word_1_150' title='bbox 1788 3600 1944 3705; x_wconf 86' lang='lat' dir='ltr'><strong>quidam</strong></span> <span class='ocrx_word' id='word_1_151' title='bbox 1958 3601 2021 3681; x_wconf 89' lang='lat' dir='ltr'><strong>alii</strong></span> 
     </span>
     <span class='ocr_line' id='line_1_20' title="bbox 597 3728 2022 3835; baseline 0.005 -31"><span class='ocrx_word' id='word_1_152' title='bbox 597 3729 644 3805; x_wconf 91' lang='grc'><strong>(15</strong></span> <span class='ocrx_word' id='word_1_153' title='bbox 672 3728 872 3807; x_wconf 87' lang='lat' dir='ltr'><strong>Cerasariis</strong></span> <span class='ocrx_word' id='word_1_154' title='bbox 904 3728 976 3807; x_wconf 92' lang='lat' dir='ltr'><strong>sibi</strong></span> <span class='ocrx_word' id='word_1_155' title='bbox 1001 3728 1245 3819; x_wconf 85' lang='lat' dir='ltr'><strong>adherentes,</strong></span> <span class='ocrx_word' id='word_1_156' title='bbox 1273 3729 1313 3805; x_wconf 92' lang='lat' dir='ltr'><strong>in</strong></span> <span class='ocrx_word' id='word_1_157' title='bbox 1339 3756 1449 3807; x_wconf 88' lang='lat' dir='ltr'><strong>causa</strong></span> <span class='ocrx_word' id='word_1_158' title='bbox 1475 3730 1740 3835; x_wconf 89' lang='lat' dir='ltr'><strong>appellacicnis</strong></span> <span class='ocrx_word' id='word_1_159' title='bbox 1765 3729 1954 3835; x_wconf 74' lang='lat' dir='ltr'><strong>litigantes</strong></span> <span class='ocrx_word' id='word_1_160' title='bbox 1983 3735 2022 3811; x_wconf 89' lang='lat' dir='ltr'><strong>in</strong></span> 
     </span>
     <span class='ocr_line' id='line_1_21' title="bbox 599 3856 2022 3964; baseline 0.004 -32"><span class='ocrx_word' id='word_1_161' title='bbox 599 3856 702 3933; x_wconf 88' lang='lat' dir='ltr'><strong>curia</strong></span> <span class='ocrx_word' id='word_1_162' title='bbox 721 3872 847 3935; x_wconf 88' lang='lat' dir='ltr'><strong>nostra</strong></span> <span class='ocrx_word' id='word_1_163' title='bbox 864 3874 1271 3963; x_wconf 80' lang='lat' dir='ltr'><strong>conuapreceptorem</strong></span> <span class='ocrx_word' id='word_1_164' title='bbox 1287 3856 1489 3964; x_wconf 86' lang='lat' dir='ltr'><strong>Hospitalis</strong></span> <span class='ocrx_word' id='word_1_165' title='bbox 1508 3858 1557 3936; x_wconf 90' lang='grc'><strong>(15</strong></span> <span class='ocrx_word' id='word_1_166' title='bbox 1574 3856 1791 3945; x_wconf 88' lang='lat' dir='ltr'><strong>Cerasariis,</strong></span> <span class='ocrx_word' id='word_1_167' title='bbox 1807 3858 1919 3938; x_wconf 87' lang='lat' dir='ltr'><strong>nobis</strong></span> <span class='ocrx_word' id='word_1_168' title='bbox 1932 3860 2022 3938; x_wconf 87' lang='lat' dir='ltr'><strong>luis-</strong></span> 
     </span>
     <span class='ocr_line' id='line_1_22' title="bbox 599 3984 2022 4095; baseline 0.003 -32"><span class='ocrx_word' id='word_1_169' title='bbox 599 4002 683 4063; x_wconf 89' lang='lat' dir='ltr'><strong>sent</strong></span> <span class='ocrx_word' id='word_1_170' title='bbox 701 3987 895 4092; x_wconf 86' lang='lat' dir='ltr'><strong>conquesti</strong></span> <span class='ocrx_word' id='word_1_171' title='bbox 918 3986 966 4063; x_wconf 93' lang='lat' dir='ltr'><strong>de</strong></span> <span class='ocrx_word' id='word_1_172' title='bbox 991 3987 1093 4067; x_wconf 90' lang='lat' dir='ltr'><strong>dicto</strong></span> <span class='ocrx_word' id='word_1_173' title='bbox 1115 4003 1353 4093; x_wconf 87' lang='lat' dir='ltr'><strong>preceptore,</strong></span> <span class='ocrx_word' id='word_1_174' title='bbox 1369 4014 1485 4093; x_wconf 90' lang='lat' dir='ltr'><strong>super</strong></span> <span class='ocrx_word' id='word_1_175' title='bbox 1505 4015 1552 4065; x_wconf 89' lang='lat' dir='ltr'><strong>eo</strong></span> <span class='ocrx_word' id='word_1_176' title='bbox 1573 3986 1681 4093; x_wconf 88' lang='lat' dir='ltr'><strong>quod</strong></span> <span class='ocrx_word' id='word_1_177' title='bbox 1702 3984 1808 4067; x_wconf 83' lang='lat' dir='ltr'><strong>idem</strong></span> <span class='ocrx_word' id='word_1_178' title='bbox 1825 4006 2022 4095; x_wconf 82' lang='lat' dir='ltr'><strong>preceptor</strong></span> 
     </span>
     <span class='ocr_line' id='line_1_23' title="bbox 600 4116 2021 4226; baseline 0.006 -35"><span class='ocrx_word' id='word_1_179' title='bbox 600 4132 639 4192; x_wconf 90' lang='lat' dir='ltr'><strong>et</strong></span> <span class='ocrx_word' id='word_1_180' title='bbox 661 4118 742 4223; x_wconf 88' lang='lat' dir='ltr'><strong>ejus</strong></span> <span class='ocrx_word' id='word_1_181' title='bbox 761 4116 964 4222; x_wconf 87' lang='lat' dir='ltr'><strong>complices</strong></span> <span class='ocrx_word' id='word_1_182' title='bbox 984 4117 1202 4224; x_wconf 82' lang='lat' dir='ltr'><strong>magistrum</strong></span> <span class='ocrx_word' id='word_1_183' title='bbox 1220 4118 1457 4199; x_wconf 77' lang='lat' dir='ltr'><strong>bernardum</strong></span> <span class='ocrx_word' id='word_1_184' title='bbox 1475 4118 1524 4195; x_wconf 90' lang='grc'><strong>(15</strong></span> <span class='ocrx_word' id='word_1_185' title='bbox 1540 4117 1780 4226; x_wconf 74' lang='lat' dir='ltr'><strong>Villa-Regia,</strong></span> <span class='ocrx_word' id='word_1_186' title='bbox 1802 4120 2021 4199; x_wconf 84' lang='lat' dir='ltr'><strong>advocatum</strong></span> 
     </span>
     <span class='ocr_line' id='line_1_24' title="bbox 600 4247 2023 4357; baseline 0.007 -33"><span class='ocrx_word' id='word_1_187' title='bbox 600 4247 789 4326; x_wconf 88' lang='lat' dir='ltr'><strong>dictorum</strong></span> <span class='ocrx_word' id='word_1_188' title='bbox 811 4250 1147 4357; x_wconf 80' lang='lat' dir='ltr'><strong>conquerencium,</strong></span> <span class='ocrx_word' id='word_1_189' title='bbox 1163 4267 1208 4329; x_wconf 94' lang='lat' dir='ltr'><strong>ut</strong></span> <span class='ocrx_word' id='word_1_190' title='bbox 1223 4250 1374 4342; x_wconf 89' lang='lat' dir='ltr'><strong>dicitur,</strong></span> <span class='ocrx_word' id='word_1_191' title='bbox 1393 4250 1610 4331; x_wconf 83' lang='lat' dir='ltr'><strong>invaserunt</strong></span> <span class='ocrx_word' id='word_1_192' title='bbox 1625 4268 1666 4331; x_wconf 86' lang='lat' dir='ltr'><strong>et</strong></span> <span class='ocrx_word' id='word_1_193' title='bbox 1677 4252 1802 4331; x_wconf 88' lang='lat' dir='ltr'><strong>eidem</strong></span> <span class='ocrx_word' id='word_1_194' title='bbox 1814 4268 1934 4331; x_wconf 69' lang='lat' dir='ltr'><strong>tanus</strong></span> <span class='ocrx_word' id='word_1_195' title='bbox 1952 4254 2023 4334; x_wconf 87' lang='lat' dir='ltr'><strong>mi·</strong></span> 
     </span>
     <span class='ocr_line' id='line_1_25' title="bbox 601 4377 2021 4489; baseline 0.008 -37"><span class='ocrx_word' id='word_1_196' title='bbox 601 4404 666 4453; x_wconf 89' lang='lat' dir='ltr'><strong>nas</strong></span> <span class='ocrx_word' id='word_1_197' title='bbox 683 4377 893 4455; x_wconf 89' lang='lat' dir='ltr'><strong>intulerunt</strong></span> <span class='ocrx_word' id='word_1_198' title='bbox 916 4378 1022 4486; x_wconf 92' lang='lat' dir='ltr'><strong>quod</strong></span> <span class='ocrx_word' id='word_1_199' title='bbox 1039 4407 1116 4456; x_wconf 91' lang='lat' dir='ltr'><strong>non</strong></span> <span class='ocrx_word' id='word_1_200' title='bbox 1137 4378 1210 4457; x_wconf 85' lang='lat' dir='ltr'><strong>luit</strong></span> <span class='ocrx_word' id='word_1_201' title='bbox 1228 4406 1341 4459; x_wconf 88' lang='lat' dir='ltr'><strong>ausus</strong></span> <span class='ocrx_word' id='word_1_202' title='bbox 1360 4408 1497 4459; x_wconf 78' lang='lat' dir='ltr'><strong>coram</strong></span> <span class='ocrx_word' id='word_1_203' title='bbox 1509 4381 1761 4473; x_wconf 80' lang='lat' dir='ltr'><strong>auditoribus,</strong></span> <span class='ocrx_word' id='word_1_204' title='bbox 1787 4409 1856 4489; x_wconf 82' lang='lat' dir='ltr'><strong>per</strong></span> <span class='ocrx_word' id='word_1_205' title='bbox 1878 4384 2021 4463; x_wconf 84' lang='lat' dir='ltr'><strong>curiam</strong></span> 
     </span>
     <span class='ocr_line' id='line_1_26' title="bbox 600 4506 2022 4622; baseline 0.006 -39"><span class='ocrx_word' id='word_1_206' title='bbox 600 4524 764 4585; x_wconf 88' lang='lat' dir='ltr'><strong>nostram</strong></span> <span class='ocrx_word' id='word_1_207' title='bbox 780 4506 893 4595; x_wconf 89' lang='lat' dir='ltr'><strong>datis,</strong></span> <span class='ocrx_word' id='word_1_208' title='bbox 908 4507 947 4583; x_wconf 91' lang='lat' dir='ltr'><strong>in</strong></span> <span class='ocrx_word' id='word_1_209' title='bbox 961 4507 1059 4587; x_wconf 89' lang='lat' dir='ltr'><strong>dicta</strong></span> <span class='ocrx_word' id='word_1_210' title='bbox 1071 4508 1337 4617; x_wconf 86' lang='lat' dir='ltr'><strong>appellacicnis</strong></span> <span class='ocrx_word' id='word_1_211' title='bbox 1351 4538 1475 4599; x_wconf 85' lang='lat' dir='ltr'><strong>causa,</strong></span> <span class='ocrx_word' id='word_1_212' title='bbox 1489 4540 1558 4618; x_wconf 91' lang='lat' dir='ltr'><strong>pro</strong></span> <span class='ocrx_word' id='word_1_213' title='bbox 1574 4511 1684 4589; x_wconf 85' lang='lat' dir='ltr'><strong>dictis</strong></span> <span class='ocrx_word' id='word_1_214' title='bbox 1696 4512 1917 4591; x_wconf 88' lang='lat' dir='ltr'><strong>hominihus</strong></span> <span class='ocrx_word' id='word_1_215' title='bbox 1936 4544 2022 4622; x_wconf 90' lang='lat' dir='ltr'><strong>pos·</strong></span> 
     </span>
     <span class='ocr_line' id='line_1_27' title="bbox 601 4636 2023 4749; baseline 0.005 -35"><span class='ocrx_word' id='word_1_216' title='bbox 601 4636 737 4729; x_wconf 90' lang='lat' dir='ltr'><strong>tulare,</strong></span> <span class='ocrx_word' id='word_1_217' title='bbox 757 4668 849 4745; x_wconf 89' lang='lat' dir='ltr'><strong>que,</strong></span> <span class='ocrx_word' id='word_1_218' title='bbox 877 4638 908 4715; x_wconf 89' lang='lat' dir='ltr'><strong>si</strong></span> <span class='ocrx_word' id='word_1_219' title='bbox 933 4667 1016 4716; x_wconf 88' lang='lat' dir='ltr'><strong>vera</strong></span> <span class='ocrx_word' id='word_1_220' title='bbox 1041 4660 1183 4731; x_wconf 89' lang='lat' dir='ltr'><strong>essent,</strong></span> <span class='ocrx_word' id='word_1_221' title='bbox 1212 4643 1305 4723; x_wconf 87' lang='lat' dir='ltr'><strong>sacta</strong></span> <span class='ocrx_word' id='word_1_222' title='bbox 1325 4660 1451 4723; x_wconf 86' lang='lat' dir='ltr'><strong>essent</strong></span> <span class='ocrx_word' id='word_1_223' title='bbox 1475 4644 1514 4721; x_wconf 92' lang='lat' dir='ltr'><strong>in</strong></span> <span class='ocrx_word' id='word_1_224' title='bbox 1535 4643 1763 4749; x_wconf 83' lang='lat' dir='ltr'><strong>vituperium</strong></span> <span class='ocrx_word' id='word_1_225' title='bbox 1787 4660 1959 4723; x_wconf 70' lang='lat' dir='ltr'><strong>nocuum</strong></span> <span class='ocrx_word' id='word_1_226' title='bbox 1985 4661 2023 4722; x_wconf 94' lang='lat' dir='ltr'><strong>et</strong></span> 
     </span>
     <span class='ocr_line' id='line_1_28' title="bbox 602 4769 2023 4883; baseline 0.004 -38"><span class='ocrx_word' id='word_1_227' title='bbox 602 4769 789 4847; x_wconf 89' lang='lat' dir='ltr'><strong>dictorum</strong></span> <span class='ocrx_word' id='word_1_228' title='bbox 816 4772 1134 4875; x_wconf 87' lang='lat' dir='ltr'><strong>conquercncium</strong></span> <span class='ocrx_word' id='word_1_229' title='bbox 1162 4772 1413 4880; x_wconf 85' lang='lat' dir='ltr'><strong>prejudicium</strong></span> <span class='ocrx_word' id='word_1_230' title='bbox 1440 4790 1479 4850; x_wconf 92' lang='lat' dir='ltr'><strong>et</strong></span> <span class='ocrx_word' id='word_1_231' title='bbox 1501 4802 1713 4881; x_wconf 81' lang='lat' dir='ltr'><strong>gravamen,</strong></span> <span class='ocrx_word' id='word_1_232' title='bbox 1741 4775 2023 4883; x_wconf 89' lang='lat' dir='ltr'><strong>propterquod</strong></span> 
     </span>
    </p>
   </div>
   <div class='ocr_carea' id='block_1_4' title="bbox 601 4898 2025 5532">
    <p class='ocr_par' dir='ltr' id='par_1_7' title="bbox 601 4898 2025 5532">
     <span class='ocr_line' id='line_1_29' title="bbox 601 4898 2022 5013; baseline 0.005 -37"><span class='ocrx_word' id='word_1_233' title='bbox 601 4898 759 4979; x_wconf 83' lang='lat' dir='ltr'><strong>lecimus</strong></span> <span class='ocrx_word' id='word_1_234' title='bbox 772 4900 820 4978; x_wconf 92' lang='lat' dir='ltr'><strong>de</strong></span> <span class='ocrx_word' id='word_1_235' title='bbox 831 4900 1009 5007; x_wconf 88' lang='lat' dir='ltr'><strong>predictis</strong></span> <span class='ocrx_word' id='word_1_236' title='bbox 1021 4902 1169 5010; x_wconf 88' lang='lat' dir='ltr'><strong>inqueri</strong></span> <span class='ocrx_word' id='word_1_237' title='bbox 1180 4903 1490 4984; x_wconf 73' lang='lat' dir='ltr'><strong>veritatemrvisa</strong></span> <span class='ocrx_word' id='word_1_238' title='bbox 1500 4903 1615 5011; x_wconf 85' lang='lat' dir='ltr'><strong>igitur</strong></span> <span class='ocrx_word' id='word_1_239' title='bbox 1627 4905 1727 4983; x_wconf 90' lang='lat' dir='ltr'><strong>dicta</strong></span> <span class='ocrx_word' id='word_1_240' title='bbox 1737 4905 1922 5013; x_wconf 78' lang='lat' dir='ltr'><strong>inquesta,</strong></span> <span class='ocrx_word' id='word_1_241' title='bbox 1934 4906 2022 5012; x_wconf 87' lang='lat' dir='ltr'><strong>quia</strong></span> 
     </span>
     <span class='ocr_line' id='line_1_30' title="bbox 601 5029 2022 5143; baseline 0.008 -38"><span class='ocrx_word' id='word_1_242' title='bbox 601 5048 794 5137; x_wconf 87' lang='lat' dir='ltr'><strong>repertum</strong></span> <span class='ocrx_word' id='word_1_243' title='bbox 819 5046 875 5109; x_wconf 88' lang='lat' dir='ltr'><strong>est</strong></span> <span class='ocrx_word' id='word_1_244' title='bbox 899 5029 1041 5110; x_wconf 89' lang='lat' dir='ltr'><strong>dictum</strong></span> <span class='ocrx_word' id='word_1_245' title='bbox 1062 5048 1321 5138; x_wconf 85' lang='lat' dir='ltr'><strong>preceptorem</strong></span> <span class='ocrx_word' id='word_1_246' title='bbox 1346 5034 1617 5115; x_wconf 82' lang='lat' dir='ltr'><strong>dismantivisse</strong></span> <span class='ocrx_word' id='word_1_247' title='bbox 1638 5035 1782 5115; x_wconf 75' lang='grc'>(1155555</span> <span class='ocrx_word' id='word_1_248' title='bbox 1802 5038 2022 5143; x_wconf 60' lang='grc'>5531555555</span> 
     </span>
     <span class='ocr_line' id='line_1_31' title="bbox 602 5162 2023 5274; baseline 0.006 -37"><span class='ocrx_word' id='word_1_249' title='bbox 602 5162 850 5251; x_wconf 75' lang='lat' dir='ltr'><strong>bernardum,</strong></span> <span class='ocrx_word' id='word_1_250' title='bbox 863 5190 989 5243; x_wconf 87' lang='lat' dir='ltr'><strong>coram</strong></span> <span class='ocrx_word' id='word_1_251' title='bbox 995 5162 1114 5243; x_wconf 82' lang='lat' dir='ltr'><strong>dictis</strong></span> <span class='ocrx_word' id='word_1_252' title='bbox 1120 5162 1374 5255; x_wconf 87' lang='lat' dir='ltr'><strong>auditoribus,</strong></span> <span class='ocrx_word' id='word_1_253' title='bbox 1389 5184 1625 5272; x_wconf 80' lang='lat' dir='ltr'><strong>proponente</strong></span> <span class='ocrx_word' id='word_1_254' title='bbox 1632 5184 1674 5243; x_wconf 90' lang='grc'><strong>55</strong></span> <span class='ocrx_word' id='word_1_255' title='bbox 1680 5166 1860 5274; x_wconf 80' lang='lat' dir='ltr'><strong>loquente</strong></span> <span class='ocrx_word' id='word_1_256' title='bbox 1870 5196 1941 5273; x_wconf 89' lang='lat' dir='ltr'><strong>pro</strong></span> <span class='ocrx_word' id='word_1_257' title='bbox 1948 5168 2023 5246; x_wconf 82' lang='lat' dir='ltr'><strong>dic</strong></span> 
     </span>
     <span class='ocr_line' id='line_1_32' title="bbox 603 5290 2025 5401; baseline 0.004 -34"><span class='ocrx_word' id='word_1_258' title='bbox 603 5292 650 5371; x_wconf 88' lang='lat' dir='ltr'><strong>tis</strong></span> <span class='ocrx_word' id='word_1_259' title='bbox 667 5290 901 5382; x_wconf 81' lang='lat' dir='ltr'><strong>bominibus,</strong></span> <span class='ocrx_word' id='word_1_260' title='bbox 919 5292 1102 5400; x_wconf 87' lang='lat' dir='ltr'><strong>pluraque</strong></span> <span class='ocrx_word' id='word_1_261' title='bbox 1122 5292 1326 5401; x_wconf 82' lang='lat' dir='ltr'><strong>obprobria</strong></span> <span class='ocrx_word' id='word_1_262' title='bbox 1341 5294 1476 5376; x_wconf 81' lang='grc' dir='ltr'>(11ιὶ555</span> <span class='ocrx_word' id='word_1_263' title='bbox 1489 5295 1631 5390; x_wconf 78' lang='lat' dir='ltr'><strong>eidem,</strong></span> <span class='ocrx_word' id='word_1_264' title='bbox 1648 5313 1688 5375; x_wconf 82' lang='lat' dir='ltr'><strong>et</strong></span> <span class='ocrx_word' id='word_1_265' title='bbox 1703 5298 1822 5379; x_wconf 80' lang='lat' dir='ltr'><strong>eciam</strong></span> <span class='ocrx_word' id='word_1_266' title='bbox 1837 5298 1960 5378; x_wconf 82' lang='lat' dir='ltr'><strong>ruinas</strong></span> <span class='ocrx_word' id='word_1_267' title='bbox 1971 5293 2025 5373; x_wconf 90' lang='lat' dir='ltr'><strong>ei-</strong></span> 
     </span>
     <span class='ocr_line' id='line_1_33' title="bbox 603 5420 2024 5532; baseline 0.004 -37"><span class='ocrx_word' id='word_1_268' title='bbox 603 5420 692 5497; x_wconf 88' lang='lat' dir='ltr'><strong>dem</strong></span> <span class='ocrx_word' id='word_1_269' title='bbox 705 5422 895 5512; x_wconf 82' lang='lat' dir='ltr'><strong>intulisse,</strong></span> <span class='ocrx_word' id='word_1_270' title='bbox 913 5450 1062 5506; x_wconf 80' lang='lat' dir='ltr'><strong>necnon</strong></span> <span class='ocrx_word' id='word_1_271' title='bbox 1071 5423 1225 5505; x_wconf 84' lang='lat' dir='ltr'><strong>dictum</strong></span> <span class='ocrx_word' id='word_1_272' title='bbox 1234 5426 1379 5531; x_wconf 88' lang='lat' dir='ltr'><strong>Hupin,</strong></span> <span class='ocrx_word' id='word_1_273' title='bbox 1392 5442 1489 5511; x_wconf 81' lang='lat' dir='ltr'><strong>tanc</strong></span> <span class='ocrx_word' id='word_1_274' title='bbox 1497 5427 1677 5509; x_wconf 66' lang='lat' dir='ltr'><strong>clericum</strong></span> <span class='ocrx_word' id='word_1_275' title='bbox 1691 5427 1781 5507; x_wconf 91' lang='lat' dir='ltr'><strong>dicti</strong></span> <span class='ocrx_word' id='word_1_276' title='bbox 1788 5426 2024 5532; x_wconf 65' lang='lat' dir='ltr'><strong>praeceptoris</strong></span> 
     </span>
    </p>
   </div>
   <div class='ocr_carea' id='block_1_5' title="bbox 1867 5600 1916 5661">
    <p class='ocr_par' dir='ltr' id='par_1_8' title="bbox 1867 5600 1916 5661">
     <span class='ocr_line' id='line_1_34' title="bbox 1867 5600 1916 5661; baseline 0.061 -21"><span class='ocrx_word' id='word_1_277' title='bbox 1867 5600 1916 5661; x_wconf 88' lang='lat'><strong>70.</strong></span> 
     </span>
    </p>
   </div>
   <div class='ocr_carea' id='block_1_6' title="bbox 0 0 2928 7284">
    <p class='ocr_par' dir='ltr' id='par_1_9' title="bbox 0 0 2928 7284">
     <span class='ocr_line' id='line_1_35' title="bbox 0 0 2928 7284; baseline 0 0"><span class='ocrx_word' id='word_1_278' title='bbox 0 0 2928 7284; x_wconf 95' lang='lat' dir='ltr'><strong> </strong></span> 
     </span>
    </p>
   </div>
  </div>
 </body>
</html>
