5817 7292
999 1121 1263 1232 nroutrns
1288 1142 1353 1217 nr
1378 1129 1586 1221 ruocns.
1928 1146 2001 1219 aas

579 1278 765 1389 predicte,
791 1308 859 1389 per
880 1281 984 1361 curie
1003 1300 1130 1362 nostre
1144 1283 1350 1392 judicium,
1377 1283 1644 1389 condempnati
1668 1282 1824 1361 fuerunt
1843 1284 2003 1389 predicti
2041 1295 2229 1361 Pmumlv.

580 1429 664 1491 octo
698 1410 956 1493 malefactores
990 1413 1030 1493 in
1068 1415 1282 1523 quingentis
1315 1413 1420 1494 libris
1454 1412 1741 1493 Turonensibus
1773 1412 1901 1502 nobis,
1934 1442 2003 1519 pro
2104 1388 2167 1433 ml

581 1544 755 1633 emenda,
780 1542 988 1635 solvendis,
1012 1542 1078 1625 liet
1100 1562 1227 1625 tamen
1254 1546 1352 1625 inter
1375 1574 1441 1623 eos
1465 1544 1686 1624 distributio
1712 1543 1811 1620 dicte
1837 1572 2003 1633 summe,

574 1674 681 1780 juxta
693 1674 939 1779 quantitatem
955 1673 1175 1753 facultatum
1189 1675 1391 1783 cujuslibet
1403 1674 1638 1753 eorumdem.
1652 1676 1743 1752 ltem
1754 1734 1764 1761 ,
1777 1673 1920 1751 dictum
1936 1673 2007 1753 fuit

579 1802 685 1910 quod
704 1803 828 1881 omnia
852 1803 1035 1909 predicta,
1059 1801 1153 1881 facta
1175 1832 1242 1883 seu
1258 1821 1472 1911 attemptata
1490 1822 1619 1883 contra
1644 1832 1797 1881 manum
1820 1819 2004 1894 nostram,

579 1934 762 2014 reducent
786 1932 825 2011 in
851 1951 988 2013 statum
1014 1933 1216 2040 pristinum
1237 1951 1277 2013 et
1301 1952 1505 2041 reponent,
1525 1950 1708 2013 reservata
1726 1935 1881 2042 insuper
1904 1936 2005 2013 dicto

556 2162 560 2171 Ι
579 2063 744 2141 Roberto
760 2063 795 2140 le
812 2063 1045 2153 Madelinier,
1067 2092 1181 2169 super
1196 2064 1370 2172 dampnis
1390 2065 1483 2153 suis,
1505 2065 1656 2141 racione
1676 2063 1951 2170 predictorum,
1968 2083 2007 2144 et

580 2193 696 2270 eciam
716 2194 867 2301 utrique
887 2196 983 2302 parti
1004 2222 1118 2300 super
1133 2197 1360 2301 proprietate
1376 2211 1414 2273 et
1428 2194 1664 2301 possessione
1679 2223 1807 2273 rerum
1823 2198 2007 2304 predicta·

578 2351 682 2413 rum,
703 2324 920 2431 questione,
937 2326 1119 2433 quociens
1137 2354 1250 2432 super
1268 2326 1340 2405 biis
1355 2324 1545 2403 voluerint
1564 2326 1736 2431 experiri.

634 2456 809 2535 Mercurii
826 2473 911 2564 post
924 2458 1105 2535 Sanctum
1121 2456 1346 2566 Georgium,
1364 2483 1463 2534 anno
1476 2457 1741 2537 trecentesimo
1757 2458 1974 2537 undecimo.
2011 2549 2013 2552 ¹

634 2585 680 2664 G.
703 2586 750 2665 de
766 2586 862 2665 Usco
878 2584 1093 2693 reportavit.

635 2845 727 2924 LIX.
758 2844 855 2924 Cum
872 2845 1076 2923 Perroneta
1095 2842 1130 2921 la
1144 2842 1357 2935 Goutarde,
1379 2860 1557 2951 tanquam
1574 2846 1685 2922 heres
1703 2846 1937 2936 universalis,
1961 2863 2005 2925 ut

580 2974 741 3063 dicebat,
761 2973 950 3053 Anthonie
970 2973 1007 3050 la
1024 2974 1054 3051 F
1054 3001 1206 3083 erougy,
1227 2990 1373 3081 peteret
1388 2974 1603 3051 execucioni
1619 2974 1788 3053 mandari
1807 3006 1877 3082 per
1894 2978 2005 3084 Regi·

579 3104 735 3183 ualdum
751 3103 959 3211 Viguerosi,
975 3120 1170 3183 tenentem
1191 3106 1318 3183 locum
1339 3105 1550 3184 cancellarii
1570 3107 1688 3185 nostri
1709 3107 2001 3197 Matisconensis,

577 3235 760 3345 quasdam
772 3234 914 3313 litteras
930 3251 1059 3313 contra
1074 3235 1331 3333 Guillelmum,
1339 3235 1376 3314 le
1391 3236 1570 3317 Chevrier
1583 3255 1621 3314 et
1633 3238 1672 3314 in
1686 3237 1799 3315 bouis
1814 3238 2001 3345 ejusdem;

578 3365 700 3445 dictus
715 3364 945 3445 Guillelmus
960 3382 998 3443 et
1009 3365 1251 3455 Perronetus,
1268 3367 1350 3474 ejus
1367 3366 1487 3459 filius,
1506 3367 1555 3444 ad
1574 3368 1863 3473 impediendum
1876 3398 2004 3447 execu-

578 3498 726 3575 cionem
751 3476 987 3605 hujusmodi,
1006 3498 1274 3604 proposuerint
1292 3497 1413 3603 quod,
1432 3498 1647 3575 intractato
1662 3498 1893 3577 matrimonii
1914 3528 2004 3577 con-

577 3627 751 3707 trahendi
766 3630 866 3706 inter
881 3629 1006 3735 ipsum
1026 3626 1278 3709 Guillelmum
1298 3627 1333 3705 le
1352 3628 1534 3709 Chevrier
1548 3646 1586 3705 et
1605 3628 1743 3707 dictam
1760 3627 2001 3719 Anthouiam,

579 3786 621 3834 er
641 3774 745 3865 parte
765 3786 854 3847 una,
878 3785 980 3835 nunc
999 3756 1099 3837 iuter
1121 3759 1265 3835 dictum
1291 3758 1558 3849 Perronetum,
1577 3757 1703 3834 filium
1721 3786 1853 3848 suum,
1873 3776 1911 3835 et
1928 3759 2005 3838 An·

578 3886 765 3977 thoniam,
777 3904 930 3991 neptem
944 3887 1044 3963 dicte
1055 3884 1245 3965 Anthonie
1261 3886 1298 3963 la
1311 3890 1500 3994 Ferouge,
1516 3914 1560 3964 er
1575 3886 1708 3973 altera,
1725 3886 1804 3992 ipsa
1814 3885 2005 3965 Anthonia

579 4014 616 4091 la
634 4018 820 4123 Ferouge,
843 4016 972 4107 amita,
992 4015 1100 4095 dedit
1114 4016 1152 4093 in
1174 4016 1304 4097 dotem
1320 4018 1389 4123 ipsi
1410 4019 1617 4097 Perroneto
1636 4033 1674 4095 et
1695 4016 1776 4123 ejus
1794 4016 1898 4121 nepti
1919 4045 2005 4123 pre·

581 4146 694 4239 dicte,
715 4145 753 4223 iu
772 4164 965 4226 contractu
986 4146 1075 4225 dicti
1091 4146 1337 4237 matrimonii,
1353 4148 1481 4225 omnia
1499 4146 1600 4225 bona
1616 4176 1682 4226 sua
1701 4146 1856 4225 mobilia
1878 4163 1917 4225 et
1934 4147 2004 4224 im-

580 4275 753 4367 mobilia,
779 4295 926 4355 reteuto
948 4278 1126 4355 duntaxat
1149 4277 1221 4354 sibi
1244 4276 1442 4356 usufructu
1462 4306 1591 4356 rerum
1612 4277 1833 4385 hujusmodi
1853 4277 2005 4357 donata·

580 4435 678 4521 rum,
691 4408 763 4487 hoc
774 4407 904 4487 addito
917 4407 1033 4515 quod,
1046 4409 1078 4487 si
1090 4408 1324 4518 contingeret
1337 4408 1455 4516 ipsam
1465 4410 1698 4487 donatricem
1710 4409 1888 4515 premori,
1901 4409 2002 4487 dicto

580 4536 786 4619 Guillelmo
805 4539 940 4619 marito
960 4568 1029 4619 suo
1043 4540 1259 4647 superstite,
1274 4541 1353 4647 ipsa
1373 4539 1413 4615 in
1430 4539 1542 4622 dictis
1555 4538 1670 4622 rebus
1685 4538 1833 4617 donatis
1846 4539 2004 4618 retinuit

579 4668 872 4761 usumfructum,
889 4669 1061 4749 advitam
1075 4671 1166 4749 dicti
1181 4670 1303 4750 mariti
1320 4672 1396 4763 sui,
1411 4688 1468 4763 et,
1480 4672 1559 4749 rice
1571 4699 1692 4761 verse,
1709 4670 1832 4749 dictus
1844 4668 2004 4749 Guillel-

579 4827 665 4879 mus
680 4799 799 4891 dedit,
812 4801 949 4881 eodem
965 4801 1095 4895 modo,
1110 4800 1349 4881 omnia'bona
1364 4830 1431 4881 sua
1443 4801 1616 4909 predicto
1630 4803 1834 4881 Perroneto
1850 4819 1887 4881 et
1901 4803 2002 4881 dicte

580 4928 684 5035 nepti
700 4931 828 5009 uxoris
845 4960 931 5022 sue,
953 4946 992 5009 et
1010 4931 1063 5009 sic
1079 4930 1201 5013 dictus
1216 4931 1443 5013 Guillelmus
1460 4948 1498 5009 et
1518 4933 1765 5020 Perronetus,
1779 4932 1859 5039 ejus
1877 4931 1999 5024 lilius,

578 5088 667 5140 curn
679 5061 898 5147 auctoritate
913 5062 1111 5171 patrissui,
1125 5063 1298 5143 dicebant
1314 5064 1432 5170 ipsam
1442 5062 1674 5144 Anthoniam
1683 5063 1732 5142 de
1742 5062 1855 5143 bonis
1868 5063 2003 5171 aliqui.-

579 5189 651 5269 bus
668 5193 794 5275 testari
814 5223 892 5273 non
910 5195 1093 5303 putuisse,
1115 5190 1202 5276 euin
1216 5194 1333 5275 nichil
1350 5195 1523 5287 haberet,
1538 5223 1655 5302 quare
1672 5193 1849 5273 dicebant
1862 5194 2001 5273 dictam

581 5325 843 5409 exconcionem
855 5326 939 5407 fieri
952 5355 1031 5406 uon
1049 5326 1189 5409 debere
1203 5344 1332 5407 contra
1344 5326 1461 5434 ipsos,
1476 5326 1636 5405 mxime
1651 5354 1738 5405 cum
1751 5325 1800 5403 de
1811 5324 2001 5431 premissis

581 5455 698 5556 parati
714 5475 838 5543 cuent
851 5457 971 5542 facere
985 5476 1198 5567 promptam
1215 5458 1352 5552 fidem
1368 5458 1507 5539 auditis
1520 5458 1637 5567 igitur
1650 5484 1764 5563 super
1775 5454 1849 5533 hoc
1863 5451 2002 5559 proba·

1844 5628 1894 5690 7¹·
