5817 7292
708 1340 771 1384 13⁰8.

869 1099 942 1172 336
1447 1095 1538 1168 LES
1564 1095 1711 1172 OLlM.

646 1247 831 1309 rnnmetv,
868 1237 991 1316 filiurn
1014 1235 1096 1344 ejus
1116 1235 1332 1343 predictum
1353 1235 1678 1343 condempnemus
1697 1236 1740 1314 in
1759 1235 1938 1315 trecentis
1963 1237 2071 1317 libris
2090 1239 2322 1334 Toronen-,¹

868 1370 990 1458 sibus,
1008 1367 1242 1474 applicandis
1255 1383 1294 1444 et
1306 1367 1495 1445 solvendis
1508 1368 1612 1446 dicto
1635 1368 1769 1446 rectori
1791 1379 1869 1472 pro'
1884 1368 2074 1474 dampnis,
2093 1370 2289 1461 interesse,

868 1497 1080 1588 violenciis,
1104 1497 1315 1576 excessibus
1336 1514 1374 1574 et
1392 1497 1557 1604 injuriis,
1579 1514 1786 1575 memorato
1809 1497 1944 1576 rectori
1966 1515 2006 1576 et
2031 1499 2114 1606 ejus
2134 1499 2294 1580 familia·

868 1631 975 1707 ribus
997 1628 1128 1712 illatis,
1154 1645 1192 1704 et
1214 1645 1258 1704 ut
1276 1628 1346 1733 ipsi
1374 1644 1519 1704 cessent
1544 1643 1582 1704 et
1602 1627 1783 1706 desistant
1801 1627 1991 1736 impedire
2001 1630 2154 1710 'dictum
2172 1649 2294 1712 recto-

868 1790 950 1838 rem
972 1777 1009 1837 et
1025 1759 1198 1836 homines
1216 1786 1307 1834 suos
1325 1756 1479 1837 furnum
1501 1756 1622 1834 facere
1638 1771 1676 1836 et
1695 1769 1839 1862 panem‘
1852 1759 1891 1834 in
1903 1758 2031 1857 ¹furnis
2051 1760 2213 1867 propriis
2228 1763 2293 1841 de-

869 1919 1047 1998 coquereg
1063 1889 1215 1996 etquod
1230 1889 1374 1967 dictum
1388 1905 1574 1965 rectorem
1590 1913 1667 1966 non
1675 1888 1904 1994 compellent
1912 1889 2115 1998 pedagium
2131 1891 2288 1984 solvere,

869 2040 998 2099 contra
1012 2021 1202 2098 libertates
1222 2018 1376 2098 ecclesie
1395 2019 1444 2095 de
1465 2016 1634 2095 Cornaco
1653 2019 1855 2123 predictas,
1867 2036 1907 2098 et
1921 2021 2207 2126 quatuordecim
2227 2023 2293 2128 de·
2321 2064 2326 2073 ·

870 2151 1011 2240 narios,
1027 2179 1098 2257 pro
1117 2177 1229 2229 censu
1247 2150 1383 2226 domus
1399 2148 1447 2232 de
1466 2176 1541 2254 qua
1557 2175 1669 2254 supra
1685 2145 1730 2224 lit
1747 2149 1904 2238 mentio,
1923 2151 2030 2230 anuis
2048 2152 2204 2258 singulis
2221 2151 2291 2230 sol·

868 2311 954 2361 vere
972 2298 1184 2370 teneantur,
1208 2279 1389 2388 quamdiu
1412 2277 1606 2356 tenuerint
1627 2277 1765 2356 dictam
1791 2279 1965 2372 domum,
1993 2296 2031 2359 et
2048 2297 2091 2360 ut
2106 2282 2289 2388 arreragia

869 2414 1038 2522 preteriti
1062 2411 1244 2519 temporis
1270 2409 1414 2488 solvant
1438 2408 1564 2486 eidem
1588 2408 1744 2498 rectori,
1772 2411 1925 2488 nomine
1954 2410 2107 2488 ecclesie
2130 2410 2177 2488 de
2200 2410 2291 2490 Cor·

871 2574 980 2634 nac03
993 2544 1082 2620 item
1095 2541 1416 2646 condempnemus
1429 2538 1595 2616 eundem
1605 2536 1766 2619 militem
1777 2557 1814 2619 et
1824 2540 2033 2646 predictum
2043 2539 2287 2628 Metiredum,

871 2674 953 2780 ejus
979 2673 1118 2760 filium,
1139 2673 1179 2748 in
1205 2670 1392 2778 sexaginta
1417 2668 1523 2746 libris
1545 2669 1833 2750 Turonensibus
1858 2670 2026 2777 predicto
2053 2670 2214 2752 Geraldo
2242 2672 2289 2750 de

871 2803 1052 2894 Cosodor,
1069 2800 1244 2879 servienti
1257 2816 1403 2886 nostro,
1413 2827 1481 2904 pro
1496 2799 1675 2906 predictis
1691 2801 1828 2908 injuria
1843 2819 1881 2881 et
1891 2801 2073 2882 violencia
2086 2801 2158 2882 sibi
2169 2801 2289 2892 lactis,

871 2934 1070 3013 solvendis.

927 3067 967 3142 ln
987 3065 1128 3142 odabis
1144 3065 1296 3143 Pascbe.

927 3198 976 3274 M.
998 3195 1043 3274 G.
1065 3196 1115 3272 de
1134 3197 1226 3273 Usto
1247 3195 1461 3302 reportavit.

929 3461 1119 3538 LXXXIV.
1150 3459 1249 3537 Cum
1259 3458 1499 3536 Fortanerius
1513 3458 1561 3534 de
1577 3461 1839 3566 boppo-Foru,
1851 3461 2086 3538 nominesuo
2096 3477 2293 3564 etconsor-

872 3609 955 3668 tum
975 3617 1149 3680 suorum,
1165 3589 1276 3681 nobis
1294 3588 1538 3697 significasset
1556 3590 1662 3695 quod
1682 3618 1768 3668 cum
1789 3589 2010 3668 Manucbius
2034 3590 2082 3666 de
2099 3588 2289 3680 Voberca,

871 3738 1094 3830 procurator
1107 3721 1307 3810 lobannis,
1323 3721 1488 3828 Philippi
1505 3740 1543 3799 et
1556 3721 1707 3828 Nicolay
1719 3721 1863 3810 lacobi,
1879 3738 2131 3800 mercatorum
2148 3723 2197 3800 de
2212 3723 2241 3798 F
2242 3721 2293 3798 lo

869 3854 1012 3944 rencia,
1040 3853 1232 3942 Nemausi,
1258 3870 1301 3932 ut
1326 3853 1476 3944 dicitur,
1505 3852 1845 3944 commorandum,
1871 3852 2103 3932 convenisset
2121 3869 2294 3931 mutitare

871 3983 1015 4061 eisdem
1029 3982 1266 4060 consortibus
1278 3999 1443 4089 quatuor
1453 3983 1573 4060 millia
1583 4000 1621 4060 et
1635 3982 1899 4090 quadragintas
1912 3982 2027 4062 libras
2037 3983 2292 4068 Turonenses,

870 4143 914 4189 ac
928 4113 1046 4190 iidem
1062 4131 1255 4193 consortes
1270 4112 1430 4192 confessi
1451 4112 1610 4192 luissent
1628 4141 1668 4192 se
1688 4113 1825 4190 dictam
1843 4140 2032 4190 summam
2046 4111 2208 4218 pecunie
2219 4112 2295 4190 dic

870 4246 919 4320 tis
937 4244 1209 4323 mercatoribus
1228 4261 1422 4322 eteorum
1445 4245 1679 4351 procuratori
1703 4243 1875 4350 predicto
1896 4241 2037 4320 debere
2056 4271 2102 4321 ex
2121 4271 2230 4321 causa
2247 4244 2295 4321 si-

871 4355 1003 4452 mulati
1024 4391 1236 4453 contractus
1260 4374 1468 4479 empcionis
1488 4373 1593 4462 salis,
1615 4373 1827 4452 secundum
1848 4372 1954 4480 quod
1974 4372 2013 4450 in
2034 4373 2294 4452 instrumentis

872 4533 984 4612 super
1003 4507 1076 4584 hoc
1095 4504 1275 4584 conlectis
1289 4502 1439 4611 plenius
1454 4504 1741 4595 continetur‚.et
1761 4502 1863 4582 idern
1876 4519 2094 4609 procurator
2107 4503 2294 4584 dictorum

872 4653 1123 4712 mercatorum
1138 4634 1461 4723 Florentinorum,
1477 4634 1571 4711 facta
1586 4635 1687 4712 dicta
1700 4631 1935 4740 obligacione
1948 4661 2035 4712 cum
2052 4631 2204 4739 publico
2219 4631 2294 4710 ins·

871 4780 1066 4843 trumento
1082 4794 1196 4873 super
1215 4766 1290 4844 hoc
1308 4763 1496 4852 conlecto,
1511 4791 1711 4842 numerare
1731 4781 1770 4840 et
1783 4761 1931 4856 tradere
1952 4762 2087 4844 dictem
2106 4782 2293 4842 summam

870 4896 1030 5001 pecunie
1043 4895 1259 5002 promiserit
1273 4896 1385 4979 dictis
1399 4896 1653 4984 consortibus,
1673 4909 1773 4974 certa
1790 4893 1870 4984 die,
1885 4893 1991 5001 quod
2008 4891 2127 4972 lacere
2144 4908 2182 4970 et
2193 4919 2296 4972 corn-

870 5027 975 5134 plere
1000 5027 1226 5106 obmitteute
1256 5025 1358 5106 dicto
1382 5035 1641 5134 procuratore,
1671 5041 1715 5105 ut
1740 5025 1976 5133 promiserat,
2005 5024 2054 5102 ad
2077 5022 2294 5102 instanciam

873 5157 1060 5235 dictorum
1074 5175 1297 5236 consortum
1318 5157 1419 5235 citati
1441 5156 1596 5236 suerunt
1615 5155 1773 5263 predicti
1793 5170 2018 5234 mercatores
2035 5153 2243 5244 Florentini
2259 5169 2295 5229 et

873 5306 1093 5394 praemator
1105 5286 1552 5395 predictuseorumdetn,
1569 5315 1695 5366 coram
1713 5287 1842 5394 majori
1853 5283 2292 5394 judiceCarcassonensi,

870 5418 1056 5524 quisitati
1071 5446 1163 5522 sepe
1184 5434 1222 5496 et
1239 5417 1366 5520 sepius
1384 5445 1601 5522 comparere
1621 5417 1879 5525 neglexerunt,
1903 5433 1941 5492 et
1953 5433 2115 5522 propter
2135 5415 2208 5493 boc
2222 5412 2293 5492 luit
