5817 7292
897 1082 971 1157 tto
1470 1084 1562 1157 LES
1586 1082 1732 1159 OLIM.

669 1235 799 1289 ravum
811 1234 856 1297 ll,
896 1255 992 1317 sem,
1005 1225 1192 1306 dominica
1205 1225 1375 1305 instantis
1388 1225 1691 1304 Resurreccionis
1700 1223 1871 1314 Domini,
1888 1221 1981 1303 hora
1994 1225 2134 1331 prima,
2150 1226 2324 1327 adeccle·

729 1326 793 1368 Μ’
895 1359 987 1435 siam
1010 1357 1308 1459 Predicatorum,
1329 1355 1490 1463 quilibet
1508 1375 1660 1463 portans
1681 1356 1721 1432 in
1740 1384 1855 1434 mann
1878 1386 1944 1435 sua
1965 1385 2118 1436 cereum
2136 1385 2254 1436 unum
2274 1358 2323 1436 de

895 1490 1042 1568 duabus
1065 1489 1170 1567 libris
1195 1518 1297 1579 cere,
1325 1488 1488 1566 offerens
1512 1488 1675 1566 eundem
1701 1517 1815 1594 super
1837 1487 1949 1566 altare
1975 1488 2073 1567 dicte
2093 1489 2266 1581 ecclesie,
2288 1508 2327 1569 et

894 1622 1000 1730 quod
1019 1649 1149 1699 onmes
1169 1620 1228 1697 alii
1252 1620 1501 1727 prenominati
1526 1636 1637 1697 erunt
1659 1619 1802 1698 ibidem
1826 1637 1911 1698 ante
1937 1620 2048 1699 altare
2072 1640 2267 1727 presentes
2285 1624 2324 1700 in

895 1782 1026 1832 eorum
1042 1752 1173 1831 habitu
1193 1752 1358 1841 decenti,
1376 1751 1537 1858 quilibet
1550 1780 1670 1829 unum
1686 1781 1836 1829 cereum
1851 1753 1899 1831 dc
1913 1753 2059 1833 duabus
2072 1754 2178 1832 libris
2191 1772 2323 1835 tenens

893 1887 931 1961 in
946 1914 1061 1963 manu
1076 1913 1163 1974 sna,
1181 1901 1219 1961 et
1238 1883 1299 1960 illa
1315 1882 1494 1963 offerrent
1513 1912 1626 1989 super
1641 1882 1751 1961 altare
1766 1884 1995 1990 predictum3
2013 1903 2051 1963 et
2069 1887 2175 1994 quod
2193 1915 2323 1965 omnes

892 2015 1157 2122 prenominati,
1183 2031 1260 2093 tam
1283 2014 1372 2093 dicti
1397 2032 1660 2121 procuratores
1679 2044 1793 2123 quam
1817 2014 1899 2106 alii,
1921 2017 2026 2094 flexis
2052 2018 2228 2125 genibus,
2250 2018 2322 2096 hoc

804 2190 807 2201 ι
891 2147 1004 2225 verbo
1026 2145 1295 2237 emendabunt,
1319 2146 1472 2225 nomine
1496 2147 1628 2237 studii,
1655 2176 1718 2224 sex
1744 2147 1961 2226 doctoribus
1981 2164 2019 2225 et
2037 2176 2101 2225 sex
2119 2148 2320 2227 scolaribus

880 2270 1034 2357 'ibidem
1048 2277 1302 2385 presentibus,
1318 2278 1348 2355 si
1363 2295 1453 2355 tunc
1468 2279 1646 2356 interesse
1660 2277 1864 2369 voluerint,
1882 2280 2115 2385 requirentes
2134 2306 2198 2356 eos
2214 2279 2320 2386 quod

892 2411 981 2517 ipsis
1008 2409 1147 2488 civibus
1170 2409 1289 2487 dictos
1314 2438 1491 2487 excessus.
1509 2410 1710 2488 remittant.
1731 2412 1840 2502 Item,
1867 2410 2010 2487 dictum
2033 2408 2104 2487 luit
2127 2410 2247 2515 quod,
2268 2411 2317 2497 si,

893 2542 1000 2621 dictis
1019 2540 1219 2649 religiosis,
1240 2541 1362 2648 aliqua
1382 2542 1559 2648 dampna,
1576 2571 1646 2648 per
1666 2542 1756 2631 hoc,
1782 2538 1880 2621 illata
1902 2541 2058 2632 luerint,
2075 2543 2320 2619 resarcientur

892 2673 1253 2781 eisdemapersonis
1267 2673 1457 2779 predictis.
2247 2646 2256 2663 ⁸

948 2807 1053 2883 Lune
1072 2823 1158 2911 post
1172 2803 1513 2897 Annunciacionem
1528 2806 1766 2885 dominicam.

947 2937 1109 3044 Mangon
1123 2937 1336 3044 reportavit.

945 3068 1033 3146 Plus
1057 3069 1298 3146 inveniuntur
1317 3069 1518 3177 deliquisse
1539 3070 1748 3178 specialiter
1771 3070 1941 3150 faciendo
1966 3072 2037 3149 ista
2052 3102 2061 3149 ε
2074 3071 2320 3162 Guillelmus,

890 3198 990 3277 filius
1002 3198 1192 3279 Guillelmi
1208 3198 1366 3291 Garbot,
1385 3201 1552 3279 clamavit
1566 3202 1615 3279 ad
1628 3220 1805 3293 mortem,
1817 3250 1875 3262 —
1887 3203 2092 3294 Iohannes,
2107 3202 2207 3280 filius
2218 3206 2249 3279 F
2250 3230 2321 3280 ou·

890 3331 995 3439 queti
1005 3330 1195 3420 Herberti,
1211 3331 1399 3409 Iohannes
1413 3333 1610 3442 Sauvaige,
1626 3334 1795 3413 hostium
1810 3334 2019 3414 dormitorii
2033 3363 2103 3439 per
2115 3335 2190 3411 vim
2205 3362 2319 3439 appe-

871 3468 1048 3539 ‘ruerunt
1070 3462 1278 3539 amovendo
1306 3491 1535 3553 serreuram,
1559 3512 1616 3524 -
1640 3466 1773 3546 Petrus
1795 3466 1963 3557 Mercier,
1988 3493 2103 3572 gener
2125 3464 2319 3571 qnondam

891 3594 941 3671 Μ.
964 3594 994 3671 J.
1018 3594 1143 3682 Barat,
1165 3592 1295 3672 clausit
1310 3612 1476 3702 portam,
1490 3644 1543 3654 -
1558 3596 1769 3703 Stephanus
1788 3597 1833 3673 de
1849 3595 2159 3675 SanctoMaximo
2167 3594 2315 3704 junior,

889 3724 1092 3813 lohannes,
1109 3722 1209 3803 lilius
1226 3726 1258 3803 J.
1275 3725 1440 3818 Doucin,
1458 3726 1633 3807 dixertmt
1653 3729 1758 3837 quod
1772 3728 1930 3808 scolares
1942 3755 2020 3806 non
2031 3726 2230 3818 haberent,
2248 3746 2316 3805 etc.

889 3855 947 3933 Ad
959 3855 1033 3933 boc
1051 3871 1155 3933 erant
1168 3874 1359 3963 presentes
1372 3858 1561 3938 Johannes
1578 3860 1744 3951 Doucin,
1757 3862 1855 3937 -J.
1873 3860 2021 3949 Rehier,
2032 3906 2089 3917 —-
2100 3860 2132 3935 J.
2147 3859 2319 3948 Poitrou,

889 3989 931 4066 N.
948 3986 984 4065 lc
998 3985 1190 4079 Buffetier,
1204 4036 1261 4045 —
1272 3989 1465 4069 Iohannes
1479 3988 1515 4067 le
1524 3990 1701 4069 Plastrier
1714 3991 1808 4069 dixit
1817 3990 1923 4098 quod
1938 4018 2016 4069 non
2031 4008 2119 4069 sunt
2133 3989 2207 4067 nisi
2221 4018 2320 4067 sexa·

890 4118 993 4225 ginta
1003 4145 1140 4196 novem
1150 4119 1256 4210 anni,
1270 4136 1340 4197 etc.
1353 4120 1413 4198 Ad
1425 4120 1500 4199 boc
1514 4138 1592 4200 erat
1601 4150 1757 4233 presens
1767 4124 1799 4199 J.
1811 4120 1914 4201 lilius
1928 4120 2115 4229 Fouqueti
2126 4120 2316 4211 Herberti,

892 4247 1160 4342 -Johannes,
1183 4248 1285 4329 filius
1302 4251 1508 4359 Fouqueti,
1530 4298 1586 4313 -
1606 4252 1799 4331 Iohannes
1816 4254 1863 4331 de
1882 4251 2031 4343 Chnilli,
2053 4251 2264 4329 Iohannem
2285 4250 2321 4327 le

891 4378 1069 4471 Plasteur,
1086 4396 1388 4488 procuratorem,
1407 4382 1581 4462 levabant
1596 4401 1636 4461 et
1651 4385 1879 4476 advoabant3
1896 4384 2086 4463 lohannes
2101 4382 2136 4460 le
2152 4381 2319 4461 Plasteur

892 4527 930 4587 et
948 4511 1137 4591 Iohannes
1157 4513 1192 4591 le
1212 4514 1279 4592 Bel
1299 4531 1405 4594 erant
1424 4532 1686 4623 procuratores
1700 4516 1800 4595 ville.

948 4774 1140 4855 XXXVIII.
1166 4777 1265 4857 Cum
1284 4776 1447 4859 ballivus
1463 4780 1767 4870 Silvanectensis,
1787 4811 1832 4859 ex
1851 4778 1976 4859 officio
1997 4808 2080 4869 suo,
2095 4776 2319 4884 procederet

891 4923 1020 4984 contra
1040 4907 1223 5016 majorem
1244 4928 1282 4988 et
1295 4912 1443 5020 juratos
1460 4912 1547 4992 ville
1562 4912 1789 5020 Compendii
1809 4941 1923 5021 super
1937 4939 1983 4991 eo
1997 4910 2103 5019 quod
2115 4911 2195 5019 ipse
2215 4909 2318 4986 dice-

889 5037 970 5129 bat,
988 5038 1132 5117 edictis
1147 5042 1289 5150 majore
1306 5059 1344 5121 et
1358 5044 1509 5152 juratis,
1524 5045 1687 5123 Johanni
1701 5044 1751 5123 de
1766 5047 1962 5152 Fescamp,
1978 5042 2151 5123 servienti
2169 5058 2317 5129 nostro,

890 5169 1018 5275 plures
1031 5168 1242 5278 injuriasse
1255 5172 1457 5253 violencias
1470 5175 1592 5254 illatas
1606 5176 1739 5269 luisse,
1751 5175 1856 5283 quod
1867 5176 1909 5253 in
1924 5176 2044 5253 nostri
2057 5190 2318 5279 contemptum

889 5327 1003 5407 quam
1021 5300 1231 5407 plurimum
1249 5303 1504 5399 redundabat,
1516 5306 1629 5388 dictis
1638 5336 1727 5387 vero
1743 5307 1887 5415 majore
1908 5323 1946 5385 et
1960 5304 2097 5414 juratis
2116 5305 2157 5381 in
2173 5318 2319 5381 contre-

888 5430 989 5509 rium
1009 5432 1221 5513 dicentibus
1235 5436 1357 5545 quod,
1376 5437 1561 5546 quicquid
1579 5438 1650 5547 ipsi
1669 5439 1834 5519 fecerant
1848 5438 1952 5517 dicto
1970 5436 2150 5524 Johanni,
2161 5434 2263 5543 juste
2280 5449 2321 5511 ct
