5817 7292
1060 1119 1328 1230 nuoutrns
1353 1138 1419 1211 nr
1444 1121 1653 1212 vaccas.
1993 1141 2067 1214 205

647 1299 856 1360 curatorem
875 1280 1021 1361 abbatis
1040 1297 1078 1360 et
1096 1299 1301 1360 conventus
1319 1278 1664 1360 Sancti-Salvatoris
1687 1277 1736 1356 de
1751 1277 1980 1370 Virtutibus,
2001 1307 2071 1385 per
2099 1291 2231 1346 Parnm
2250 1291 2294 1354 lv.

647 1411 751 1520 qnod
768 1412 839 1518 ipsi
859 1437 1078 1518 processum
1092 1409 1265 1488 habitum
1282 1408 1477 1488 corameis
1493 1408 1749 1486 interdictum
1767 1407 2008 1498 Morandum,
2026 1438 2070 1488 ex
2169 1381 2233 1432 Μ’·

647 1571 722 1619 uua
744 1558 866 1650 parte,
888 1558 928 1619 et
946 1540 1150 1649 quemdam
1168 1540 1287 1618 alium
1305 1556 1589 1647 procuratorem
1607 1538 1874 1616 tantummodo
1898 1537 1987 1616 dicti
2007 1541 2072 1616 ab·

645 1671 757 1765 batis,
783 1672 926 1778 absque
945 1671 1070 1778 sigillo
1093 1671 1184 1749 dicti
1204 1689 1428 1763 conventus,
1449 1698 1494 1748 ex
1514 1669 1650 1761 altera,
1670 1697 1850 1777 supereo
1870 1671 1974 1778 quod
1994 1671 2074 1748 dic-

645 1819 707 1881 tus
720 1801 924 1882 Morandus
943 1801 1043 1880 bona
1062 1802 1285 1908 temporalia
1305 1802 1395 1880 dicti
1416 1800 1633 1880 monasterii
1653 1800 1805 1906 petebat
1823 1829 1892 1906 pro
1911 1801 2073 1907 quadam

645 1962 795 2011 summa
813 1931 975 2037 pecunie
993 1930 1104 2008 vendi
1126 1947 1166 2008 et
1184 1932 1403 2039 explectari,
1421 1932 1524 2010 dicto
1544 1931 1686 2010 Milone
1704 1947 1940 2037 proponente
1961 1932 2075 2009 admi-

645 2062 911 2140 nistracionem
944 2061 1135 2140 bonomm
1165 2061 1254 2140 dicti
1281 2063 1499 2141 monasterii
1530 2062 1659 2140 debito
1688 2061 1805 2140 modo
1835 2061 2071 2139 interdictam

643 2191 760 2270 fuisse
778 2191 903 2271 abbati
923 2191 1096 2298 predicto
1114 2219 1160 2270 eo
1179 2210 1353 2300 tempore
1372 2221 1449 2299 quo
1469 2193 1594 2270 dictus
1613 2191 1819 2272 Morandus
1839 2193 2073 2300 proponebat

644 2322 829 2400 actionem
849 2321 922 2400 sibi
948 2321 1064 2400 fuisse
1089 2322 1276 2430 quesitam
1303 2323 1597 2402 contradictum
1618 2321 1792 2401 abbatem
1814 2340 1852 2401 et
1870 2322 1969 2402 bona
1989 2353 2072 2400 rno-

643 2453 795 2532 nasterii
811 2452 987 2559 predicti,
1007 2453 1353 2560 pronunciaveramt
1377 2471 1507 2532 tenere
1534 2471 1572 2532 et
1590 2453 1712 2533 valere
1737 2481 1814 2532 non
1835 2453 2071 2532 obstantibus

642 2582 858 2664 nacionibus
878 2584 969 2661 dicti
988 2583 1157 2670 Milonis,
1179 2600 1218 2662 et
1235 2585 1276 2662 in
1296 2583 1432 2662 eodem
1451 2613 1630 2691 processu
1651 2583 1791 2662 debere
1811 2585 1971 2662 ulterius
1986 2613 2072 2690 pro-

643 2713 742 2805 cedi,
762 2714 976 2791 secundum
994 2714 1165 2791 raciones
1188 2730 1227 2792 et
1249 2712 1344 2790 facta
1368 2715 1560 2819 proposita
1580 2715 1621 2790 in
1640 2714 1795 2801 eodem;
1816 2714 1939 2792 dictus
1959 2715 2067 2804 Milo,

642 2861 876 2951 procurator,
895 2859 1089 2951 tamquam
1108 2872 1130 2920 a
1148 2841 1242 2920 falso
1261 2859 1301 2922 et
1318 2870 1446 2950 pravo,
1470 2843 1518 2928 ad
1537 2859 1702 2922 nostmn
1728 2843 1869 2922 curiam
1889 2843 2071 2950 appellas·

643 2991 728 3054 set:
746 2974 897 3052 Auditis
916 2974 956 3049 in
977 3001 1087 3052 causa
1107 2972 1207 3050 dicte
1226 2971 1495 3080 appellationis
1513 2973 1683 3080 partibus
1702 2973 1914 3063 antedictis,
1932 2991 1969 3052 et
1983 2975 2069 3052 visis

643 3104 882 3212 processibus
900 3120 940 3181 et
952 3104 1123 3212 judicato
1142 3103 1336 3211 predictis,
1353 3131 1423 3210 per
1437 3103 1541 3181 curie
1558 3119 1686 3182 nostre
1696 3103 1902 3211 judicium,
1925 3103 2068 3183 dictum

642 3235 717 3314 suit
735 3253 775 3313 et
790 3235 1084 3343 pronunciatum
1102 3233 1225 3313 dictos
1248 3235 1424 3313 custodes
1443 3234 1543 3312 male
1558 3234 1764 3342 judicasse,
1786 3251 1825 3311 et
1844 3235 1986 3313 dictum
2004 3237 2069 3314 Mi·

643 3366 770 3444 lonem
790 3365 890 3444 bene
909 3365 1137 3474 appellasse,
1158 3365 1258 3442 salva
1276 3363 1473 3473 principali
1493 3365 1692 3473 questione
1708 3365 1879 3445 Morandi
1896 3366 2068 3470 predicti.

698 3496 855 3575 Veneris
874 3513 960 3574 ante
980 3496 1214 3574 Nativitatem
1233 3495 1399 3574 Domini.

696 3627 888 3707 Dominus
904 3628 937 3706 l.
959 3626 1008 3706 de
1027 3627 1149 3709 Voissi
1168 3611 1384 3733 reportavit,

698 3889 808 3966 XXX.
840 3891 963 3998 Super
981 3919 1027 3970 eo
1052 3891 1175 3998 quod,
1200 3920 1244 3969 ex
1267 3907 1372 4000 parte
1392 3891 1550 3981 Mathai,
1573 3890 1927 3976 adsectationis,
1950 3889 2069 3966 dicto·

642 4045 728 4094 rum
747 4019 976 4128 Malequins,
1001 4021 1177 4112 fratrum,
1204 4022 1252 4099 de
1273 4022 1630 4116 Sancto-Quintino,
1652 4038 1690 4100 et
1707 4021 1961 4128 quorumdam
1981 4021 2068 4096 ami·

643 4177 775 4228 corum
790 4178 967 4241 suonam,
983 4151 1121 4231 ballivo
1133 4152 1424 4232 Viromandensi
1443 4151 1568 4229 fuerat
1587 4152 1857 4230 denunciatum
1874 4151 1980 4258 quod
1997 4180 2069 4229 ma·

638 4280 702 4387 jor
716 4297 755 4357 et
765 4281 881 4386 jurati
898 4281 987 4359 ville
1004 4282 1319 4378 SanetiQuintini
1338 4284 1379 4362 in
1391 4282 1636 4363 Viromandis
1655 4310 1724 4389 per
1743 4311 1831 4360 suos
1849 4281 2066 4368 servientes,

643 4428 681 4488 et
698 4411 818 4489 eciam
836 4412 906 4519 ipsi
926 4413 1130 4492 servientes
1148 4414 1196 4492 de
1214 4433 1392 4523 precepto
1412 4431 1452 4494 et
1469 4413 1663 4492 voluntate
1680 4414 1920 4502 eorumdem,
1940 4412 2069 4520 plures

641 4541 844 4622 violentias
862 4561 902 4624 et
918 4545 1076 4654 injurias
1095 4546 1238 4624 eisdem
1263 4563 1301 4625 et
1322 4546 1370 4625 de
1390 4564 1501 4626 nocte
1521 4519 1745 4639 intulerant,
1767 4573 1907 4653 eosque
1926 4545 2069 4622 violen-

640 4689 701 4750 ter
719 4691 758 4752 et
775 4675 858 4752 sine
876 4704 987 4755 causa
1003 4676 1221 4756 racionabili
1240 4696 1434 4784 ceperant,
1457 4695 1494 4756 et
1512 4677 1581 4756 diu
1597 4694 1797 4757 tenuerant
1816 4676 1952 4754 carceri
1968 4705 2068 4754 man·

643 4803 799 4911 cipatos,
814 4807 854 4882 in
870 4807 1083 4915 cujusmodi
1100 4807 1276 4914 capcione
1287 4807 1481 4900 Colinnm,
1495 4808 1719 4887 eorumdem
1731 4805 1933 4898 famulum,
1951 4808 2068 4884 inter-

643 4933 828 5026 fecerant,
850 4938 1082 5045 requirendo
1105 4938 1274 5045 predicta
1296 4939 1527 5020 sufficienter
1547 4939 1739 5018 emendari
1765 4957 1803 5018 et
1825 4938 1971 5047 puniri,
1995 4939 2067 5016 hoc

547 5064 551 5071 ’
643 5065 746 5144 idem
765 5067 994 5174 quibusdam
1009 5067 1139 5146 amicis
1158 5069 1247 5148 dicti
1268 5070 1395 5150 Colini
1415 5070 1631 5178 petentibus
1651 5089 1690 5150 et
1707 5070 2009 5180 requirentibus;
2032 5087 2070 5147 et

643 5223 665 5271 e
684 5215 814 5275 eontra
829 5199 920 5277 dicti
934 5199 1067 5308 major,
1080 5198 1197 5307 jurati
1216 5218 1256 5278 et
1271 5202 1491 5290 servientes,
1507 5202 1629 5282 adsui
1647 5201 1923 5292 defensionem,
1942 5201 2068 5308 plures

642 5330 907 5434 proponebant
924 5331 1109 5420 raciones,
1131 5330 1274 5408 litteras
1294 5331 1463 5410 officialis
1483 5333 1741 5412 Noviomensis
1765 5332 1999 5418 exhibentes,
2020 5331 2068 5406 ad

645 5457 752 5563 cujus
775 5459 943 5542 officialis
964 5461 1257 5568 requisicionem
1282 5480 1321 5541 et
1344 5463 1563 5544 mandatum
1587 5466 1657 5572 ipsi
1682 5462 1857 5542 dicebant
1881 5457 2068 5568 predictos
