5817 7292
1014 1166 1021 1175 ε
1048 1104 1313 1211 nuoutrns
1340 1123 1405 1195 er
1432 1092 1662 1196 puocss
1977 1127 2052 1203 sco

631 1266 706 1342 hoc
721 1262 770 1341 de
785 1261 962 1340 manduc
977 1280 1109 1340 nostro
1122 1262 1232 1352 iada,
1250 1263 1328 1340 visa
1342 1279 1381 1340 et
1395 1263 1597 1370 diligenter
1608 1263 1832 1354 examinata,
1846 1268 1920 1345 vise
1932 1270 2051 1348 eciam
2093 1283 2224 1339 Penus
2235 1286 2279 1348 lv.

630 1396 802 1502 inquesta
821 1393 916 1472 lacta
940 1422 1056 1502 super
1081 1395 1295 1501 suspicione
1320 1396 1512 1502 proposita
1537 1411 1664 1472 contra
1690 1395 1799 1474 illum
1823 1400 1889 1504 qui
1915 1399 2051 1479 dictem
2156 1377 2218 1419 Μ’

629 1523 719 1602 lecit
744 1524 974 1630 inquestam,
1001 1524 1090 1630 quia
1109 1525 1304 1603 inventum
1325 1543 1382 1603 cst
1405 1523 1635 1602 sufficienter
1654 1525 1856 1631 probatum
1874 1555 2053 1636 magnum

613 1656 797 1760 priorem
827 1653 926 1732 dicte
955 1655 1131 1744 ecclesie,
1163 1655 1316 1734 fratrem
1346 1654 1467 1734 Adam
1501 1656 1548 1733 de
1579 1657 1745 1746 llesson,
1778 1656 2053 1738 thesaurarium

631 1786 731 1863 dicte
758 1784 936 1873 ecclesie,
963 1785 1198 1891 prepositum
1223 1786 1272 1862 de
1296 1784 1331 1861 la
1354 1785 1495 1876 Chese,
1521 1785 1800 1876 Johannetum,
1826 1787 2052 1896 armigerum

576 1893 595 1933 ⁰
630 1915 720 1992 dicti
746 1914 873 2024 magni
900 1914 1058 2020 prioris,
1087 1915 1299 1993 lohannem
1326 1915 1523 1994 Forminet
1551 1932 1589 1992 et
1615 1915 1835 2004 Tessinum,
1862 1945 1936 1994 una
1966 1948 2053 1997 cum

630 2045 857 2153 quibusdam
877 2045 959 2121 aliis
985 2044 1234 2151 complicibus
1262 2046 1340 2122 suis
1363 2045 1539 2124 invasisse
1563 2046 1749 2124 violenter
1775 2063 1921 2124 etcum
1940 2052 2053 2128 armis

630 2175 855 2264 Letrrdum,
885 2175 1068 2282 majorem
1093 2175 1184 2252 dicti
1212 2175 1358 2252 domini
1387 2176 1437 2253 de
1462 2175 1620 2264 Wlmis,
1642 2176 1690 2254 de
1715 2177 1902 2268 Carelles,
1919 2196 1957 2256 et
1981 2179 2052 2258 sibi

628 2305 846 2383 rescussisse
859 2306 1025 2412 quedam
1042 2304 1313 2412 animaliaque
1333 2305 1457 2384 dictus
1472 2307 1602 2414 major,
1624 2307 1664 2385 in
1679 2308 1854 2388 chemino
1876 2309 1966 2386 dicti
1987 2311 2055 2388 do-

559 2539 564 2548 g
630 2435 724 2512 mini
738 2435 787 2512 de
800 2435 941 2516 Wlmis
952 2437 1200 2544 justicinndo,
1218 2454 1367 2544 ceperat
1384 2455 1421 2514 et
1437 2465 1566 2514 secum
1584 2437 1761 2528 ducebat,
1776 2457 1815 2516 et
1830 2466 1894 2518 eos
1908 2435 2051 2518 dictum

628 2567 811 2673 majorem
824 2565 1038 2644 verberasse
1054 2596 1175 2674 usque
1191 2568 1239 2644 ad
1255 2565 1447 2674 sanguinis
1464 2568 1706 2659 effusionem,
1724 2598 1794 2676 per
1809 2572 1910 2648 curie
1926 2589 2054 2649 nostre

625 2698 832 2805 judicium,
850 2697 995 2775 dictum
1008 2698 1080 2776 luit
1091 2714 1130 2774 et
1139 2697 1429 2804 pronunciatum
1443 2697 1549 2804 quod
1564 2697 1686 2775 dictus
1696 2699 1803 2776 locus
1816 2700 1864 2777 de
1876 2701 2054 2806 predictis

630 2828 857 2906 animalibus
874 2829 1100 2917 resaisietur,
1120 2844 1158 2904 et
1176 2827 1280 2935 quod
1300 2826 1390 2903 dicti
1415 2825 1675 2904 malefectores
1699 2828 1800 2906 dicto
1820 2829 1978 2907 domino
2006 2829 2053 2907 de

630 2958 788 3050 Wlmis,
809 2987 878 3065 pro
897 2958 1090 3037 violenciis
1109 2975 1148 3035 et
1168 2958 1341 3064 dampnis
1353 2957 1552 3063 predictis,
1572 2959 1717 3036 solvent
1736 2961 1922 3067 sexaginta
1942 2959 2055 3038 libras

631 3089 913 3166 Turonensium
933 3089 1140 3178 bonorum,
1159 3105 1219 3177 et,
1238 3116 1307 3195 pro
1332 3086 1492 3164 emenda
1510 3103 1651 3177 nostra,
1671 3106 1825 3195 propter
1845 3089 2054 3196 predictam

630 3247 822 3297 armorum
840 3221 1111 3326 portacionem‚
1134 3220 1224 3296 dicti
1245 3219 1360 3325 prior,
1381 3217 1639 3295 thesaurarius
1659 3235 1697 3294 et
1716 3220 1930 3325 prepositus
1949 3220 2054 3298 mille

566 3437 570 3448 ‚
629 3349 762 3441 libras,
786 3368 825 3428 et
840 3349 930 3428 dicti
948 3352 1155 3441 lohannes,
1175 3349 1356 3428 Tassinus
1375 3365 1414 3424 et
1434 3348 1641 3436 lohannes,
1657 3348 1818 3455 quilibet
1833 3377 1985 3438 eorum,
2001 3351 2056 3427 vi-

629 3481 725 3588 ginti
747 3479 862 3560 libras
879 3485 1123 3566 Turonenses
1140 3479 1252 3559 nobis
1266 3477 1489 3586 persolvent.

686 3613 815 3689 Martis
832 3613 1010 3717 predicta.

686 3741 862 3820 Bocellus
880 3743 1095 3848 reportavit.

688 4004 848 4086 XXXIV.
880 4004 977 4083 Cum
1000 4003 1175 4111 magister
1194 4003 1440 4082 Theobrldus
1466 4003 1587 4080 dictus
1606 4002 1780 4080 Mencion
1801 4002 2058 4108 proposuisset

633 4161 759 4211 coram
773 4135 965 4241 preposito
979 4134 1195 4223 Parisiensi‚
1217 4134 1323 4241 quod
1343 4131 1557 4240 Stephanus
1576 4133 1698 4212 dietus
1718 4133 1767 4210 de
1787 4133 2003 4210 Mondidier
2020 4151 2058 4212 et

634 4263 716 4371 ejus
734 4290 829 4340 uxor
846 4262 1074 4340 tenebantur
1093 4262 1219 4341 eidem
1244 4264 1283 4339 in
1308 4263 1495 4370 sexaginta
1521 4261 1627 4340 libris
1651 4261 1938 4352 Parisiensibus,
1961 4263 2058 4341 sicut

634 4421 703 4501 per
721 4393 863 4470 litteras
877 4391 1070 4471 Castelleti
1091 4392 1308 4470 Parisiensis
1326 4391 1476 4470 dicebat
1494 4419 1690 4498 apparere,
1713 4408 1768 4486 et,
1790 4409 1917 4471 contra
1936 4391 2057 4470 dictos

634 4524 813 4633 conjuges
830 4523 879 4600 ad
898 4523 972 4600 hoc
996 4522 1145 4614 citatos,
1169 4523 1344 4630 peciisset
1361 4522 1478 4601 dictas
1498 4521 1641 4601 litteras
1663 4523 1876 4602 execucioni
1902 4522 2058 4601 deman-

606 4731 611 4738 .
635 4656 715 4734 dari
739 4657 780 4732 in
799 4655 911 4734 bonis
930 4655 1126 4763 cujusdam
1144 4652 1254 4734 firme
1275 4682 1390 4763 quam
1408 4654 1591 4734 tenebant
1608 4655 1696 4733 dicti
1715 4654 1895 4763 conjuges
1912 4683 1932 4730 a
1953 4653 2059 4735 Guil-

634 4786 750 4863 lelmo
765 4785 867 4864 dicto
881 4786 932 4863 de
950 4788 1044 4876 Bne,
1062 4787 1266 4894 armigero,
1288 4801 1327 4864 et
1340 4785 1516 4894 magister
1531 4784 1756 4895 Reginaldus
1776 4785 1899 4864 dictus
1917 4786 1953 4863 le
1972 4785 2056 4877 Bel,

637 4916 765 4994 dicens
778 4915 878 4994 dicta
891 4917 993 4996 bone
1009 4917 1057 4994 ad
1074 4945 1114 4994 se
1128 4916 1334 5024 pertinere,
1352 4942 1396 4993 cx
1417 4944 1527 4995 causa
1543 4916 1785 5023 empcionisa
1803 4916 1911 4994 dictis
1930 4917 2060 5024 conju-

635 5045 747 5154 gibus
766 5046 839 5125 sibi
855 5045 968 5139 lacte,
985 5047 1025 5122 in
1043 5029 1263 5155 hujusmodi
1282 5075 1323 5125 sc
1342 5046 1595 5153 opposuisset,
1612 5046 1817 5125 scientibus
1838 5045 2060 5154 conjugibus

637 5177 858 5268 antedictis,
886 5205 1103 5285 proponens
1129 5177 1257 5284 plures
1286 5177 1457 5282 raciones
1483 5193 1635 5285 propter
1663 5205 1754 5285 quas
1784 5175 1932 5254 dicebat
1958 5175 2061 5283 quod

638 5306 737 5384 dicte
762 5306 886 5386 littere
913 5335 993 5386 non
1019 5307 1205 5386 deberent
1232 5307 1342 5385 dietis
1367 5307 1480 5388 bonis
1510 5307 1726 5386 excrucioni
1756 5305 1994 5390 demandari,
2025 5318 2063 5379 et

590 5489 605 5510 .
640 5434 777 5512 auditis
791 5438 1008 5518 racionibus
1026 5439 1119 5518 dicti
1137 5436 1350 5547 Reginaldi,
1367 5435 1703 5544 etndeiensionibus
1722 5437 1810 5514 dicti
1830 5429 2059 5517 Theobaldi,

724 5607 777 5650 css
797 5609 879 5653 osni.
896 5612 943 5656 ιιι.
1842 5651 1848 5662 ,
1896 5587 1957 5648 32⁹
