<?xml version="1.0" encoding="UTF-8"?>
<!DOCTYPE html PUBLIC "-//W3C//DTD XHTML 1.0 Transitional//EN"
    "http://www.w3.org/TR/xhtml1/DTD/xhtml1-transitional.dtd">
<html xmlns="http://www.w3.org/1999/xhtml" xml:lang="en" lang="en">
 <head>
  <title>
</title>
<meta http-equiv="Content-Type" content="text/html;charset=utf-8" />
  <meta name='ocr-system' content='tesseract 3.04.00' />
  <meta name='ocr-capabilities' content='ocr_page ocr_carea ocr_par ocr_line ocrx_word'/>
</head>
<body>
  <div class='ocr_page' id='page_1' title='image "./lesolimouregist00pargoog_0191.png"; bbox 0 0 5817 7292; ppageno 0'>
   <div class='ocr_carea' id='block_1_1' title="bbox 1024 1092 2039 1222">
    <p class='ocr_par' dir='ltr' id='par_1_1' title="bbox 1024 1092 2039 1222">
     <span class='ocr_line' id='line_1_1' title="bbox 1024 1092 2039 1222; baseline -0.004 -16"><span class='ocrx_word' id='word_1_1' title='bbox 1024 1112 1289 1222; x_wconf 73' lang='lat' dir='ltr'>euocatus</span> <span class='ocrx_word' id='word_1_2' title='bbox 1315 1127 1380 1203; x_wconf 82' lang='lat' dir='ltr'>st·</span> <span class='ocrx_word' id='word_1_3' title='bbox 1406 1108 1614 1205; x_wconf 74' lang='lat' dir='ltr'>enonas.</span> <span class='ocrx_word' id='word_1_4' title='bbox 1982 1092 2039 1203; x_wconf 74' lang='lat' dir='ltr'>ss</span> 
     </span>
    </p>
   </div>
   <div class='ocr_carea' id='block_1_2' title="bbox 480 1254 2262 4126">
    <p class='ocr_par' dir='ltr' id='par_1_2' title="bbox 480 1254 2262 3836">
     <span class='ocr_line' id='line_1_2' title="bbox 480 1254 2262 1391; baseline -0.003 -38"><span class='ocrx_word' id='word_1_5' title='bbox 480 1370 485 1391; x_wconf 38' lang='grc' dir='ltr'>Ι</span> <span class='ocrx_word' id='word_1_6' title='bbox 610 1276 652 1353; x_wconf 86' lang='lat' dir='ltr'>in</span> <span class='ocrx_word' id='word_1_7' title='bbox 669 1274 861 1354; x_wconf 84' lang='lat' dir='ltr'>territorio</span> <span class='ocrx_word' id='word_1_8' title='bbox 882 1274 970 1351; x_wconf 84' lang='lat' dir='ltr'>ville</span> <span class='ocrx_word' id='word_1_9' title='bbox 986 1274 1034 1351; x_wconf 93' lang='lat' dir='ltr'>de</span> <span class='ocrx_word' id='word_1_10' title='bbox 1054 1273 1243 1364; x_wconf 80' lang='lat' dir='ltr'>Gonniea,</span> <span class='ocrx_word' id='word_1_11' title='bbox 1265 1273 1304 1351; x_wconf 91' lang='lat' dir='ltr'>in</span> <span class='ocrx_word' id='word_1_12' title='bbox 1324 1273 1470 1354; x_wconf 84' lang='lat' dir='ltr'>censiva</span> <span class='ocrx_word' id='word_1_13' title='bbox 1489 1286 1529 1349; x_wconf 86' lang='lat' dir='ltr'>et</span> <span class='ocrx_word' id='word_1_14' title='bbox 1546 1254 2037 1352; x_wconf 74' lang='lat' dir='ltr'>dominio&#39;abbatitbancti·</span> <span class='ocrx_word' id='word_1_15' title='bbox 2077 1282 2206 1336; x_wconf 64' lang='lat' dir='ltr'>rursm</span> <span class='ocrx_word' id='word_1_16' title='bbox 2218 1280 2262 1347; x_wconf 87' lang='lat' dir='ltr'>tv,</span> 
     </span>
     <span class='ocr_line' id='line_1_3' title="bbox 610 1376 2199 1514; baseline -0.003 -29"><span class='ocrx_word' id='word_1_17' title='bbox 610 1407 804 1514; x_wconf 86' lang='lat' dir='ltr'>Dyonisii,</span> <span class='ocrx_word' id='word_1_18' title='bbox 832 1404 996 1485; x_wconf 86' lang='lat' dir='ltr'>babebat</span> <span class='ocrx_word' id='word_1_19' title='bbox 1026 1401 1188 1512; x_wconf 81' lang='lat' dir='ltr'>quatuor</span> <span class='ocrx_word' id='word_1_20' title='bbox 1214 1421 1368 1511; x_wconf 71' lang='lat' dir='ltr'>arpenta</span> <span class='ocrx_word' id='word_1_21' title='bbox 1392 1394 1603 1491; x_wconf 81' lang='lat' dir='ltr'>vinearum,</span> <span class='ocrx_word' id='word_1_22' title='bbox 1639 1403 1678 1479; x_wconf 91' lang='lat' dir='ltr'>in</span> <span class='ocrx_word' id='word_1_23' title='bbox 1704 1404 1846 1509; x_wconf 88' lang='lat' dir='ltr'>quibus</span> <span class='ocrx_word' id='word_1_24' title='bbox 1870 1404 2036 1509; x_wconf 86' lang='lat' dir='ltr'>quatuor</span> <span class='ocrx_word' id='word_1_25' title='bbox 2138 1376 2199 1416; x_wconf 59' lang='grc' dir='ltr'>Μ’</span> 
     </span>
     <span class='ocr_line' id='line_1_4' title="bbox 611 1532 2037 1641; baseline -0.002 -27"><span class='ocrx_word' id='word_1_26' title='bbox 611 1537 712 1615; x_wconf 87' lang='lat' dir='ltr'>dolia</span> <span class='ocrx_word' id='word_1_27' title='bbox 731 1536 808 1613; x_wconf 91' lang='lat' dir='ltr'>vini</span> <span class='ocrx_word' id='word_1_28' title='bbox 833 1553 1082 1624; x_wconf 82' lang='lat' dir='ltr'>excreverant,</span> <span class='ocrx_word' id='word_1_29' title='bbox 1101 1562 1177 1641; x_wconf 86' lang='lat' dir='ltr'>que</span> <span class='ocrx_word' id='word_1_30' title='bbox 1198 1534 1298 1611; x_wconf 86' lang='lat' dir='ltr'>dolia</span> <span class='ocrx_word' id='word_1_31' title='bbox 1318 1534 1411 1623; x_wconf 88' lang='lat' dir='ltr'>vini,</span> <span class='ocrx_word' id='word_1_32' title='bbox 1429 1549 1476 1610; x_wconf 88' lang='lat' dir='ltr'>ut</span> <span class='ocrx_word' id='word_1_33' title='bbox 1494 1534 1597 1611; x_wconf 87' lang='lat' dir='ltr'>idern</span> <span class='ocrx_word' id='word_1_34' title='bbox 1617 1535 1752 1610; x_wconf 89' lang='lat' dir='ltr'>Petrus</span> <span class='ocrx_word' id='word_1_35' title='bbox 1770 1532 1933 1621; x_wconf 87' lang='lat' dir='ltr'>dicebat,</span> <span class='ocrx_word' id='word_1_36' title='bbox 1953 1564 2037 1639; x_wconf 82' lang='lat' dir='ltr'>pre·</span> 
     </span>
     <span class='ocr_line' id='line_1_5' title="bbox 611 1662 2035 1770; baseline -0.004 -25"><span class='ocrx_word' id='word_1_37' title='bbox 611 1668 737 1745; x_wconf 88' lang='lat' dir='ltr'>dictus</span> <span class='ocrx_word' id='word_1_38' title='bbox 752 1668 970 1755; x_wconf 84' lang='lat' dir='ltr'>Oudardus,</span> <span class='ocrx_word' id='word_1_39' title='bbox 994 1666 1076 1743; x_wconf 88' lang='lat' dir='ltr'>sine</span> <span class='ocrx_word' id='word_1_40' title='bbox 1099 1694 1208 1742; x_wconf 85' lang='lat' dir='ltr'>causa</span> <span class='ocrx_word' id='word_1_41' title='bbox 1228 1662 1462 1753; x_wconf 90' lang='lat' dir='ltr'>racionabili,</span> <span class='ocrx_word' id='word_1_42' title='bbox 1485 1663 1668 1741; x_wconf 75' lang='lat' dir='ltr'>levaverat</span> <span class='ocrx_word' id='word_1_43' title='bbox 1684 1682 1724 1741; x_wconf 90' lang='lat' dir='ltr'>et</span> <span class='ocrx_word' id='word_1_44' title='bbox 1740 1666 1779 1741; x_wconf 93' lang='lat' dir='ltr'>in</span> <span class='ocrx_word' id='word_1_45' title='bbox 1799 1664 1918 1770; x_wconf 87' lang='lat' dir='ltr'>ipsius</span> <span class='ocrx_word' id='word_1_46' title='bbox 1937 1666 2035 1740; x_wconf 87' lang='lat' dir='ltr'>Petri</span> 
     </span>
     <span class='ocr_line' id='line_1_6' title="bbox 611 1793 2036 1907; baseline -0.004 -30"><span class='ocrx_word' id='word_1_47' title='bbox 611 1797 862 1907; x_wconf 79' lang='lat' dir='ltr'>prejudicium</span> <span class='ocrx_word' id='word_1_48' title='bbox 878 1796 1091 1886; x_wconf 83' lang='lat' dir='ltr'>detinebat;</span> <span class='ocrx_word' id='word_1_49' title='bbox 1105 1813 1325 1903; x_wconf 68' lang='lat' dir='ltr'>peteretque</span> <span class='ocrx_word' id='word_1_50' title='bbox 1339 1794 1437 1872; x_wconf 88' lang='lat' dir='ltr'>dicta</span> <span class='ocrx_word' id='word_1_51' title='bbox 1448 1814 1611 1903; x_wconf 89' lang='lat' dir='ltr'>quatuor</span> <span class='ocrx_word' id='word_1_52' title='bbox 1618 1797 1694 1873; x_wconf 89' lang='lat' dir='ltr'>vini</span> <span class='ocrx_word' id='word_1_53' title='bbox 1709 1796 1809 1873; x_wconf 92' lang='lat' dir='ltr'>dolia</span> <span class='ocrx_word' id='word_1_54' title='bbox 1821 1796 1891 1873; x_wconf 86' lang='lat' dir='ltr'>sibi</span> <span class='ocrx_word' id='word_1_55' title='bbox 1905 1793 2036 1883; x_wconf 82' lang='lat' dir='ltr'>reddi,</span> 
     </span>
     <span class='ocr_line' id='line_1_7' title="bbox 612 1904 2037 2035; baseline -0.003 -28"><span class='ocrx_word' id='word_1_56' title='bbox 612 1948 651 2007; x_wconf 87' lang='lat' dir='ltr'>et</span> <span class='ocrx_word' id='word_1_57' title='bbox 671 1904 849 2007; x_wconf 78' lang='lat' dir='ltr'>eumde&#39;m</span> <span class='ocrx_word' id='word_1_58' title='bbox 868 1927 1092 2007; x_wconf 85' lang='lat' dir='ltr'>Oudardum</span> <span class='ocrx_word' id='word_1_59' title='bbox 1111 1927 1160 2005; x_wconf 85' lang='lat' dir='ltr'>ad</span> <span class='ocrx_word' id='word_1_60' title='bbox 1178 1956 1222 2005; x_wconf 90' lang='lat' dir='ltr'>ea</span> <span class='ocrx_word' id='word_1_61' title='bbox 1241 1928 1314 2006; x_wconf 86' lang='lat' dir='ltr'>sibi</span> <span class='ocrx_word' id='word_1_62' title='bbox 1334 1926 1530 2004; x_wconf 88' lang='lat' dir='ltr'>reddenda</span> <span class='ocrx_word' id='word_1_63' title='bbox 1550 1928 1745 2035; x_wconf 76' lang='lat' dir='ltr'>compelli3</span> <span class='ocrx_word' id='word_1_64' title='bbox 1764 1927 1934 2034; x_wconf 88' lang='lat' dir='ltr'>predicto</span> <span class='ocrx_word' id='word_1_65' title='bbox 1955 1927 2037 2005; x_wconf 90' lang='lat' dir='ltr'>Ou-</span> 
     </span>
     <span class='ocr_line' id='line_1_8' title="bbox 613 2043 2037 2164; baseline -0.004 -27"><span class='ocrx_word' id='word_1_66' title='bbox 613 2060 731 2137; x_wconf 86' lang='lat' dir='ltr'>dardo</span> <span class='ocrx_word' id='word_1_67' title='bbox 757 2060 797 2137; x_wconf 92' lang='lat' dir='ltr'>in</span> <span class='ocrx_word' id='word_1_68' title='bbox 821 2059 1049 2137; x_wconf 88' lang='lat' dir='ltr'>contrarium</span> <span class='ocrx_word' id='word_1_69' title='bbox 1074 2074 1327 2164; x_wconf 74' lang='lat' dir='ltr'>proponente,</span> <span class='ocrx_word' id='word_1_70' title='bbox 1353 2074 1392 2133; x_wconf 87' lang='lat' dir='ltr'>et</span> <span class='ocrx_word' id='word_1_71' title='bbox 1415 2057 1590 2163; x_wconf 87' lang='lat' dir='ltr'>pluribus</span> <span class='ocrx_word' id='word_1_72' title='bbox 1614 2060 1736 2135; x_wconf 88' lang='lat' dir='ltr'>causis</span> <span class='ocrx_word' id='word_1_73' title='bbox 1760 2043 1908 2136; x_wconf 78' lang='lat' dir='ltr'>dicente</span> <span class='ocrx_word' id='word_1_74' title='bbox 1931 2086 1971 2133; x_wconf 88' lang='lat' dir='ltr'>se</span> <span class='ocrx_word' id='word_1_75' title='bbox 1991 2058 2037 2133; x_wconf 91' lang='lat' dir='ltr'>ad</span> 
     </span>
     <span class='ocr_line' id='line_1_9' title="bbox 613 2186 2040 2296; baseline -0.001 -29"><span class='ocrx_word' id='word_1_76' title='bbox 613 2190 687 2268; x_wconf 88' lang='lat' dir='ltr'>boc</span> <span class='ocrx_word' id='word_1_77' title='bbox 703 2216 780 2267; x_wconf 91' lang='lat' dir='ltr'>non</span> <span class='ocrx_word' id='word_1_78' title='bbox 799 2190 941 2280; x_wconf 76' lang='lat' dir='ltr'>teneri3</span> <span class='ocrx_word' id='word_1_79' title='bbox 966 2189 1088 2267; x_wconf 89' lang='lat' dir='ltr'>dictus</span> <span class='ocrx_word' id='word_1_80' title='bbox 1103 2189 1333 2296; x_wconf 84' lang='lat' dir='ltr'>prepositus,</span> <span class='ocrx_word' id='word_1_81' title='bbox 1350 2186 1488 2265; x_wconf 89' lang='lat' dir='ltr'>auditis</span> <span class='ocrx_word' id='word_1_82' title='bbox 1501 2190 1672 2295; x_wconf 88' lang='lat' dir='ltr'>parcium</span> <span class='ocrx_word' id='word_1_83' title='bbox 1687 2190 1916 2278; x_wconf 80' lang='lat' dir='ltr'>rosionibus,</span> <span class='ocrx_word' id='word_1_84' title='bbox 1934 2218 2040 2269; x_wconf 86' lang='lat' dir='ltr'>eum-</span> 
     </span>
     <span class='ocr_line' id='line_1_10' title="bbox 611 2314 2104 2428; baseline -0.001 -29"><span class='ocrx_word' id='word_1_85' title='bbox 611 2320 700 2399; x_wconf 89' lang='lat' dir='ltr'>dem</span> <span class='ocrx_word' id='word_1_86' title='bbox 721 2321 947 2399; x_wconf 90' lang='lat' dir='ltr'>Oudardum</span> <span class='ocrx_word' id='word_1_87' title='bbox 966 2322 1013 2398; x_wconf 88' lang='lat' dir='ltr'>ab</span> <span class='ocrx_word' id='word_1_88' title='bbox 1031 2320 1273 2425; x_wconf 88' lang='lat' dir='ltr'>impeticione</span> <span class='ocrx_word' id='word_1_89' title='bbox 1293 2318 1462 2424; x_wconf 83' lang='lat' dir='ltr'>predicta</span> <span class='ocrx_word' id='word_1_90' title='bbox 1481 2320 1572 2397; x_wconf 91' lang='lat' dir='ltr'>dicti</span> <span class='ocrx_word' id='word_1_91' title='bbox 1591 2321 1692 2399; x_wconf 87' lang='lat' dir='ltr'>Petri</span> <span class='ocrx_word' id='word_1_92' title='bbox 1716 2348 1917 2428; x_wconf 83' lang='lat' dir='ltr'>persuum</span> <span class='ocrx_word' id='word_1_93' title='bbox 1935 2322 2039 2428; x_wconf 81' lang='lat' dir='ltr'>judi·</span> <span class='ocrx_word' id='word_1_94' title='bbox 2100 2314 2104 2319; x_wconf 50' lang='lat'><em>⁷</em></span> 
     </span>
     <span class='ocr_line' id='line_1_11' title="bbox 613 2448 2041 2560; baseline -0.001 -31"><span class='ocrx_word' id='word_1_95' title='bbox 613 2450 713 2529; x_wconf 88' lang='lat' dir='ltr'>cium</span> <span class='ocrx_word' id='word_1_96' title='bbox 726 2452 898 2543; x_wconf 73' lang='lat' dir='ltr'>absolvit3</span> <span class='ocrx_word' id='word_1_97' title='bbox 913 2481 934 2528; x_wconf 88' lang='lat' dir='ltr'>a</span> <span class='ocrx_word' id='word_1_98' title='bbox 949 2482 1025 2558; x_wconf 92' lang='lat' dir='ltr'>quo</span> <span class='ocrx_word' id='word_1_99' title='bbox 1034 2451 1223 2560; x_wconf 83' lang='lat' dir='ltr'>judicato,</span> <span class='ocrx_word' id='word_1_100' title='bbox 1237 2468 1417 2556; x_wconf 90' lang='lat' dir='ltr'>tanquam</span> <span class='ocrx_word' id='word_1_101' title='bbox 1430 2480 1452 2527; x_wconf 93' lang='lat' dir='ltr'>a</span> <span class='ocrx_word' id='word_1_102' title='bbox 1464 2451 1558 2529; x_wconf 83' lang='lat' dir='ltr'>falso</span> <span class='ocrx_word' id='word_1_103' title='bbox 1573 2470 1755 2559; x_wconf 79' lang='lat' dir='ltr'>etpraro,</span> <span class='ocrx_word' id='word_1_104' title='bbox 1770 2448 1895 2531; x_wconf 87' lang='lat' dir='ltr'>dictus</span> <span class='ocrx_word' id='word_1_105' title='bbox 1907 2454 2041 2529; x_wconf 88' lang='lat' dir='ltr'>Petrus</span> 
     </span>
     <span class='ocr_line' id='line_1_12' title="bbox 612 2566 2041 2688; baseline 0 -29"><span class='ocrx_word' id='word_1_106' title='bbox 612 2582 661 2659; x_wconf 88' lang='lat' dir='ltr'>ad</span> <span class='ocrx_word' id='word_1_107' title='bbox 671 2580 849 2659; x_wconf 86' lang='lat' dir='ltr'>ballivum</span> <span class='ocrx_word' id='word_1_108' title='bbox 863 2600 1037 2660; x_wconf 87' lang='lat' dir='ltr'>nostrum</span> <span class='ocrx_word' id='word_1_109' title='bbox 1048 2582 1366 2660; x_wconf 87' lang='lat' dir='ltr'>Silvanectensem</span> <span class='ocrx_word' id='word_1_110' title='bbox 1382 2577 1598 2687; x_wconf 84' lang='lat' dir='ltr'>appellavit;</span> <span class='ocrx_word' id='word_1_111' title='bbox 1615 2575 1865 2688; x_wconf 89' lang='lat' dir='ltr'>quiballivus,</span> <span class='ocrx_word' id='word_1_112' title='bbox 1882 2584 1921 2657; x_wconf 91' lang='lat' dir='ltr'>in</span> <span class='ocrx_word' id='word_1_113' title='bbox 1931 2566 2041 2659; x_wconf 87' lang='lat' dir='ltr'>causa</span> 
     </span>
     <span class='ocr_line' id='line_1_13' title="bbox 612 2712 2042 2821; baseline 0.001 -32"><span class='ocrx_word' id='word_1_114' title='bbox 612 2712 712 2789; x_wconf 89' lang='lat' dir='ltr'>dicte</span> <span class='ocrx_word' id='word_1_115' title='bbox 734 2712 997 2821; x_wconf 89' lang='lat' dir='ltr'>appellacionis</span> <span class='ocrx_word' id='word_1_116' title='bbox 1019 2714 1245 2818; x_wconf 86' lang='lat' dir='ltr'>procedens,</span> <span class='ocrx_word' id='word_1_117' title='bbox 1267 2712 1427 2818; x_wconf 87' lang='lat' dir='ltr'>predicti</span> <span class='ocrx_word' id='word_1_118' title='bbox 1454 2713 1635 2817; x_wconf 79' lang='lat' dir='ltr'>prepositi</span> <span class='ocrx_word' id='word_1_119' title='bbox 1655 2716 1882 2791; x_wconf 79' lang='lat' dir='ltr'>sentenciam</span> <span class='ocrx_word' id='word_1_120' title='bbox 1905 2716 2042 2790; x_wconf 84' lang='lat' dir='ltr'>confir-</span> 
     </span>
     <span class='ocr_line' id='line_1_14' title="bbox 614 2841 2040 2948; baseline 0.002 -29"><span class='ocrx_word' id='word_1_121' title='bbox 614 2842 741 2933; x_wconf 79' lang='lat' dir='ltr'>mavit3</span> <span class='ocrx_word' id='word_1_122' title='bbox 770 2871 791 2918; x_wconf 86' lang='lat' dir='ltr'>a</span> <span class='ocrx_word' id='word_1_123' title='bbox 819 2843 926 2948; x_wconf 88' lang='lat' dir='ltr'>cujus</span> <span class='ocrx_word' id='word_1_124' title='bbox 951 2842 1074 2919; x_wconf 86' lang='lat' dir='ltr'>ballivi</span> <span class='ocrx_word' id='word_1_125' title='bbox 1096 2841 1286 2918; x_wconf 82' lang='lat' dir='ltr'>sentencia</span> <span class='ocrx_word' id='word_1_126' title='bbox 1309 2843 1587 2918; x_wconf 86' lang='lat' dir='ltr'>confirmatoria</span> <span class='ocrx_word' id='word_1_127' title='bbox 1612 2842 1887 2920; x_wconf 78' lang='lat' dir='ltr'>dictusd’etms</span> <span class='ocrx_word' id='word_1_128' title='bbox 1906 2845 2040 2922; x_wconf 89' lang='lat' dir='ltr'>iterato</span> 
     </span>
     <span class='ocr_line' id='line_1_15' title="bbox 614 2968 2038 3079; baseline 0.003 -31"><span class='ocrx_word' id='word_1_129' title='bbox 614 2972 663 3051; x_wconf 88' lang='lat' dir='ltr'>ad</span> <span class='ocrx_word' id='word_1_130' title='bbox 676 2988 842 3049; x_wconf 88' lang='lat' dir='ltr'>nostram</span> <span class='ocrx_word' id='word_1_131' title='bbox 859 2972 1000 3050; x_wconf 89' lang='lat' dir='ltr'>curiam</span> <span class='ocrx_word' id='word_1_132' title='bbox 1017 2971 1239 3079; x_wconf 89' lang='lat' dir='ltr'>appellavit:</span> <span class='ocrx_word' id='word_1_133' title='bbox 1255 2972 1446 3059; x_wconf 82' lang='lat' dir='ltr'>Tandem,</span> <span class='ocrx_word' id='word_1_134' title='bbox 1464 2971 1504 3046; x_wconf 91' lang='lat' dir='ltr'>in</span> <span class='ocrx_word' id='word_1_135' title='bbox 1520 2998 1629 3048; x_wconf 86' lang='lat' dir='ltr'>causa</span> <span class='ocrx_word' id='word_1_136' title='bbox 1644 2968 1743 3048; x_wconf 86' lang='lat' dir='ltr'>dicte</span> <span class='ocrx_word' id='word_1_137' title='bbox 1759 2972 2038 3079; x_wconf 70' lang='lat' dir='ltr'>appellacionirt,</span> 
     </span>
     <span class='ocr_line' id='line_1_16' title="bbox 613 3100 2043 3212; baseline 0.001 -31"><span class='ocrx_word' id='word_1_138' title='bbox 613 3102 752 3185; x_wconf 88' lang='lat' dir='ltr'>auditis</span> <span class='ocrx_word' id='word_1_139' title='bbox 766 3103 935 3207; x_wconf 91' lang='lat' dir='ltr'>parcium</span> <span class='ocrx_word' id='word_1_140' title='bbox 950 3102 1167 3181; x_wconf 79' lang='lat' dir='ltr'>nacionibus</span> <span class='ocrx_word' id='word_1_141' title='bbox 1183 3102 1272 3179; x_wconf 90' lang='lat' dir='ltr'>hinc</span> <span class='ocrx_word' id='word_1_142' title='bbox 1287 3121 1326 3179; x_wconf 89' lang='lat' dir='ltr'>et</span> <span class='ocrx_word' id='word_1_143' title='bbox 1342 3100 1453 3193; x_wconf 84' lang='lat' dir='ltr'>inde,</span> <span class='ocrx_word' id='word_1_144' title='bbox 1472 3120 1511 3179; x_wconf 91' lang='lat' dir='ltr'>et</span> <span class='ocrx_word' id='word_1_145' title='bbox 1525 3102 1759 3208; x_wconf 80' lang='lat' dir='ltr'>superiectis</span> <span class='ocrx_word' id='word_1_146' title='bbox 1773 3104 1938 3209; x_wconf 85' lang='lat' dir='ltr'>ipsarum</span> <span class='ocrx_word' id='word_1_147' title='bbox 1958 3135 2043 3212; x_wconf 87' lang='lat' dir='ltr'>par·</span> 
     </span>
     <span class='ocr_line' id='line_1_17' title="bbox 614 3232 2042 3342; baseline 0.003 -31"><span class='ocrx_word' id='word_1_148' title='bbox 614 3234 716 3311; x_wconf 90' lang='lat' dir='ltr'>cium</span> <span class='ocrx_word' id='word_1_149' title='bbox 734 3233 909 3339; x_wconf 87' lang='lat' dir='ltr'>inquesta</span> <span class='ocrx_word' id='word_1_150' title='bbox 930 3232 1043 3321; x_wconf 86' lang='lat' dir='ltr'>lacta,</span> <span class='ocrx_word' id='word_1_151' title='bbox 1059 3233 1136 3310; x_wconf 89' lang='lat' dir='ltr'>visa</span> <span class='ocrx_word' id='word_1_152' title='bbox 1157 3249 1196 3311; x_wconf 91' lang='lat' dir='ltr'>et</span> <span class='ocrx_word' id='word_1_153' title='bbox 1217 3233 1418 3339; x_wconf 84' lang='lat' dir='ltr'>diligenter</span> <span class='ocrx_word' id='word_1_154' title='bbox 1438 3234 1663 3318; x_wconf 83' lang='lat' dir='ltr'>examinata,</span> <span class='ocrx_word' id='word_1_155' title='bbox 1680 3234 1842 3339; x_wconf 85' lang='lat' dir='ltr'>visisque</span> <span class='ocrx_word' id='word_1_156' title='bbox 1858 3240 2042 3342; x_wconf 85' lang='lat' dir='ltr'>processi·</span> 
     </span>
     <span class='ocr_line' id='line_1_18' title="bbox 612 3364 2043 3471; baseline 0.001 -29"><span class='ocrx_word' id='word_1_157' title='bbox 612 3364 684 3442; x_wconf 90' lang='lat' dir='ltr'>bus</span> <span class='ocrx_word' id='word_1_158' title='bbox 707 3364 885 3442; x_wconf 90' lang='lat' dir='ltr'>omnibus</span> <span class='ocrx_word' id='word_1_159' title='bbox 907 3364 1125 3452; x_wconf 86' lang='lat' dir='ltr'>antedictis,</span> <span class='ocrx_word' id='word_1_160' title='bbox 1151 3390 1220 3469; x_wconf 92' lang='lat' dir='ltr'>per</span> <span class='ocrx_word' id='word_1_161' title='bbox 1244 3364 1347 3441; x_wconf 89' lang='lat' dir='ltr'>curie</span> <span class='ocrx_word' id='word_1_162' title='bbox 1363 3381 1492 3441; x_wconf 89' lang='lat' dir='ltr'>nostre</span> <span class='ocrx_word' id='word_1_163' title='bbox 1510 3364 1719 3471; x_wconf 86' lang='lat' dir='ltr'>judicium,</span> <span class='ocrx_word' id='word_1_164' title='bbox 1743 3364 1887 3443; x_wconf 90' lang='lat' dir='ltr'>dictum</span> <span class='ocrx_word' id='word_1_165' title='bbox 1910 3367 1982 3443; x_wconf 79' lang='lat' dir='ltr'>fuit</span> <span class='ocrx_word' id='word_1_166' title='bbox 2004 3386 2043 3445; x_wconf 89' lang='lat' dir='ltr'>et</span> 
     </span>
     <span class='ocr_line' id='line_1_19' title="bbox 612 3492 2044 3604; baseline 0.001 -31"><span class='ocrx_word' id='word_1_167' title='bbox 612 3495 903 3604; x_wconf 80' lang='lat' dir='ltr'>pronunciatum</span> <span class='ocrx_word' id='word_1_168' title='bbox 923 3495 1113 3601; x_wconf 90' lang='lat' dir='ltr'>predictos</span> <span class='ocrx_word' id='word_1_169' title='bbox 1139 3496 1376 3602; x_wconf 89' lang='lat' dir='ltr'>prepositum</span> <span class='ocrx_word' id='word_1_170' title='bbox 1402 3512 1439 3573; x_wconf 90' lang='lat' dir='ltr'>et</span> <span class='ocrx_word' id='word_1_171' title='bbox 1457 3492 1639 3573; x_wconf 81' lang='lat' dir='ltr'>ballivum</span> <span class='ocrx_word' id='word_1_172' title='bbox 1657 3495 1757 3573; x_wconf 91' lang='lat' dir='ltr'>bene</span> <span class='ocrx_word' id='word_1_173' title='bbox 1776 3497 1982 3603; x_wconf 85' lang='lat' dir='ltr'>judicasse,</span> <span class='ocrx_word' id='word_1_174' title='bbox 2005 3518 2044 3575; x_wconf 94' lang='lat' dir='ltr'>et</span> 
     </span>
     <span class='ocr_line' id='line_1_20' title="bbox 615 3626 2041 3735; baseline 0.002 -31"><span class='ocrx_word' id='word_1_175' title='bbox 615 3626 758 3704; x_wconf 90' lang='lat' dir='ltr'>dictum</span> <span class='ocrx_word' id='word_1_176' title='bbox 774 3628 926 3705; x_wconf 87' lang='lat' dir='ltr'>Petrum</span> <span class='ocrx_word' id='word_1_177' title='bbox 941 3626 1039 3703; x_wconf 89' lang='lat' dir='ltr'>male</span> <span class='ocrx_word' id='word_1_178' title='bbox 1053 3626 1272 3735; x_wconf 86' lang='lat' dir='ltr'>appellasse,</span> <span class='ocrx_word' id='word_1_179' title='bbox 1290 3644 1328 3704; x_wconf 90' lang='lat' dir='ltr'>et</span> <span class='ocrx_word' id='word_1_180' title='bbox 1345 3626 1450 3733; x_wconf 92' lang='lat' dir='ltr'>quod</span> <span class='ocrx_word' id='word_1_181' title='bbox 1463 3627 1544 3734; x_wconf 88' lang='lat' dir='ltr'>ipse</span> <span class='ocrx_word' id='word_1_182' title='bbox 1559 3628 1692 3705; x_wconf 88' lang='lat' dir='ltr'>Petrus</span> <span class='ocrx_word' id='word_1_183' title='bbox 1705 3628 1779 3705; x_wconf 91' lang='lat' dir='ltr'>boc</span> <span class='ocrx_word' id='word_1_184' title='bbox 1796 3629 1899 3706; x_wconf 89' lang='lat' dir='ltr'>curie</span> <span class='ocrx_word' id='word_1_185' title='bbox 1914 3648 2041 3707; x_wconf 87' lang='lat' dir='ltr'>nostre</span> 
     </span>
     <span class='ocr_line' id='line_1_21' title="bbox 615 3758 845 3836; baseline 0.009 -3"><span class='ocrx_word' id='word_1_186' title='bbox 615 3758 845 3836; x_wconf 89' lang='lat' dir='ltr'>emendabit.</span> 
     </span>
    </p>

    <p class='ocr_par' dir='ltr' id='par_1_3' title="bbox 670 3888 1502 4126">
     <span class='ocr_line' id='line_1_22' title="bbox 670 3888 1502 3967; baseline -0.004 0"><span class='ocrx_word' id='word_1_187' title='bbox 670 3889 848 3967; x_wconf 89' lang='lat' dir='ltr'>Mercurii</span> <span class='ocrx_word' id='word_1_188' title='bbox 867 3905 951 3965; x_wconf 89' lang='lat' dir='ltr'>ante</span> <span class='ocrx_word' id='word_1_189' title='bbox 971 3888 1316 3967; x_wconf 85' lang='lat' dir='ltr'>Annunciacionem</span> <span class='ocrx_word' id='word_1_190' title='bbox 1336 3888 1502 3965; x_wconf 86' lang='lat' dir='ltr'>Domini.</span> 
     </span>
     <span class='ocr_line' id='line_1_23' title="bbox 671 4018 1086 4126; baseline -0.005 -29"><span class='ocrx_word' id='word_1_191' title='bbox 671 4020 721 4097; x_wconf 89' lang='lat' dir='ltr'>M.</span> <span class='ocrx_word' id='word_1_192' title='bbox 743 4018 854 4097; x_wconf 82' lang='lat' dir='ltr'>Alton</span> <span class='ocrx_word' id='word_1_193' title='bbox 873 4020 1086 4126; x_wconf 87' lang='lat' dir='ltr'>reportavit.</span> 
     </span>
    </p>
   </div>
   <div class='ocr_carea' id='block_1_3' title="bbox 615 4282 2096 5577">
    <p class='ocr_par' dir='ltr' id='par_1_4' title="bbox 615 4282 2096 5577">
     <span class='ocr_line' id='line_1_24' title="bbox 671 4282 2039 4393; baseline 0.001 -34"><span class='ocrx_word' id='word_1_194' title='bbox 671 4283 762 4359; x_wconf 88' lang='lat' dir='ltr'>XLI.</span> <span class='ocrx_word' id='word_1_195' title='bbox 793 4283 890 4361; x_wconf 85' lang='lat' dir='ltr'>Cum</span> <span class='ocrx_word' id='word_1_196' title='bbox 919 4282 1019 4361; x_wconf 88' lang='lat' dir='ltr'>inter</span> <span class='ocrx_word' id='word_1_197' title='bbox 1049 4282 1231 4392; x_wconf 87' lang='lat' dir='ltr'>majorem</span> <span class='ocrx_word' id='word_1_198' title='bbox 1264 4300 1303 4363; x_wconf 90' lang='lat' dir='ltr'>et</span> <span class='ocrx_word' id='word_1_199' title='bbox 1329 4282 1476 4393; x_wconf 89' lang='lat' dir='ltr'>juratos</span> <span class='ocrx_word' id='word_1_200' title='bbox 1507 4283 1787 4361; x_wconf 89' lang='lat' dir='ltr'>communitatis</span> <span class='ocrx_word' id='word_1_201' title='bbox 1817 4282 2039 4376; x_wconf 89' lang='lat' dir='ltr'>Meldensis,</span> 
     </span>
     <span class='ocr_line' id='line_1_25' title="bbox 616 4414 2042 4521; baseline 0.004 -30"><span class='ocrx_word' id='word_1_202' title='bbox 616 4414 786 4521; x_wconf 88' lang='lat' dir='ltr'>ejusdem</span> <span class='ocrx_word' id='word_1_203' title='bbox 808 4414 1286 4507; x_wconf 70' lang='lat' dir='ltr'>communitatisnomine,</span> <span class='ocrx_word' id='word_1_204' title='bbox 1310 4444 1355 4493; x_wconf 78' lang='lat' dir='ltr'>ex</span> <span class='ocrx_word' id='word_1_205' title='bbox 1380 4446 1457 4494; x_wconf 88' lang='lat' dir='ltr'>nna</span> <span class='ocrx_word' id='word_1_206' title='bbox 1481 4434 1603 4521; x_wconf 81' lang='lat' dir='ltr'>parte,</span> <span class='ocrx_word' id='word_1_207' title='bbox 1626 4432 1665 4493; x_wconf 86' lang='lat' dir='ltr'>et</span> <span class='ocrx_word' id='word_1_208' title='bbox 1682 4417 1885 4496; x_wconf 88' lang='lat' dir='ltr'>Girardum</span> <span class='ocrx_word' id='word_1_209' title='bbox 1905 4417 1952 4494; x_wconf 92' lang='lat' dir='ltr'>de</span> <span class='ocrx_word' id='word_1_210' title='bbox 1972 4419 2042 4497; x_wconf 84' lang='lat' dir='ltr'>So-</span> 
     </span>
     <span class='ocr_line' id='line_1_26' title="bbox 615 4543 2043 4638; baseline 0.004 -17"><span class='ocrx_word' id='word_1_211' title='bbox 615 4543 727 4634; x_wconf 86' lang='lat' dir='ltr'>lerio,</span> <span class='ocrx_word' id='word_1_212' title='bbox 746 4544 1016 4636; x_wconf 90' lang='lat' dir='ltr'>monetarium,</span> <span class='ocrx_word' id='word_1_213' title='bbox 1036 4574 1079 4622; x_wconf 82' lang='lat' dir='ltr'>er</span> <span class='ocrx_word' id='word_1_214' title='bbox 1098 4546 1229 4638; x_wconf 82' lang='lat' dir='ltr'>altera,</span> <span class='ocrx_word' id='word_1_215' title='bbox 1247 4549 1286 4626; x_wconf 92' lang='lat' dir='ltr'>in</span> <span class='ocrx_word' id='word_1_216' title='bbox 1306 4548 1409 4626; x_wconf 87' lang='lat' dir='ltr'>curia</span> <span class='ocrx_word' id='word_1_217' title='bbox 1423 4565 1550 4626; x_wconf 88' lang='lat' dir='ltr'>nostra</span> <span class='ocrx_word' id='word_1_218' title='bbox 1563 4549 1812 4626; x_wconf 88' lang='lat' dir='ltr'>controversia</span> <span class='ocrx_word' id='word_1_219' title='bbox 1828 4564 1930 4626; x_wconf 89' lang='lat' dir='ltr'>mota</span> <span class='ocrx_word' id='word_1_220' title='bbox 1944 4568 2043 4627; x_wconf 87' lang='lat' dir='ltr'>esset</span> 
     </span>
     <span class='ocr_line' id='line_1_27' title="bbox 616 4676 2043 4787; baseline 0.004 -34"><span class='ocrx_word' id='word_1_221' title='bbox 616 4704 730 4782; x_wconf 87' lang='lat' dir='ltr'>super</span> <span class='ocrx_word' id='word_1_222' title='bbox 749 4704 795 4753; x_wconf 89' lang='lat' dir='ltr'>eo</span> <span class='ocrx_word' id='word_1_223' title='bbox 812 4676 918 4782; x_wconf 91' lang='lat' dir='ltr'>quod</span> <span class='ocrx_word' id='word_1_224' title='bbox 937 4676 1028 4754; x_wconf 90' lang='lat' dir='ltr'>dicti</span> <span class='ocrx_word' id='word_1_225' title='bbox 1046 4679 1167 4785; x_wconf 87' lang='lat' dir='ltr'>major</span> <span class='ocrx_word' id='word_1_226' title='bbox 1186 4698 1224 4757; x_wconf 90' lang='lat' dir='ltr'>et</span> <span class='ocrx_word' id='word_1_227' title='bbox 1239 4680 1354 4787; x_wconf 87' lang='lat' dir='ltr'>jurati</span> <span class='ocrx_word' id='word_1_228' title='bbox 1376 4680 1550 4759; x_wconf 89' lang='lat' dir='ltr'>dicebant</span> <span class='ocrx_word' id='word_1_229' title='bbox 1571 4680 1716 4758; x_wconf 88' lang='lat' dir='ltr'>dictum</span> <span class='ocrx_word' id='word_1_230' title='bbox 1735 4680 1938 4759; x_wconf 89' lang='lat' dir='ltr'>Girardum</span> <span class='ocrx_word' id='word_1_231' title='bbox 1955 4710 2043 4758; x_wconf 81' lang='lat' dir='ltr'>con-</span> 
     </span>
     <span class='ocr_line' id='line_1_28' title="bbox 615 4807 2042 4891; baseline 0.003 -6"><span class='ocrx_word' id='word_1_232' title='bbox 615 4808 784 4886; x_wconf 88' lang='lat' dir='ltr'>tribuere</span> <span class='ocrx_word' id='word_1_233' title='bbox 808 4807 947 4889; x_wconf 87' lang='lat' dir='ltr'>debere</span> <span class='ocrx_word' id='word_1_234' title='bbox 970 4810 1009 4886; x_wconf 92' lang='lat' dir='ltr'>in</span> <span class='ocrx_word' id='word_1_235' title='bbox 1029 4809 1222 4889; x_wconf 89' lang='lat' dir='ltr'>solucione</span> <span class='ocrx_word' id='word_1_236' title='bbox 1243 4840 1353 4891; x_wconf 83' lang='lat' dir='ltr'>censa</span> <span class='ocrx_word' id='word_1_237' title='bbox 1373 4813 1483 4891; x_wconf 91' lang='lat' dir='ltr'>nobis</span> <span class='ocrx_word' id='word_1_238' title='bbox 1504 4812 1631 4890; x_wconf 88' lang='lat' dir='ltr'>debite</span> <span class='ocrx_word' id='word_1_239' title='bbox 1657 4813 1704 4889; x_wconf 88' lang='lat' dir='ltr'>ab</span> <span class='ocrx_word' id='word_1_240' title='bbox 1728 4812 1872 4890; x_wconf 87' lang='lat' dir='ltr'>eisdem</span> <span class='ocrx_word' id='word_1_241' title='bbox 1892 4814 2042 4889; x_wconf 87' lang='lat' dir='ltr'>racione</span> 
     </span>
     <span class='ocr_line' id='line_1_29' title="bbox 616 4938 2042 5051; baseline 0.002 -33"><span class='ocrx_word' id='word_1_242' title='bbox 616 4938 838 5048; x_wconf 84' lang='lat' dir='ltr'>Campanis,</span> <span class='ocrx_word' id='word_1_243' title='bbox 869 4969 939 5046; x_wconf 92' lang='lat' dir='ltr'>pro</span> <span class='ocrx_word' id='word_1_244' title='bbox 966 4942 1207 5021; x_wconf 86' lang='lat' dir='ltr'>concessione</span> <span class='ocrx_word' id='word_1_245' title='bbox 1239 4945 1520 5023; x_wconf 85' lang='lat' dir='ltr'>communitatis</span> <span class='ocrx_word' id='word_1_246' title='bbox 1549 4944 1737 5051; x_wconf 89' lang='lat' dir='ltr'>predicte,</span> <span class='ocrx_word' id='word_1_247' title='bbox 1769 4961 1975 5023; x_wconf 85' lang='lat' dir='ltr'>asserentes</span> <span class='ocrx_word' id='word_1_248' title='bbox 2002 4972 2042 5021; x_wconf 87' lang='lat' dir='ltr'>se</span> 
     </span>
     <span class='ocr_line' id='line_1_30' title="bbox 617 5069 2096 5183; baseline 0.001 -34"><span class='ocrx_word' id='word_1_249' title='bbox 617 5099 705 5149; x_wconf 88' lang='lat' dir='ltr'>usos</span> <span class='ocrx_word' id='word_1_250' title='bbox 728 5088 767 5148; x_wconf 90' lang='lat' dir='ltr'>et</span> <span class='ocrx_word' id='word_1_251' title='bbox 790 5088 990 5149; x_wconf 89' lang='lat' dir='ltr'>consuetos</span> <span class='ocrx_word' id='word_1_252' title='bbox 1013 5069 1128 5149; x_wconf 90' lang='lat' dir='ltr'>fuisse</span> <span class='ocrx_word' id='word_1_253' title='bbox 1149 5102 1169 5151; x_wconf 91' lang='lat' dir='ltr'>a</span> <span class='ocrx_word' id='word_1_254' title='bbox 1188 5073 1414 5183; x_wconf 83' lang='lat' dir='ltr'>longissimis</span> <span class='ocrx_word' id='word_1_255' title='bbox 1437 5074 1672 5180; x_wconf 86' lang='lat' dir='ltr'>temporibus</span> <span class='ocrx_word' id='word_1_256' title='bbox 1693 5092 1791 5153; x_wconf 88' lang='lat' dir='ltr'>etse</span> <span class='ocrx_word' id='word_1_257' title='bbox 1811 5102 1893 5152; x_wconf 88' lang='lat' dir='ltr'>esse</span> <span class='ocrx_word' id='word_1_258' title='bbox 1912 5075 1954 5152; x_wconf 92' lang='lat' dir='ltr'>in</span> <span class='ocrx_word' id='word_1_259' title='bbox 1973 5076 2044 5153; x_wconf 86' lang='lat' dir='ltr'>sai-</span> <span class='ocrx_word' id='word_1_260' title='bbox 2091 5167 2096 5175; x_wconf 88' lang='lat'>.</span> 
     </span>
     <span class='ocr_line' id='line_1_31' title="bbox 616 5203 2044 5313; baseline 0.003 -34"><span class='ocrx_word' id='word_1_261' title='bbox 616 5204 713 5294; x_wconf 87' lang='lat' dir='ltr'>sina,</span> <span class='ocrx_word' id='word_1_262' title='bbox 742 5203 975 5312; x_wconf 80' lang='lat' dir='ltr'>negligentes</span> <span class='ocrx_word' id='word_1_263' title='bbox 1001 5204 1140 5282; x_wconf 87' lang='lat' dir='ltr'>dictam</span> <span class='ocrx_word' id='word_1_264' title='bbox 1165 5236 1312 5286; x_wconf 89' lang='lat' dir='ltr'>censam</span> <span class='ocrx_word' id='word_1_265' title='bbox 1340 5207 1498 5296; x_wconf 88' lang='lat' dir='ltr'>solvere,</span> <span class='ocrx_word' id='word_1_266' title='bbox 1524 5206 1778 5313; x_wconf 90' lang='lat' dir='ltr'>compellendi</span> <span class='ocrx_word' id='word_1_267' title='bbox 1805 5208 1854 5284; x_wconf 88' lang='lat' dir='ltr'>ad</span> <span class='ocrx_word' id='word_1_268' title='bbox 1878 5210 1952 5285; x_wconf 90' lang='lat' dir='ltr'>boc</span> <span class='ocrx_word' id='word_1_269' title='bbox 1975 5233 2044 5313; x_wconf 89' lang='lat' dir='ltr'>per</span> 
     </span>
     <span class='ocr_line' id='line_1_32' title="bbox 618 5336 2040 5446; baseline -0.001 -34"><span class='ocrx_word' id='word_1_270' title='bbox 618 5336 833 5441; x_wconf 88' lang='lat' dir='ltr'>capcionem</span> <span class='ocrx_word' id='word_1_271' title='bbox 858 5337 1049 5415; x_wconf 90' lang='lat' dir='ltr'>bonorum</span> <span class='ocrx_word' id='word_1_272' title='bbox 1071 5366 1241 5431; x_wconf 90' lang='lat' dir='ltr'>suorum,</span> <span class='ocrx_word' id='word_1_273' title='bbox 1269 5356 1306 5417; x_wconf 89' lang='lat' dir='ltr'>et</span> <span class='ocrx_word' id='word_1_274' title='bbox 1328 5357 1483 5446; x_wconf 88' lang='lat' dir='ltr'>propter</span> <span class='ocrx_word' id='word_1_275' title='bbox 1507 5340 1581 5418; x_wconf 90' lang='lat' dir='ltr'>hoc</span> <span class='ocrx_word' id='word_1_276' title='bbox 1607 5354 1779 5446; x_wconf 87' lang='lat' dir='ltr'>peterent</span> <span class='ocrx_word' id='word_1_277' title='bbox 1801 5366 1870 5446; x_wconf 89' lang='lat' dir='ltr'>per</span> <span class='ocrx_word' id='word_1_278' title='bbox 1884 5340 1948 5446; x_wconf 85' lang='lat' dir='ltr'>jus</span> <span class='ocrx_word' id='word_1_279' title='bbox 1967 5336 2040 5413; x_wconf 90' lang='lat' dir='ltr'>dici</span> 
     </span>
     <span class='ocr_line' id='line_1_33' title="bbox 619 5464 2043 5577; baseline 0.002 -37"><span class='ocrx_word' id='word_1_280' title='bbox 619 5464 761 5543; x_wconf 87' lang='lat' dir='ltr'>dictum</span> <span class='ocrx_word' id='word_1_281' title='bbox 781 5467 999 5559; x_wconf 88' lang='lat' dir='ltr'>Girardum,</span> <span class='ocrx_word' id='word_1_282' title='bbox 1017 5486 1208 5577; x_wconf 84' lang='lat' dir='ltr'>tamquam</span> <span class='ocrx_word' id='word_1_283' title='bbox 1229 5472 1347 5549; x_wconf 85' lang='lat' dir='ltr'>civem</span> <span class='ocrx_word' id='word_1_284' title='bbox 1364 5470 1463 5551; x_wconf 86' lang='lat' dir='ltr'>dicte</span> <span class='ocrx_word' id='word_1_285' title='bbox 1478 5470 1774 5559; x_wconf 85' lang='lat' dir='ltr'>communitatis,</span> <span class='ocrx_word' id='word_1_286' title='bbox 1795 5469 1934 5546; x_wconf 89' lang='lat' dir='ltr'>debere</span> <span class='ocrx_word' id='word_1_287' title='bbox 1951 5492 2043 5543; x_wconf 89' lang='lat' dir='ltr'>con·</span> 
     </span>
    </p>
   </div>
   <div class='ocr_carea' id='block_1_4' title="bbox 0 0 2927 7284">
    <p class='ocr_par' dir='ltr' id='par_1_5' title="bbox 0 0 2927 7284">
     <span class='ocr_line' id='line_1_34' title="bbox 0 0 2927 7284; baseline 0 0"><span class='ocrx_word' id='word_1_288' title='bbox 0 0 2927 7284; x_wconf 95' lang='lat' dir='ltr'> </span> 
     </span>
    </p>
   </div>
  </div>
 </body>
</html>
