5817 7292
879 1096 950 1169 [120
1457 1098 1548 1170 trs
1576 1095 1715 1169 OLIM.

653 1250 782 1299 neurim
796 1246 838 1309 tv,
878 1236 983 1313 candi
996 1297 1003 1325 ,
1017 1236 1213 1343 inquiratis
1232 1264 1318 1315 cum
1338 1236 1535 1345 diligencia
1553 1237 1759 1325 veritatem,
1780 1253 1818 1313 et
1832 1237 2044 1342 inquestam
2059 1236 2294 1345 hujusmodi,

877 1366 1032 1443 omnino
1046 1352 1287 1473 completam,
1301 1367 1531 1474 quamcicius
1542 1366 1646 1442 curie
1664 1382 1791 1444 nostre
1806 1366 1963 1443 mittatis
1980 1366 2057 1445 sub
2069 1386 2191 1447 vestro
2205 1367 2299 1448 fide-

877 1498 963 1573 liter
984 1497 1162 1575 inclusam
1183 1496 1316 1603 sigillo.

933 1606 1030 1703 lovis
1051 1625 1227 1732 predicta.
1303 1670 1305 1675 ,

713 1336 776 1377 1³⁰9.

933 1890 1089 1965 XXXIII.
1121 1888 1203 1965 Lite
1214 1887 1426 1967 motainter
1438 1887 1613 1968 consules
1628 1887 1676 1967 de
1689 1888 2297 1981 Mausosanctarum-Puetlamm,

879 2046 921 2094 ex
939 2035 1043 2123 parte
1064 2046 1158 2110 una,
1176 2034 1214 2095 et
1233 2018 1405 2096 consules
1421 2020 1864 2113 Castri·Novi-de-Arrio,
1887 2048 1932 2098 ex
1943 2022 2076 2111 altera,
2096 2049 2223 2101 eoram
2236 2022 2299 2129 ju·

807 2224 811 2233 ,
880 2147 961 2224 dice
977 2164 1105 2226 nostro
1122 2150 1381 2256 Lauraguesii,
1395 2150 1442 2226 ad
1458 2151 1531 2227 hoc
1547 2151 1766 2229 auctoritate
1783 2151 1994 2229 litterarum
2009 2168 2220 2228 nostrarum
2236 2150 2297 2227 de·

879 2294 1029 2383 putato,
1042 2307 1156 2384 super
1175 2307 1220 2356 eo
1241 2281 1346 2386 quod
1364 2279 1453 2357 dicti
1475 2281 1647 2359 consules
1663 2280 1821 2388 predicti
1840 2281 1959 2360 Mansi
1979 2280 2154 2357 dicebam
2171 2278 2294 2387 qnod,

881 2434 967 2485 cum
987 2409 1057 2515 ipsi
1074 2426 1196 2487 essent
1216 2408 1256 2485 in
1276 2410 1407 2487 saisina
1427 2406 1574 2489 levandi
1595 2410 1916 2490 contribucionem
1936 2408 1983 2487 ad
2002 2437 2134 2488 eorum
2153 2408 2296 2485 talliam

881 2539 1234 2616 acommorantibus
1255 2540 1295 2614 in
1315 2539 1520 2616 decimario
1541 2539 2173 2630 Sancti-Satumini-de-lllmannis,
2193 2558 2297 2648 pete-

880 2667 1063 2775 bantque,
1081 2695 1157 2744 non
1178 2669 1348 2744 obstante
1368 2667 1642 2772 impedimento
1661 2671 1831 2776 apposito
1849 2697 1963 2777 super
1980 2672 2054 2747 hoc
2071 2670 2216 2747 eisdem
2233 2697 2300 2775 per

880 2797 1181 2904 super-bajulum
1196 2795 1632 2888 Castri-Novi-de·Arrio,
1645 2827 1685 2875 se
1704 2800 1803 2876 tueri
1820 2800 1859 2875 in
1880 2799 2014 2877 saisina
2032 2828 2101 2876 sua
2117 2798 2299 2905 predicta3

882 2928 991 3006 dictis
1011 2926 1230 3005 consulibus
1249 2926 1438 3004 Castri-de
1446 2926 1568 3005 -Arrio
1580 2929 1620 3004 in
1638 2903 1867 3007 contrarium
1887 2956 1926 3007 se
1947 2930 2244 3037 opponentibus,
2266 2945 2302 3007 et

883 3057 1094 3136 dicentibus
1112 3057 1225 3164 quod
1251 3057 1299 3133 ad
1324 3058 1425 3163 ipsos
1452 3075 1490 3136 et
1509 3087 1586 3136 non
1611 3059 1659 3136 ad
1683 3060 1769 3137 illos
1795 3061 1844 3138 de
1867 3060 1999 3139 Mauso
2025 3059 2196 3168 predicto
2219 3086 2303 3165 pre·

883 3190 994 3267 missa
1006 3186 1263 3295 pertinebant,
1281 3205 1318 3264 et
1332 3188 1436 3295 quod
1455 3188 1525 3295 ipsi
1542 3209 1649 3268 erant
1667 3190 1706 3266 in
1722 3189 1855 3268 saisina
1873 3189 2058 3267 tailliandi
2071 3190 2225 3268 eosdem
2236 3190 2303 3267 ha-

882 3320 1078 3409 bitatores,
1101 3318 1281 3425 quociens
1301 3348 1406 3397 casus
1426 3348 1466 3397 se
1487 3321 1685 3410 offerebat,
1708 3338 1879 3427 essetque
1900 3321 1940 3395 in
1962 3320 2061 3398 dicta
2080 3348 2187 3397 causa
2206 3319 2300 3398 adeo

884 3478 1098 3555 processum
1118 3450 1223 3558 quod
1243 3477 1320 3529 non
1340 3451 1502 3529 restabat
1516 3453 1588 3529 nisi
1606 3452 1787 3542 diffinire,
1804 3451 2031 3529 senescallus
2040 3450 2298 3539 Tholosanus,

884 3580 989 3659 nulla
1008 3578 1102 3657 lacta
1118 3580 1314 3660 mensione
1333 3582 1380 3659 de
1401 3610 1577 3689 processu
1595 3582 1763 3689 predicto
1779 3584 1904 3660 adhuc
1918 3582 2124 3689 pendente,
2146 3581 2301 3660 manda·

885 3713 935 3787 vit
958 3710 1178 3788 litteratorie
1204 3712 1304 3790 dicto
1324 3712 1445 3821 judici
1465 3713 1705 3821 Lauraguesii
1725 3730 1770 3790 ut
1786 3712 2000 3820 predictum
2018 3712 2144 3790 locum
2165 3710 2213 3788 de
2237 3710 2300 3789 Al-

884 3842 1048 3932 mannis,
1071 3842 1166 3919 infra
1186 3871 1300 3949 quem
1319 3843 1425 3922 locus
1446 3845 1493 3921 de
1513 3844 1753 3953 Galga-Folia
1769 3862 1825 3923 est
1842 3844 2020 3932 situatus,
2033 3858 2181 3921 teneret
2200 3859 2239 3920 et
2253 3857 2304 3919 te·

885 3974 965 4051 neri
987 3970 1124 4050 laceret
1143 3974 1214 4052 sub
1238 3973 1378 4081 bajulia
1398 3975 1488 4052 dicti
1507 3973 2122 4066 Mansi-Sanctarum-Puellarum,
2144 3990 2183 4050 et
2202 3972 2304 4080 quod

886 4104 1060 4210 pignora,
1076 4122 1228 4211 propter
1242 4105 1379 4183 dictam
1395 4104 1537 4182 talliam
1554 4122 1659 4213 capta
1676 4135 1744 4213 per
1757 4105 2068 4214 super-bajullum
2089 4104 2137 4180 de
2156 4104 2304 4182 Castro-

886 4234 1003 4323 Novo,
1020 4235 1165 4312 restitui
1181 4233 1319 4313 faceret
1334 4236 1556 4313 bominibus
1569 4236 1660 4313 dicti
1674 4236 1810 4325 Castri;
1826 4235 1932 4343 quod
1950 4236 2169 4313 mandatum
2181 4232 2304 4341 dictus

881 4363 1014 4467 judex,
1030 4365 1068 4441 in
1088 4382 1259 4443 nostrum
1280 4384 1318 4444 et
1329 4366 1579 4445 universitatis
1597 4367 1766 4473 predicte
1786 4366 1833 4443 de
1855 4366 1961 4444 Arrio
1982 4363 2249 4473 prejudicium,
2262 4380 2304 4440 ut

888 4476 1078 4583 dicebant,
1100 4493 1171 4572 luit
1191 4515 1383 4589 executum
1403 4498 1681 4606 propterquod
1698 4496 1787 4573 dicti
1807 4495 1980 4575 consules
2003 4493 2303 4574 Caenide-Arrio

885 4624 933 4700 ad
953 4652 1021 4702 nos
1041 4627 1291 4734 appellarunt;
1313 4659 1427 4738 quam
1447 4630 1740 4737 appellacionem
1756 4656 1825 4735 per
1844 4627 2162 4735 supplicacionsm
2182 4624 2302 4701 admi·-

887 4754 1019 4843 simus,
1042 4774 1079 4833 et
1099 4756 1241 4837 dictum
1265 4761 1465 4867 negocium
1491 4759 1538 4837 ad
1561 4759 1774 4867 predictum
1798 4757 2047 4836 senescallum
2070 4754 2302 4845 remisimus,

888 4885 1108 4965 mandantes
1128 4888 1271 4967 eisdem
1286 4908 1329 4967 ut
1347 4892 1575 4999 gravamina,
1597 4891 1628 4968 si
1649 4918 1724 4997 que
1744 4917 1857 4995 super
1876 4889 1950 4966 hoo
1969 4887 2077 4965 dictis
2093 4883 2306 4993 appellanti-

887 5012 959 5092 bus
976 5015 1077 5094 illata
1093 5017 1267 5127 fuissent,
1282 5039 1487 5111 amoveret,
1503 5020 1670 5129 alioquin
1689 5048 1838 5098 causam
1851 5019 1900 5097 ad
1915 5036 2080 5097 nostram
2091 5016 2234 5094 curiam
2248 5044 2307 5093 re-

868 5144 1054 5225 'mitteret
1073 5140 1300 5228 sufficienter
1319 5151 1554 5243 instructam
1576 5153 1642 5260 qui
1661 5152 1779 5260 judex
1798 5150 2055 5256 Lauraguesii,
2079 5174 2147 5255 per
2163 5146 2306 5223 dictum

889 5276 1134 5353 senescallum
1151 5278 1282 5356 iterato
1296 5307 1408 5386 super
1427 5282 1500 5360 hoc
1519 5282 1739 5388 deputatus,
1753 5281 1935 5390 inquisito
1955 5280 2003 5358 de
2017 5278 2227 5387 premissis,
2239 5302 2308 5383 per

890 5432 1002 5484 suum
1007 5406 1594 5519 judicium,pronunciavitquod
1604 5414 1822 5493 mandatum
1832 5411 2045 5519 predictum
2055 5410 2105 5488 de
2114 5408 2310 5489 restituen-
