5817 7292
1010 1078 1274 1212 svoutrns
1300 1122 1364 1194 er
1391 1104 1594 1197 Pnocts.
1937 1125 2006 1197 581

593 1266 725 1342 Petrus
739 1262 910 1352 Heudee,
925 1281 1080 1371 propter
1094 1263 1233 1341 sactum
1247 1262 1489 1371 hujusmodi,
1505 1291 1545 1340 se
1558 1262 1860 1354 absentavertmt,
1876 1280 1915 1341 et
1926 1262 2012 1369 plus
2049 1274 2178 1329 ranna
2190 1276 2235 1339 tv,

593 1392 722 1473 debito
734 1393 925 1483 timentes,
940 1394 1179 1501 permiserint
1190 1424 1229 1473 se
1245 1392 1411 1483 banniri,
1429 1393 1607 1472 dominus
1621 1393 1714 1482 Rex,
1734 1391 1782 1469 de
1796 1392 1934 1499 gracia,
1951 1422 2011 1471 re·
2110 1366 2174 1410 '³¹⁰'

593 1523 734 1603 vocavit
745 1523 914 1601 bannum
934 1524 1147 1631 predictum
1163 1541 1201 1601 et
1214 1524 1378 1603 restituit
1393 1552 1458 1603 eos
1475 1524 1523 1601 ad
1538 1523 1695 1628 patriam
1711 1538 1750 1599 et
1762 1521 1863 1601 bona
1877 1551 1962 1612 sua;
1976 1541 2014 1602 et

593 1654 700 1762 quia,
714 1654 810 1732 sicut
820 1654 1046 1760 premissum
1059 1672 1129 1744 est,
1146 1655 1246 1733 dicte
1256 1672 1387 1762 gentes
1400 1652 1548 1754 comitis
1558 1651 1703 1730 Pontivi
1714 1653 1930 1759 predictum
1942 1681 2014 1732 ser·

592 1784 756 1863 vientcm
772 1783 916 1862 domini
930 1784 1060 1891 Regis,
1077 1814 1165 1863 cum
1180 1785 1258 1862 suis
1273 1782 1536 1891 complicibus,
1554 1784 1768 1861 invaserunt
1783 1800 1821 1861 et
1834 1782 2014 1862 ballivum

594 1916 781 1995 dictorum
809 1912 1087 2022 religiosorum,
1116 1916 1180 2023 qui
1204 1932 1283 1992 erat
1306 1944 1393 1992 cum
1414 1914 1516 1993 dicto
1536 1913 1735 2004 serviente,
1757 1914 1807 1991 de
1826 1942 1926 2021 equo
1944 1943 2014 1993 suo

592 2046 832 2153 projecerunt
856 2046 904 2122 ad
927 2061 1083 2135 terram,
1104 2045 1145 2122 iu
1164 2042 1357 2151 presencia
1383 2063 1421 2123 et
1444 2060 1574 2122 contra
1597 2043 1899 2150 prohibicionem
1924 2044 2015 2122 dicti

592 2174 785 2252 servientis
804 2174 951 2253 domini
969 2175 1094 2282 Regis,
1111 2174 1182 2280 ipsi
1202 2177 1275 2254 hoc
1297 2173 1556 2253 emendabunt
1573 2173 1730 2253 domino
1749 2174 1838 2282 Regi
1855 2191 1892 2252 et
1907 2174 2015 2252 dictis

591 2303 786 2410 religiosis.

644 2435 843 2513 Dominica
861 2453 947 2514 ante
962 2434 1230 2514 Ascendonem
1249 2434 1413 2515 Domini.

646 2566 777 2672 Voyssi
795 2565 1007 2672 reportavit.

647 2828 802 2908 LXXVI.
824 2828 908 2907 Lite
925 2845 1043 2917 mota,
1061 2854 1187 2906 coram
1206 2827 1399 2933 preposito
1420 2829 1523 2904 curie
1541 2826 1721 2907 secularis
1738 2829 2016 2937 Sancti-Maglo-

590 2958 636 3034 rii
655 2958 890 3048 Parisiensis,
912 2958 1013 3035 inter
1027 2957 1248 3065 magistrum
1266 2956 1483 3034 Albericum
1505 2956 1552 3034 de
1566 2958 1740 3049 Vmbria,
1761 2958 1949 3051 clericum,
1971 2990 2015 3038 cx

589 3105 693 3195 parte
719 3116 812 3177 una,
835 3105 874 3165 et
899 3088 1042 3165 dictum
1069 3088 1227 3176 Menier,
1253 3085 1589 3179 cordubenarium,
1617 3107 1656 3165 et
1681 3089 1909 3181 lohannam,
1934 3091 2015 3199 ejus

588 3246 762 3309 uxorem,
777 3247 820 3295 ac
832 3219 1021 3296 Thomam
1035 3216 1071 3295 le
1085 3216 1287 3306 Cuisinier,
1306 3216 1372 3323 qui
1387 3244 1426 3295 se
1439 3217 1595 3324 gerebat
1606 3234 1799 3326 tamquam
1817 3221 2015 3329 garantiae-

586 3365 707 3427 torem
734 3348 823 3427 dicti
850 3349 996 3427 Menier
1015 3366 1053 3427 et
1074 3350 1155 3458 ejus
1176 3347 1317 3437 uxoris,
1347 3363 1515 3453 exparte
1536 3347 1669 3438 altera,
1697 3378 1812 3456 super
1836 3378 1882 3427 eo
1908 3352 2013 3457 quod

588 3478 709 3560 dictus
733 3481 910 3589 magister
932 3478 1129 3559 Alhericus
1153 3479 1305 3587 petebat
1330 3478 1399 3557 sihi
1426 3479 1652 3587 adjudicari,
1671 3498 1866 3588 tamquam
1885 3510 2011 3571 suam,

586 3612 789 3718 quamdam
801 3612 960 3689 domum
972 3612 1081 3688 sitam
1094 3612 1135 3687 in
1147 3612 1229 3690 vico
1240 3610 1288 3687 ad
1297 3608 1475 3701 Anseres,
1491 3610 1532 3688 in
1547 3610 1687 3719 angulo
1699 3612 1789 3690 dicti
1799 3612 1886 3702 vici,
1898 3642 2011 3720 quam

588 3740 745 3819 domum
762 3739 850 3816 dicti
864 3741 919 3816 rei
934 3738 1155 3816 detinebant
1165 3738 1332 3817 indebite
1348 3755 1386 3816 et
1398 3740 1556 3845 injuste,
1574 3756 1617 3816 ut
1631 3741 1711 3843 ipse
1722 3738 1887 3830 dicebat,
1904 3739 2012 3822 dictis

586 3870 660 3947 reis
678 3868 857 3976 premissa
876 3866 1100 3975 negantibus
1120 3885 1159 3946 et
1176 3867 1301 3974 plura,
1322 3866 1371 3943 ad
1389 3866 1447 3945 sui
1470 3865 1748 3956 defensionem,
1770 3871 2012 3973 proponenti-

586 3997 676 4091 bus,
693 3998 813 4075 dictus
826 3996 1038 4105 prepositus
1058 3996 1386 4103 Sancti-Meglorii,
1408 3997 1559 4105 cognito
1574 3996 1622 4075 de
1638 3996 1847 4103 premissis,
1863 3997 2012 4107 adjudi-

587 4130 681 4207 cavit
699 4128 800 4205 dieto
819 4128 995 4236 magistro
1015 4126 1189 4206 Alberico
1210 4128 1367 4206 domum
1385 4127 1655 4235 supradictam
1680 4155 1701 4203 a
1723 4155 1800 4235 quo
1821 4126 2007 4234 judicato,
2040 4202 2057 4223 ,

585 4276 777 4367 tamquam
797 4257 890 4337 falso
912 4276 950 4336 et
969 4285 1100 4364 pravo,
1121 4258 1244 4337 dictus
1261 4257 1428 4337 Thomas
1446 4258 1495 4336 ad
1514 4257 1748 4365 prepositum
1764 4258 2008 4337 Parisiensem

585 4388 803 4498 appellavit3
826 4387 891 4499 qui
911 4388 1067 4496 quidem
1087 4388 1298 4496 prepositus
1307 4388 1527 4467 Parisiensis
1542 4389 1686 4467 dictum
1699 4388 1911 4497 judicatum
1925 4418 2010 4495 pre-

586 4520 698 4626 positi
722 4518 1030 4627 Sancti·Maglorii
1054 4515 1308 4612 confirmavit;
1326 4548 1347 4597 a
1367 4548 1440 4626 qua
1460 4518 1751 4599 confirmacione
1771 4519 1893 4597 dictus
1911 4521 2009 4600 Tho

585 4676 664 4727 mas
689 4648 737 4727 ad
760 4666 926 4727 nostram
945 4649 1080 4727 iterato
1103 4648 1245 4729 curiam
1267 4647 1465 4757 appellavit
1485 4649 1612 4730 :Visis
1635 4649 1751 4758 igitur
1771 4650 2008 4757 processibus

563 4767 564 4776 ἵ
586 4810 778 4860 causarum
797 4780 1052 4888 predictarum
1073 4798 1111 4859 et
1127 4780 1329 4889 diligenter
1348 4780 1581 4871 examinatis,
1601 4810 1670 4889 per
1688 4782 1790 4860 curie
1807 4798 1935 4859 nostre
1945 4782 2008 4890 ju-

532 4936 535 4945 ’
586 4913 742 5003 dicium,
760 4911 831 4988 luit
851 4912 992 4989 dictum
1010 4910 1200 5019 predictos
1211 4912 1422 5019 prepositos
1437 4911 1748 5019 Sancti-Maglorii
1765 4928 1803 4989 et
1816 4912 2005 4991 Castelleti

585 5042 800 5121 Parisiensis
815 5043 912 5123 bene
929 5043 1215 5151 pronunciasse,
1238 5060 1276 5122 et
1296 5044 1438 5121 dictum
1460 5044 1648 5123 Thomam
1664 5042 1762 5121 male
1782 5042 2003 5152 appellasse,

587 5191 624 5252 et
650 5173 938 5253 demandabitur
962 5174 1176 5281 predictum
1209 5202 1342 5255 eorum
1364 5174 1577 5283 judicatum
1602 5174 1836 5264 execucioni,
1870 5189 1909 5253 et
1933 5174 2005 5251 hoc

586 5304 802 5384 emendabit
815 5305 937 5383 dictus
955 5304 1133 5383 Thomas.

640 5432 837 5511 Dominica
854 5434 1030 5539 predicta.
