5817 7292
867 1117 943 1190 268
1450 1116 1540 1188 LES
1571 1114 1712 1189 OLlM.

642 1270 773 1323 aarum
786 1268 829 1331 W·
868 1260 1018 1368 ungium
1039 1289 1060 1336 a
1077 1258 1186 1337 dictis
1205 1257 1424 1334 hominibus
1439 1274 1511 1334 eta
1527 1257 1829 1364 quibuscumque
1845 1254 1948 1346 aliis,
1967 1258 2141 1350 tandem,
2159 1261 2287 1340 locum

704 1360 768 1402 Μ’
866 1407 1000 1470 tenens
1013 1390 1103 1467 dicti
1118 1388 1261 1481 ballivi,
1275 1388 1413 1468 auditis
1424 1388 1638 1484 nacionibus
1647 1386 1843 1494 utriusque
1857 1388 1988 1492 partis,
2003 1391 2154 1470 racione
2167 1395 2292 1502 cujus-

867 1519 954 1599 dam
982 1520 1151 1600 delectus
1175 1519 1262 1597 lacti
1286 1549 1308 1597 a
1330 1519 1439 1596 dictis
1463 1518 1646 1626 religiosis
1666 1547 1791 1595 coram
1811 1518 2052 1600 auditoribus
2074 1551 2188 1628 super
2207 1553 2293 1630 pre-

870 1651 992 1728 missis
1006 1651 1193 1757 deputatis
1206 1679 1229 1726 a
1243 1649 1343 1726 dicto
1357 1649 1484 1726 locum
1502 1663 1675 1736 tenente,
1691 1648 1952 1752 pronunciavit
1966 1649 2086 1730 dictos
2098 1652 2293 1761 religiosos

869 1782 918 1860 de
933 1799 1058 1860 cetero
1076 1809 1154 1858 non
1169 1808 1248 1856 esse
1263 1779 1518 1856 admittendos
1533 1779 1583 1856 ad
1598 1779 1825 1858 tradendum
1844 1779 1938 1856 lacta
1954 1809 2038 1872 sua,
2055 1809 2125 1860 nec
2142 1783 2189 1860 ad
2205 1813 2292 1890 pro·

868 1912 1087 1990 dicendum
1101 1927 1215 1989 testes
1230 1937 1320 1988 suos
1334 1939 1450 2017 super
1461 1909 1668 2018 premissis,
1685 1910 1896 1988 secundum
1911 1939 2023 1989 usum
2037 1929 2076 1990 et
2092 1932 2294 1992 consuetu·

869 2044 999 2122 dinem
1018 2043 1156 2150 patrie,
1172 2042 1247 2121 alio
1266 2069 1445 2149 processu
1460 2042 1499 2118 in
1521 2041 1619 2120 dicta
1639 2069 1747 2118 causa
1767 2041 1898 2120 habito
1919 2071 2045 2122 coram
2059 2041 2170 2122 dictis
2189 2045 2295 2123 audi·

868 2173 1016 2252 toribus
1036 2175 1075 2251 in
1093 2202 1164 2252 suo
1182 2174 1320 2252 robore
1341 2171 1543 2263 duraturo,
1565 2202 1586 2250 a
1604 2200 1681 2279 quo
1693 2173 1876 2279 judicato,
1893 2190 2083 2279 tamquam
2105 2204 2125 2250 a
2145 2173 2237 2252 falso
2254 2193 2292 2253 et

868 2334 1002 2411 pravo,
1023 2305 1114 2384 dicti
1133 2305 1299 2413 religiosi
1319 2306 1368 2382 ad
1384 2322 1551 2383 nostram
1572 2303 1713 2382 curiam
1735 2303 1988 2412 appellarunt:
2010 2303 2157 2382 Auditis
2176 2305 2291 2413 igitur

870 2436 1039 2545 partibus
1062 2437 1108 2514 in·
1121 2465 1230 2515 causa
1248 2435 1513 2543 appellacionis
1529 2434 1715 2543 predicte,
1738 2453 1776 2514 et
1795 2436 1872 2514 viso
1891 2463 2068 2541 processu
2086 2464 2198 2542 super
2218 2435 2291 2514 hoc

870 2567 979 2659 sacto,
996 2585 1125 2646 vocato
1139 2567 1255 2645 eciam
1272 2584 1310 2645 et
1322 2567 1451 2644 audito
1465 2567 1603 2645 ballivo
1614 2583 1744 2646 nostro
1757 2567 1967 2644 Senonensi
1982 2595 2081 2643 nunc
2097 2567 2287 2656 existento,

870 2727 938 2805 per
962 2700 1065 2776 curie
1086 2715 1213 2776 nostre
1228 2698 1433 2805 judicium,
1454 2698 1597 2777 dictum
1616 2696 1690 2776 suit
1709 2713 1748 2776 et
1766 2698 2056 2805 pronunciatum
2076 2697 2219 2776 dictum
2238 2697 2293 2776 lo-
2346 2765 2349 2770 .

871 2859 957 2907 cum
972 2847 1164 2908 tenentem
1190 2830 1348 2936 predicti
1375 2829 1503 2908 ballivi
1530 2829 1629 2907 bene
1651 2829 1859 2936 judicasse,
1886 2847 1925 2907 et
1954 2829 2074 2908 dictos
2100 2829 2293 2936 religiosos

872 2961 970 3039 male
986 2961 1200 3067 appellasse,
1221 2980 1259 3038 et
1278 2961 1385 3069 quod
1404 2962 1475 3069 ipsi
1492 2961 1565 3039 hoc
1581 2961 1853 3054 emendabunt,
1876 2979 1913 3038 et
1932 2959 2038 3068 quod
2058 2960 2157 3038 dicte
2171 2977 2293 3067 partes
2342 3031 2345 3038 .

872 3093 919 3169 ad
934 3120 1089 3170 examen
1107 3093 1197 3170 dicti
1212 3092 1340 3171 ballivi
1360 3094 1589 3172 Senonensis
1604 3092 1652 3170 ad
1665 3091 1947 3198 procedendum
1966 3091 2123 3170 ulterius
2142 3091 2293 3168 indicta

873 3250 980 3300 causa
1001 3252 1134 3301 eorum
1155 3223 1345 3302 redibunt.

927 3357 1036 3431 Lune
1050 3356 1231 3460 predicta.

928 3485 1324 3594 Bocellusreportavit.

927 3749 1020 3826 LIX.
1050 3751 1136 3830 Visa
1161 3752 1333 3859 inquesta
1358 3751 1458 3828 inter
1476 3767 1606 3857 gentes
1635 3750 1781 3828 domini
1801 3748 1930 3855 Regis,
1952 3775 1995 3824 er
2014 3773 2090 3824 una
2106 3763 2230 3851 parte,
2253 3761 2291 3822 et
2341 3831 2345 3840 ¹

871 3879 1044 3958 abbatem
1055 3899 1093 3958 et
1102 3899 1329 3961 conventum
1341 3880 1988 3988 Sancti·Benedicti-supor-Ligerim,
2001 3905 2045 3956 ex
2056 3876 2180 3964 altera,
2197 3874 2292 3953 facta
2416 3983 2418 3986 Ι

871 4013 1021 4088 racione
1051 4015 1366 4122 sergenteriarum
1389 4016 1493 4092 curie
1514 4014 1563 4092 de
1582 4013 1760 4119 Marrigni
1782 4030 1819 4088 et
1848 4012 1896 4088 de
1921 4007 2291 4115 Mota-de·Corgon,

871 4159 1024 4250 propter
1044 4144 1213 4223 defectus
1232 4145 1357 4253 plnres
1372 4147 1411 4223 in
1434 4175 1477 4223 ca
1497 4159 1686 4250 repertos,
1707 4169 1784 4220 non
1802 4141 1873 4219 luit
1890 4140 2056 4248 judicata
2076 4156 2114 4216 et
2126 4136 2293 4243 precepit

872 4273 973 4350 curia
986 4276 1090 4381 quod
1111 4277 1242 4353 iterato
1263 4277 1338 4367 liat,
1361 4275 1496 4352 vocatis
1513 4275 1578 4381 qui
1594 4272 1736 4350 fuerint
1753 4270 1945 4348 evocandi.

928 4406 1034 4480 Lune
1055 4405 1233 4511 predicta.

927 4534 1104 4612 Bocellus
1117 4537 1328 4640 reportavit.

927 4665 1094 4743 Remissa
1114 4682 1170 4744 est
1188 4667 1359 4773 inquesta
1378 4667 1427 4744 ad
1445 4667 1734 4773 perficiendum.

927 4928 1001 5004 LX.
1032 4928 1312 5034 Proposuenmt
1331 4928 1490 5006 incuria
1510 4945 1635 5006 nostra
1653 4927 1837 5007 Guichius
1857 4926 1904 5004 de
1922 4923 2087 5013 Senella,
2106 4920 2291 5000 Guichius

869 5055 1071 5148 Attaviani,
1094 5059 1235 5166 Symon
1256 5059 1413 5165 Spinolli
1433 5076 1473 5136 et
1491 5061 1633 5139 Bambe
1654 5059 1702 5136 de
1725 5061 1868 5166 Burgo,
1890 5085 1961 5163 pro
1990 5083 2029 5134 se
2053 5051 2291 5161 singulariter

871 5207 910 5267 et
927 5168 1092 5279 divisim,
1111 5208 1317 5268 asserentes
1331 5219 1371 5268 se
1388 5197 1536 5270 causam
1552 5210 1589 5269 et
1602 5192 1666 5299 jus
1681 5188 1816 5298 agendi
1833 5188 1991 5273 habere,
2013 5184 2191 5262 videlicet
2211 5182 2289 5260 dic-

870 5339 932 5400 tus
951 5321 1135 5402 Guichius
1152 5322 1199 5400 de
1219 5321 1386 5414 Senella,
1407 5323 1556 5399 racione
1576 5321 1753 5400 cessionis
1771 5317 1842 5397 sibi
1857 5318 1951 5395 lacte
1969 5345 2014 5394 ex
2032 5342 2140 5394 causa
2160 5311 2289 5390 vendi-

870 5455 988 5534 cionis
1004 5483 1073 5562 per
1090 5455 1218 5535 Castro
1231 5453 1427 5542 Gaulredi,
1446 5453 1631 5533 Guichius
1647 5450 1826 5530 Attaviani
1838 5463 1853 5539 ,“
1865 5478 1909 5526 ex
1926 5477 2087 5556 persona
2100 5442 2285 5524 Attaviani
