5817 7292
1011 1066 1276 1179 snoutrus
1302 1088 1366 1159 ιιι
1394 1070 1591 1161 procas
1938 1085 2012 1161 ιιι

600 1226 1003 1337 parlamento,dictum
1018 1226 1161 1316 luisset,
1175 1227 1275 1305 inter
1287 1243 1424 1316 cetera,
1438 1225 1544 1333 quod
1558 1225 1661 1303 dicto
1669 1224 1870 1332 Radulpbo
1881 1226 2014 1332 quinte
2051 1236 2237 1298 Ριιιιηιιν.

601 1360 716 1467 partis
736 1357 937 1437 feudorum
951 1356 1214 1446 viromandie,
1231 1357 1279 1435 de
1294 1358 1432 1464 quibus
1452 1356 1612 1434 decessit
1630 1354 1776 1433 saisitus
1792 1382 1917 1434 comes
1930 1385 2016 1464 pre·
2113 1330 2176 1373 Μ’

602 1490 740 1581 dictus,
763 1486 1033 1567 deliberabitur
1055 1487 1207 1577 saisina,
1228 1487 1425 1595 dictusque
1445 1485 1681 1593 badulphus,
1705 1483 1841 1562 unute
1858 1484 2017 1593 judicati

601 1620 777 1728 predicti,
802 1636 949 1727 peteret
973 1618 1045 1697 sibi
1067 1616 1266 1697 deliberari
1286 1618 1457 1725 quintam
1486 1634 1630 1725 partem
1657 1616 2017 1725 quadringentarum

602 1748 821 1831 libratarum
834 1766 934 1829 terre
949 1748 1172 1838 feodalium,
1193 1777 1287 1855 quas
1306 1747 1429 1825 dictus
1439 1748 1644 1837 lohannes,
1660 1774 1779 1854 nepos
1797 1747 1894 1854 ejus,
1914 1764 2018 1825 tenet

602 1880 702 1987 apud
729 1882 871 1989 Royam
892 1896 930 1957 et
954 1878 1150 1987 granchias
1174 1895 1212 1955 et
1237 1878 1487 1984 pertinencias
1509 1876 1698 1955 dictorum
1724 1876 1912 1983 locorum,
1945 1906 2019 1983 que

602 2010 757 2088 luerunt
776 2007 943 2088 defuncti
964 2010 1112 2087 comitis
1135 2008 1310 2113 predicti,
1337 2008 1517 2113 quasdam
1537 2007 1585 2084 ad
1606 2008 1678 2084 hoc
1691 2007 1859 2087 raciones
1878 2025 1917 2085 et
1929 2036 2020 2085 con·

601 2139 823 2217 suetudines
843 2138 1042 2247 allegando
1062 2154 1101 2215 et
1117 2137 1259 2214 dictum
1272 2136 1486 2245 judicatum
1508 2137 1740 2229 exhibendo,
1762 2137 1863 2217 dicto
1882 2156 2019 2247 nepote

601 2268 727 2374 plures
741 2268 910 2347 raciones
921 2285 959 2345 et
969 2266 1259 2345 consuetudines
1275 2266 1315 2343 in
1327 2268 1556 2345 contrarium
1571 2286 1823 2374 proponente:
1837 2268 2018 2357 Tandem,

601 2397 738 2476 auditis
753 2397 949 2477 hincinde
966 2398 1169 2505 propositis
1187 2413 1226 2475 et
1243 2397 1420 2503 inquisita
1434 2399 1588 2476 veritate
1609 2428 1724 2507 super
1737 2400 1915 2506 predictis
1933 2429 2021 2479 con-

603 2528 885 2618 suetudinibus,
901 2544 940 2606 et
950 2529 1025 2606 visa
1038 2530 1228 2634 inquesta,
1243 2528 1412 2635 partibus
1426 2528 1581 2616 vocatis,
1593 2558 1706 2635 super
1716 2531 1791 2607 boc
1802 2529 1913 2623 lacta,
1925 2532 2022 2608 viso·

602 2686 676 2765 que
685 2658 853 2767 judicato
864 2656 1045 2765 predicto,
1056 2684 1123 2764 per
1135 2656 1240 2734 curie
1253 2675 1382 2735 nostre
1391 2656 1591 2765 judicium,
1599 2660 1744 2737 dictum
1755 2660 1826 2739 luit
1834 2660 1941 2767 quod
1950 2659 2023 2737 dic·

575 2834 577 2839 ·
603 2806 726 2867 tarum
749 2789 1104 2897 quadringentarum
1125 2786 1344 2864 libratarum
1366 2805 1466 2865 terre
1485 2789 1618 2894 quinte
1637 2790 1751 2894 partis
1769 2788 1902 2867 saisina
1921 2788 2022 2867 dicto

603 2917 802 3027 Radulpho
829 2917 1118 3006 deliberabitur,
1147 2915 1356 2995 secundum
1383 2917 1473 2995 dicti
1492 2918 1649 3025 judicati
1674 2920 1810 3025 prioris
1832 2937 2020 3010 tenorem,

605 3066 643 3125 et
665 3048 864 3127 declaravit
882 3048 985 3127 curia
1010 3065 1153 3138 nostra,
1174 3076 1242 3152 per
1267 3048 1477 3155 inquestam
1504 3048 1729 3157 predictam,
1757 3051 1915 3129 maxime
1936 3080 2021 3129 cum

605 3178 909 3287 deposicionibus
933 3178 1086 3257 testium
1108 3178 1147 3255 in
1171 3206 1213 3255 ea
1233 3178 1505 3283 productorum
1526 3180 1625 3257 dicte
1650 3198 1775 3287 partes
1799 3209 1840 3259 se
1864 3180 2025 3259 dixerint
2117 3210 2127 3229 ·

604 3308 700 3387 velle
716 3326 830 3401 sure,
846 3310 951 3416 quod
967 3309 1151 3387 dictarum
1167 3309 1528 3417 quadringentarum
1547 3310 1766 3389 libratarum
1783 3330 1882 3391 terre
1897 3310 2024 3391 leoda-

605 3440 715 3530 lium,
731 3468 807 3549 que
820 3457 910 3519 sunt
926 3439 966 3517 in
980 3439 1240 3527 Viromandia,
1258 3440 1309 3517 de
1322 3440 1598 3519 consuetudine
1614 3441 1873 3531 Viromandia,
1888 3440 2025 3519 dictam

605 3570 775 3678 quintam
790 3587 935 3677 partem
951 3569 1073 3649 dictus
1086 3569 1309 3677 Radulpbus
1321 3570 1370 3648 ad
1385 3571 1496 3647 vitam
1511 3600 1619 3647 suam
1634 3571 1897 3650 tantummodo
1913 3571 2026 3651 debet

606 3698 762 3787 habere,
787 3699 861 3777 hoc
890 3700 1007 3775 eciam
1028 3716 1181 3806 excepto
1207 3700 1327 3805 quod,
1354 3701 1563 3777 secundum
1589 3702 1901 3778 consuetudinem
1919 3704 2028 3779 Viro·

608 3828 776 3921 mandis,
793 3828 995 3907 domorum
1010 3826 1215 3907 feudalium
1228 3830 1267 3905 in
1281 3829 1380 3908 dicta
1392 3846 1490 3905 terra
1504 3830 1659 3909 sitarum
1672 3829 1794 3907 dictus
1808 3828 2027 3936 badulphus

609 3958 780 4065 quintam
801 3974 945 4063 partem
965 3985 1042 4034 non
1063 3957 1229 4037 babebit.

666 4090 772 4165 Luna
790 4105 875 4195 post
893 4090 1025 4167 Latare
1039 4090 1257 4167 Jerusalem.

664 4216 852 4297 Dominus
869 4222 901 4297 J.
924 4220 972 4297 de
987 4219 1117 4326 Voyssi
1136 4220 1348 4327 reportavit.

666 4484 758 4562 XVI.
790 4484 985 4561 Processus
995 4484 1094 4563 inter
1102 4446 1306 4592 Symonem
1319 4484 1367 4563 de
1378 4485 1575 4579 Poissiaco‚
1586 4486 1760 4579 militem,
1776 4505 1814 4565 et
1823 4490 2031 4598 Symonem

611 4614 658 4691 de
672 4611 892 4701 Villaribus,
906 4612 1108 4705 anullatus,
1123 4633 1237 4721 prout
1249 4618 1465 4696 continetur
1474 4618 1514 4695 in
1528 4618 1654 4698 rotulo
1666 4619 1782 4728 hujus
1796 4620 2028 4727 parlamenti.

665 4874 774 4953 XVII.
804 4873 1004 4977 Processus
1024 4876 1121 4953 inter
1150 4878 1356 4956 monachos
1384 4879 1701 4958 Tronorchienses
1720 4898 1759 4959 et
1781 4880 2031 4963 Guillclmum
2152 4932 2160 4947 ·

611 5004 810 5111 Propositi,
827 5006 1167 5085 Trenorcbiensem
1190 5006 1452 5104 domicellum,
1469 5010 1675 5101 anullatus,
1689 5030 1802 5118 prout
1818 5016 2032 5092 continetur

612 5134 651 5211 in
663 5134 791 5214 rotulo
806 5134 920 5246 hujus
938 5139 1173 5246 parlamenti.

668 5394 793 5474 xvnt.
824 5397 947 5506 Super
973 5429 1019 5481 eo
1047 5402 1197 5511 dequo
1226 5404 1390 5483 decanus
1415 5422 1452 5485 et
1476 5406 1684 5512 capitulum
1711 5404 1866 5486 ecclesie
1889 5405 2033 5483 Sancti-

682 5568 751 5628 Ιιιι
771 5568 854 5613 οιιιι.
877 5574 922 5615 ιιι.
1886 5557 1926 5621 ⁸²
