5817 7292
1012 1050 1277 1162 nuoutrus
1302 1072 1366 1141 33
1392 1050 1599 1143 Procles.
1935 1066 2008 1140 533

590 1217 778 1296 dictorum
793 1214 1056 1323 religiosorum
1071 1232 1110 1293 et
1127 1194 1328 1321 quemdam
1349 1211 1465 1289 alium
1478 1209 1691 1318 garcionem
1711 1208 1854 1287 ibidem
1870 1212 2010 1319 cepisse
2040 1231 2170 1283 enacim
2189 1227 2233 1288 tt.

591 1364 628 1423 et
651 1376 737 1426 cum
763 1345 816 1423 eis
840 1346 1007 1434 duxisse,
1028 1374 1070 1422 33
1092 1345 1245 1423 eosdem
1264 1343 1507 1421 incarcerasse
1526 1340 1653 1417 minus
1673 1338 1950 1418 racionabiliter
1972 1360 2012 1421 et
2108 1321 2171 1363 '³¹⁰'

589 1477 743 1584 injuste,
765 1476 967 1584 pluresque
989 1476 1076 1553 alias
1100 1476 1255 1583 injurias
1281 1474 1391 1552 dictis
1414 1470 1597 1578 religiosis
1619 1469 1805 1563 intulisse,
1825 1498 1894 1578 per
1908 1473 2012 1549 curie

591 1622 716 1685 nostre
737 1607 941 1714 judicium,
962 1606 1035 1683 fuit
1057 1607 1200 1685 dictum
1219 1606 1325 1714 quod
1346 1604 1437 1681 dicti
1452 1604 1572 1711 major
1590 1619 1630 1681 et
1641 1601 1757 1709 jurati
1770 1600 1916 1679 solvent
1934 1602 2014 1679 dic-

588 1737 637 1813 tis
655 1736 856 1845 religiosis,
883 1764 951 1844 pro
979 1737 1151 1844 dampnis
1175 1754 1213 1814 et
1232 1736 1380 1843 injuriis
1403 1734 1641 1841 supradictis,
1670 1748 1854 1810 trecentas
1881 1732 2012 1822 libras,

590 1882 627 1943 et
652 1867 763 1946 nobis
784 1865 891 1943 mille
915 1866 1028 1945 libras
1054 1870 1312 1956 Turonenses,
1340 1894 1409 1973 pro
1437 1864 1595 1944 emenda
1625 1890 1844 1943 excessuum
1867 1864 2013 1969 predic·

589 2015 728 2081 torum.

644 2128 744 2207 Jovis
761 2144 846 2232 post
859 2125 970 2205 Oculi
985 2128 1075 2203 mei.

644 2257 749 2334 Greci
771 2257 988 2363 reportavit.

644 2520 770 2597 XXXI.
802 2516 900 2595 Cum
921 2518 1203 2597 datum-fuisset
1218 2517 1330 2595 nobis
1350 2519 1506 2626 intelligi
1526 2518 1633 2624 quod
1645 2519 1750 2623 prior
1769 2519 1817 2595 dc
1833 2520 1953 2610 Cella,
1974 2523 2013 2597 in

588 2650 689 2739 Bria,
717 2676 843 2727 coram
863 2676 920 2738 se,
945 2649 983 2723 in
1004 2676 1152 2727 causam
1173 2664 1346 2737 traxerat,
1363 2672 1477 2753 super
1499 2647 1619 2723 causis
1633 2646 1914 2753 personalibus,
1936 2652 2015 2728 Ma-

588 2780 720 2857 theum
741 2778 1076 2869 Molendinarium,
1101 2777 1326 2884 burgensem
1349 2806 1392 2854 ac
1409 2776 1680 2885 justiciabilem
1699 2792 1885 2870 nostrum,
1907 2808 2014 2857 eum-

589 2937 664 3015 que
684 2909 914 3014 respondere
936 2907 1141 2997 uolentem,
1168 2907 1236 2985 sed
1262 2907 1343 3015 ejus
1361 2908 1505 2985 curiam
1526 2904 1795 3000 declinantem,
1815 2927 2016 2989 333333333-

535 3024 542 3037 ’
588 3056 646 3117 rat
660 3057 699 3117 et
712 3054 886 3117 tenuerat
898 3038 939 3114 iu
949 3067 1015 3116 sua
1028 3038 1193 3145 prisione
1204 3054 1441 3130 affectatum,
1458 3036 1604 3144 aliaque
1613 3038 1824 3145 gravamina
1836 3040 2014 3123 intulerat

589 3171 734 3261 eidem,
755 3168 1034 3275 propterquod
1054 3168 1193 3247 ballivo
1213 3166 1376 3246 Creciaci
1400 3167 1659 3246 commisimus
1675 3168 1853 3275 quodsi,
1877 3178 2014 3253 vocatis

589 3299 798 3393 evocandis,
819 3298 891 3377 sibi
912 3316 1100 3377 constaret
1115 3299 1166 3375 ita
1186 3325 1284 3389 3333,
1307 3297 1451 3375 dictum
1468 3298 1635 3404 priorem
1653 3297 1832 3378 desistere
1847 3306 2014 3411 compel-

587 3422 682 3510 leret
705 3460 727 3508 a
750 3429 943 3538 predictis,
973 3446 1012 3507 et
1033 3428 1144 3507 nobis
1169 3428 1345 3535 dictoque
1371 3426 1537 3518 Matheo,
1563 3454 1679 3536 super
1702 3429 1791 3519 hoo,
1812 3434 2013 3511 emendam

588 3560 725 3641 faceret
743 3561 826 3639 fieri
846 3577 1148 3667 competentem:
1168 3559 1255 3639 Visa
1272 3560 1387 3665 igitur
1405 3560 1579 3665 inquesta
1597 3587 1711 3665 super
1723 3560 1902 3666 predictis
1919 3562 2012 3641 facta

590 3708 628 3770 et
642 3693 743 3769 33313
759 3708 903 3779 nostre,
920 3690 1161 3769 demandato
1177 3706 1325 3778 nostro,
1345 3706 1549 3794 reportata,
1569 3716 1639 3793 per
1653 3688 1751 3765 dicte
1766 3708 1894 3767 nostre
1909 3695 2011 3770 curie

585 3819 790 3925 judicium,
811 3820 954 3897 dictum
971 3818 1045 3895 luit
1061 3818 1166 3925 quod
1180 3817 1394 3926 jurisdictio
1410 3815 1629 3923 temporalis
1649 3816 1738 3893 dicti
1758 3818 1945 3923 prioratus
1963 3826 2012 3899 ad

590 3978 745 4027 manum
762 3966 928 4027 33333333
946 3964 1111 4056 ponetur
1126 3964 1164 4025 et
1176 3946 1381 4037 tenebitur,
1401 3947 1523 4024 donec
1539 3945 1663 4023 dictus
1675 3946 1781 4052 prior
1796 3948 1920 4026 eidem
1934 3953 2013 4031 Ma-

590 4082 697 4172 theo,
718 4109 788 4188 pro
811 4080 983 4186 dampnis
1003 4097 1042 4157 ot
1063 4078 1210 4186 injuriis
1231 4078 1310 4155 suis
1333 4076 1527 4183 predictis,
1550 4076 1683 4153 decem
1705 4077 1820 4156 libras
1842 4097 1881 4158 et
1903 4082 2012 4160 nobis

590 4212 859 4319 quinquaginta
882 4210 997 4289 libras
1020 4212 1262 4288 Turonenses
1287 4208 1452 4299 solverit,
1474 4236 1544 4315 pro
1565 4208 1724 4287 emenda
1742 4210 2009 4316 predictorum.

645 4343 745 4421 loris
758 4361 844 4450 post
861 4342 973 4422 Oculi
993 4343 1081 4420 mei.

646 4474 808 4581 Mangon
826 4474 1041 4581 reportavit.

644 4604 729 4681 Fiet
745 4603 869 4681 littera
887 4603 1121 4681 execuciouis
1141 4601 1332 4709 preposito
1352 4602 1562 4682 Parisiensi.

645 4865 787 4943 ΧΧΧ11.
819 4864 901 4941 Lite
917 4878 1020 4943 mota
1038 4864 1137 4941 inter
1148 4877 1430 4969 procuratorem
1441 4861 1587 4941 abbatis
1601 4879 1640 4940 et
1650 4880 1856 4943 conventus
1871 4866 1918 4943 de
1932 4869 2011 4946 Vie

589 4994 702 5086 toria,
731 5022 775 5072 ex
795 5012 899 5103 parte
921 5022 1010 5087 una,
1038 5012 1077 5071 et
1094 5010 1377 5101 procuratorem
1398 4992 1563 5100 episcopi
1582 4993 1832 5087 Belvacensis,
1854 4998 2008 5091 exalia,

590 5150 704 5232 super
728 5154 774 5205 eo
798 5125 903 5234 quod
922 5125 1011 5204 dicti
1031 5124 1196 5235 religiosi
1221 5124 1397 5233 petebant
1414 5124 1651 5232 pronunciari
1671 5125 1845 5205 saisinam
1859 5128 2010 5235 justicie

591 5255 783 5362 cujusdam
803 5258 986 5347 nemoris,
1008 5258 1069 5336 siti
1091 5254 1189 5335 inter
1206 5255 1411 5337 Victon'am
1429 5271 1468 5333 et
1483 5255 1944 5346 Novum-Molendinum,
1962 5260 2009 5333 ad

591 5383 692 5488 ipsos
713 5387 852 5467 debere
871 5390 1072 5495 pertinere,
1095 5416 1326 5499 manumque
1347 5405 1532 5483 nostram,
1552 5404 1707 5496 propter
1726 5388 1905 5467 debatum
1925 5414 2009 5491 par·
