5817 7292
841 1115 888 1187 82
1420 1117 1512 1190 LES
1543 1116 1682 1190 OLIM.

612 1265 742 1318 rutum
755 1261 800 1326 rt,
895 1255 1056 1333 Sabbato
1075 1274 1162 1364 post
1180 1256 1413 1364 quindenam
1432 1259 1652 1338 Cnndclose.

674 1353 736 1398 1³01.

894 1521 986 1596 XXI.
1018 1521 1141 1626 Super
1168 1523 1353 1627 nequeatis
1376 1521 1482 1598 iactis
1507 1539 1547 1598 et
1570 1519 1882 1598 contencionibus
1910 1521 2024 1598 motis
2051 1521 2150 1600 inter
2172 1524 2265 1602 Har·

839 1649 997 1725 doinum
1017 1651 1064 1726 de
1080 1650 1266 1740 Mairoles,
1285 1680 1328 1728 ex
1346 1680 1421 1729 una
1439 1669 1554 1757 parte,
1572 1668 1611 1728 et
1624 1649 1789 1728 Alanum
1805 1650 1853 1728 de
1868 1650 2058 1740 Chemire‚
2075 1680 2120 1729 ex
2134 1652 2262 1744 altera,

838 1779 985 1858 racione
1005 1779 1192 1859 bonorum
1212 1799 1312 1859 terre
1332 1782 1380 1859 de
1401 1781 1597 1870 Mairoles,
1613 1810 1688 1887 que
1708 1783 1901 1888 quondam
1920 1781 2074 1860 suerunt
2094 1784 2264 1864 defuncti

837 1911 996 1988 Huberti
1018 1913 1065 1990 de
1085 1913 1274 2002 Mairoles,
1296 1911 1419 1990 fratris
1438 1912 1530 1989 dicti
1550 1912 1748 2002 Hardoini‚
1770 1941 1812 1989 ac
1830 1931 1930 1991 terre
1948 1913 2166 2005 Dardenne,
2188 1945 2263 2022 que

837 2039 992 2119 suerunt
1017 2044 1207 2122 Esmeline
1233 2044 1451 2133 Dardenne,
1479 2044 1609 2122 matris
1632 2042 1824 2150 quondam
1844 2043 2005 2122 Huberti
2025 2062 2064 2122 et
2081 2047 2263 2124 Hardoini

837 2173 1095 2279 predictorum
1107 2174 1274 2253 :Auditis
1287 2175 1454 2282 parcium
1473 2175 1703 2266 racionibus,
1716 2193 1755 2252 et
1767 2175 1844 2252 visa
1858 2176 2030 2281 inquesta
2044 2204 2158 2281 super
2171 2177 2260 2264 hoc,

738 2323 741 2332 ’
839 2301 887 2377 de
902 2304 1078 2415 mandato
1094 2305 1194 2382 curie
1209 2304 1538 2411 nostre,.partibus
1552 2305 1704 2394 vocatis,
1721 2303 1828 2394 facta,
1843 2333 1912 2411 per
1926 2333 2038 2411 quam
2052 2305 2261 2412 inquestam

837 2450 1029 2538 repertum
1044 2452 1100 2512 est
1110 2435 1277 2540 predicta
1290 2435 1390 2512 bona
1406 2434 1531 2513 omnia
1545 2434 1593 2510 ad
1606 2463 1757 2511 manum
1774 2452 1940 2516 nostram
1954 2435 2074 2541 posita
2092 2434 2205 2515 finisse
2223 2454 2263 2513 et

837 2561 936 2640 bona
953 2565 1122 2669 predicta
1140 2554 1239 2642 terre
1260 2565 1307 2642 dc
1327 2564 1503 2643 Mairoles
1521 2564 1624 2641 dicto
1642 2565 1834 2644 Hardoino
1850 2564 2062 2673 adjudicata
2077 2563 2205 2654 fuisse,
2224 2586 2262 2643 ot

837 2721 905 2798 per
928 2722 1082 2772 manum
1104 2712 1270 2774 nostram
1294 2693 1439 2774 dictum
1465 2693 1700 2775 Hardoinum
1725 2696 1766 2771 in
1790 2723 1924 2774 eorum
1949 2694 2097 2784 saisina,
2122 2696 2260 2772 virtute

837 2823 927 2902 dicti
942 2825 1117 2931 judicati,
1138 2826 1260 2932 posita
1284 2824 1415 2918 fuisse,
1438 2841 1476 2904 et
1499 2825 1624 2931 ipsum
1644 2825 1879 2902 Hardoinum
1901 2825 1942 2900 in
1966 2851 2098 2903 eorum
2117 2853 2264 2931 posses·

837 2955 961 3046 sione,
989 2975 1116 3034 contra
1146 2957 1236 3035 dicti
1256 2956 1414 3065 judicati
1439 2974 1633 3048 tenorem,
1659 2955 1803 3062 pluries
1826 2956 2018 3034 turbatum
2042 2955 2173 3046 fuisse,
2196 2985 2266 3063 per

831 3085 1020 3192 judicium
1036 3104 1161 3166 nostre
1176 3088 1295 3176 curie,
1313 3088 1459 3166 dictum
1474 3087 1548 3165 fuit
1561 3089 1667 3193 quod
1681 3089 1809 3166 omnia
1822 3088 1924 3166 bona
1935 3087 2103 3193 predicta
2113 3104 2151 3164 et
2164 3103 2262 3165 terre
2333 3107 2336 3112 ’

837 3217 884 3292 de
905 3217 1078 3296 Mairoies
1098 3232 1137 3295 et
1154 3233 1253 3294 terre
1271 3216 1473 3293 Dardanus
1493 3195 1617 3294 statim
1637 3216 1685 3293 ad
1703 3245 1858 3294 manum
1877 3233 2042 3294 nostram
2059 3235 2261 3319 ponentur,

837 3363 875 3422 et
898 3348 1002 3452 quod
1021 3347 1233 3454 judicatum
1258 3347 1487 3452 predictum,
1516 3375 1630 3452 super
1655 3347 1768 3425 bonis
1787 3346 1964 3452 predictis
1981 3363 2081 3422 terre
2101 3345 2149 3422 de
2169 3348 2262 3424 Mai-

703 3463 707 3472 ’
836 3476 952 3566 roles,
973 3506 1042 3584 pro
1063 3476 1164 3555 dicto
1184 3477 1374 3556 Hardoino
1393 3476 1549 3566 sactum,
1570 3477 1610 3553 in
1630 3475 1773 3553 eisdem
1792 3475 1903 3553 bonis
1921 3476 2045 3552 statim
2064 3491 2101 3552 et
2120 3474 2259 3582 absque

838 3606 1021 3686 dilacione
1042 3637 1278 3716 quacumque
1299 3607 1542 3687 mandabitur
1560 3607 1775 3686 euecucioni
1797 3636 1866 3713 per
1885 3605 1973 3684 illos
1995 3606 2170 3684 dominos
2188 3605 2259 3684 sub

838 3738 977 3844 quibus
991 3739 1215 3847 hujusmodi
1230 3740 1331 3817 bona
1346 3740 1575 3829 consistunt3
1592 3756 1632 3817 et
1645 3740 1676 3817 si
1688 3767 1801 3844 super
1815 3738 1888 3816 hoc
1901 3737 1971 3844 ipsi
1988 3736 2129 3814 fuerint
2142 3737 2262 3844 negli-

834 3888 981 3977 gentes,
1005 3869 1164 3948 ballivus
1185 3871 1419 3950 Turonensis
1444 3871 1639 3950 incorum
1665 3869 1883 3959 deffectum,
1907 3869 2033 3947 statim
2058 3886 2097 3945 et
2118 3867 2261 3975 absque

836 4000 1021 4080 dilacione
1036 4030 1293 4110 quacumque,
1310 4001 1422 4080 saciet
1436 4001 1701 4080 cxccucionem
1715 4000 1925 4106 predictam
1939 4016 1979 4077 et
1993 3999 2160 4078 eundem
2176 4001 2263 4076 Han

836 4130 995 4212 doinum
1014 4134 1054 4211 in
1073 4137 1297 4213 eorumdem
1318 4135 1510 4214 bonorum
1532 4132 1768 4240 possessione
1787 4131 1974 4210 custodiet
1992 4148 2031 4208 et
2049 4130 2259 4222 deffendet3

837 4265 924 4344 dato
951 4267 1077 4344 eidem
1105 4266 1297 4346 Hardoino
1325 4267 1441 4344 eciam
1467 4293 1546 4344 uno
1575 4266 1623 4343 de
1651 4263 1899 4344 servientibus
1924 4264 2043 4345 nostri
2069 4262 2260 4342 Castelleti

836 4395 1068 4484 Parisiensis,
1091 4427 1175 4474 cum
1197 4398 1332 4476 litteris
1350 4395 1565 4505 patentibus
1585 4396 1674 4476 dicti
1698 4395 1825 4474 ballivi
1846 4395 2092 4487 Turonensis,
2113 4395 2160 4470 ad
2182 4393 2260 4470 dic-

742 4566 744 4574 ·
836 4540 913 4600 tam
940 4527 1225 4616 assensionem,
1253 4529 1527 4606 deffensionem
1554 4546 1593 4606 et
1619 4528 1830 4606 custodiam
1857 4527 2059 4613 iaciendas,
2090 4543 2128 4602 et
2155 4524 2259 4631 quod

837 4653 956 4730 dictus
974 4654 1130 4746 Alanus,
1153 4657 1184 4733 si
1202 4658 1304 4734 curie
1323 4657 1522 4748 videbitur,
1541 4658 1758 4739 emendabit
1774 4660 1817 4736 id
1836 4659 1939 4764 quod
1953 4659 2032 4764 ipse
2047 4655 2146 4734 dicta
2159 4654 2259 4732 bona

836 4785 883 4862 ad
902 4813 1055 4864 manum
1074 4805 1238 4865 nostram
1258 4789 1379 4896 posita
1398 4789 1607 4898 occupavit;
1624 4808 1663 4867 et
1677 4818 1790 4896 super
1806 4789 1916 4864 dictis
1926 4784 2037 4863 bonis
2049 4803 2147 4862 terre
2165 4781 2259 4860 Dar-

836 4916 974 5004 denne,
995 4918 1048 4993 sic
1061 4919 1192 5025 positis
1209 4919 1257 4996 ad
1271 4947 1426 4997 manum
1442 4939 1626 5012 nostram,
1643 4921 1843 4998 audientur
1856 4931 1995 5023 partes,
2013 4931 2050 4990 et
2063 4913 2132 4990 fiet
2142 4913 2217 5018 jus.

892 5047 1052 5154 Sabbato
1070 5067 1157 5158 post
1175 5049 1400 5130 Catbcdram
1421 5053 1535 5130 sancti
1556 5053 1668 5132 Petri.

890 5179 1056 5260 Andreas
1074 5180 1110 5258 le
1129 5182 1261 5272 Riobe,
1283 5181 1445 5262 serviens
1465 5213 1582 5293 eques
1601 5180 1805 5263 Castelleti.

890 5445 998 5524 XXII.
1028 5444 1250 5526 informacio
1276 5443 1370 5560 iactu
1394 5475 1508 5553 snper
1529 5445 1642 5554 garda
1661 5444 1709 5522 de
1728 5437 2012 5548 Longo-villari
2032 5438 2130 5517 inter
2147 5435 2258 5517 balli·
