5817 7292
1029 1110 1298 1223 nuoutrss
1324 1134 1388 1207 ur
1414 1113 1623 1208 raucas.
1966 1138 2037 1208 ιιι

616 1276 785 1353 dicentes
803 1300 869 1351 eoa
887 1300 968 1351 esse
988 1272 1145 1351 domino
1165 1275 1256 1382 Regi
1277 1274 1512 1363 commissos,
1533 1290 1612 1351 ete
1638 1290 1768 1351 contra
1787 1274 1877 1353 dieti
1896 1304 2039 1355 merca-
2076 1285 2263 1349 emimus,

613 1425 734 1497 tores,
752 1404 928 1512 pluribus
944 1404 1160 1483 racionibus
1174 1423 1432 1513 proponentes
1451 1404 1572 1483 dictos
1585 1432 1733 1511 pannos
1746 1432 1825 1483 non
1842 1434 1922 1485 esse
1939 1437 2039 1486 com·
2138 1379 2202 1422 Μ’

615 1538 765 1627 missos,
786 1553 961 1643 peterent
984 1564 1048 1615 eos
1073 1536 1145 1615 sibi
1165 1537 1275 1615 reddi
1295 1569 1304 1615 ι
1325 1535 1500 1615 Tandem
1518 1534 1658 1613 auditis
1676 1535 1766 1611 hinc
1785 1534 1877 1613 inde
1902 1566 2040 1645 propo-

616 1666 711 1759 sitis,
734 1683 774 1745 et
790 1665 867 1743 visa
886 1666 1058 1773 inquesta
1078 1696 1193 1775 super
1212 1668 1286 1747 hoc
1303 1668 1352 1746 de
1371 1666 1551 1745 mandato
1570 1681 1699 1745 nostre
1719 1666 1823 1743 curie
1838 1664 1951 1757 lacta,
1972 1696 2041 1774 per

613 1796 801 1902 judicium
819 1812 946 1873 nostre
966 1796 1088 1882 curie,
1110 1794 1254 1873 dictum
1274 1794 1348 1873 luit
1366 1795 1472 1903 quod
1492 1795 1584 1873 dicti
1604 1796 1717 1903 panni
1736 1795 1948 1875 reddentur
1966 1798 2041 1875 eis·

617 1927 705 2005 dem
723 1924 1013 2013 mercatoribus,
1034 1924 1110 2017 vel,
1132 1925 1163 2003 si
1183 1954 1261 2005 non
1282 1944 1425 2017 extent,
1445 1927 1549 2007 valor
1568 1955 1713 2005 eorum.

672 2059 799 2171 lllartis
818 2074 902 2165 post
921 2056 1072 2135 octabas
1090 2057 1346 2137 Brandonum.

670 2191 779 2269 Divio
798 2174 1010 2295 reportavit.
1187 2206 1190 2213 '

669 2454 727 2533 lV.
759 2452 859 2533 Cum
878 2451 1072 2561 quoddam
1088 2451 1300 2559 judicatum
1320 2451 1461 2531 factum
1476 2451 1610 2535 fuisset
1622 2455 1663 2533 in
1688 2455 1893 2535 Castelleto
1911 2472 2041 2536 nostro

613 2584 809 2663 Parisiensi
840 2612 909 2691 per
926 2583 1161 2693 prepositum
1180 2583 1445 2677 parisiensem,
1476 2612 1545 2663 seu
1569 2585 1696 2663 locum
1719 2588 1803 2694 ejus
1828 2604 2039 2677 tenentem,

615 2730 742 2791 contra
761 2714 970 2793 lohannem
991 2714 1025 2793 le
1045 2716 1184 2792 Breton
1204 2731 1243 2791 et
1260 2712 1444 2823 Agnetam
1464 2714 1501 2791 la
1518 2718 1647 2803 Brete,
1673 2716 1755 2822 ejus
1772 2744 1951 2804 uxorem,
1971 2746 2042 2822 pro

614 2842 847 2923 Guidomaro
869 2843 904 2921 le
925 2846 1080 2935 Breton,
1096 2871 1211 2951 super
1228 2844 1467 2923 successione
1482 2844 1675 2923 bonorum
1688 2844 1827 2923 Yvonis
1845 2844 1936 2927 dicti
1949 2845 2042 2925 Gra·

615 2973 754 3067 vad0u‚
774 2974 881 3082 cujus
896 2972 994 3051 dicta
1011 2972 1134 3083 Agnes
1149 2990 1302 3083 cognata
1318 2991 1356 3052 et
1374 2975 1484 3053 heres
1501 2992 1595 3065 crat,
1609 2993 1653 3053 ut
1666 2974 1830 3065 dicebat,
1848 2993 1925 3078 eta
1938 2976 2039 3054 dicto

610 3106 800 3214 judicato,
821 3123 1003 3213 tanquam
1029 3134 1050 3181 a
1076 3134 1187 3213 pravo
1213 3122 1252 3183 et
1270 3103 1382 3195 salso,
1405 3105 1453 3184 ad
1473 3124 1641 3184 nostram
1660 3108 1820 3197 curiam,
1846 3136 1915 3216 pro
1936 3126 2041 3215 parte

613 3236 785 3345 ipsorum
814 3236 1038 3345 conjugum,
1066 3235 1183 3313 luerit
1211 3234 1443 3343 appellatum
1469 3269 1478 3313 :
1500 3237 1689 3325 Tandem,
1711 3239 1851 3317 auditis
1869 3240 2041 3347 partibus

615 3368 705 3446 hinc
724 3385 761 3445 et
780 3366 887 3455 inde,
909 3382 948 3443 et
968 3392 1098 3444 earum
1124 3364 1339 3443 racionibus
1358 3383 1396 3443 et
1416 3365 1703 3447 defensionibus
1721 3368 1942 3459 intellectis,
1963 3372 2041 3449 viso

616 3499 732 3577 eciam
753 3526 931 3607 processu
950 3496 1080 3576 habito
1101 3524 1229 3575 coram
1247 3495 1382 3575 eodem
1408 3498 1617 3603 preposito,
1639 3515 1678 3576 et
1695 3498 1855 3577 testibus
1874 3501 1924 3579 de
1943 3529 2040 3582 novo

614 3630 815 3739 superbiis
828 3628 1062 3721 examinatis,
1080 3628 1226 3707 dictum
1241 3626 1330 3719 luit,
1349 3657 1418 3736 per
1432 3647 1617 3710 arrestum
1635 3647 1764 3708 nostre
1777 3632 1900 3721 curie,
1918 3633 2043 3713 dictos

615 3763 792 3869 conjuges
810 3759 910 3837 bene
931 3758 1135 3866 appellasse
1157 3775 1194 3836 et
1213 3758 1311 3837 male
1331 3759 1624 3865 pronunciatum
1639 3758 1755 3841 scrisse
1772 3762 1812 3839 in
1829 3763 1900 3843 hac
1915 3780 2039 3870 parte,

617 3907 655 3967 et
673 3890 847 3969 saisinam
872 3918 941 3969 seu
965 3890 1243 3997 possessiouem
1266 3888 1459 3969 bonorum
1485 3889 1707 3997 hujusmodi
1728 3890 1868 3971 debere
1891 3895 2040 3973 restitui

616 4020 842 4129 conjugibus
867 4020 1081 4109 antedictis,
1103 4019 1201 4099 salva
1225 4019 1424 4128 questione
1449 4020 1704 4127 proprietatis,
1725 4022 1757 4099 si
1782 4036 1868 4127 pa'rs
1886 4025 2039 4105 adversa

615 4180 729 4257 super
748 4150 822 4228 hoc
841 4177 949 4259 agere
966 4150 1128 4229 voluerit
1147 4168 1277 4230 contra
1297 4178 1383 4241 eos,
1406 4150 1538 4231 dantes
1556 4152 1748 4257 preposito
1766 4153 1964 4232 Parisiensi
1981 4175 2039 4233 te-

616 4284 708 4361 n'ore
728 4280 966 4389 presencium
991 4283 1032 4359 in
1058 4282 1261 4373 mandatis,
1282 4281 1462 4391 quatinus
1489 4282 1598 4361 dictis
1621 4280 2039 4391 conjugibussaisinam

614 4414 806 4495 bonorum
818 4412 1005 4519 ipsorum,
1020 4413 1137 4491 modo
1150 4411 1338 4520 predicto,
1354 4427 1483 4491 amoto
1495 4410 1770 4519 impedimento
1782 4441 2037 4524 quocumque,

615 4546 696 4625 sine
717 4543 905 4623 dilacione
920 4542 1092 4653 qualibet
1108 4542 1219 4623 iaciat
1237 4542 1402 4621 liberari.

671 4675 870 4755 Dominica
889 4704 964 4785 qua
983 4692 1153 4755 cantatur
1170 4676 1304 4753 Letare
1321 4673 1539 4757 Jerusalem.
1622 4743 1626 4752 .

670 4942 714 5021 V.
744 4939 843 5021 Cum
857 4940 978 5045 major
991 4957 1029 5017 et
1036 4940 1153 5049 jurati
1166 4940 1469 5029 suessionenses,
1485 4939 1697 5021 secundum
1710 4959 1896 5023 arrestum
1911 4952 2039 5023 nostre

571 5122 576 5133 ·
613 5072 734 5162 curie,
755 5070 867 5150 nobis
886 5070 1086 5151 emendam
1105 5071 1331 5183 gagiaverint
1345 5098 1415 5178 pro
1435 5098 1482 5151 eo
1502 5071 1609 5178 quod
1626 5071 1698 5178 ipsi
1714 5071 1841 5154 dilecti
1858 5088 1897 5151 et
1914 5072 2041 5153 fidelis

612 5204 731 5283 nostri
753 5202 917 5311 episcopi
937 5203 1217 5285 suessionensis
1236 5204 1463 5283 servientem
1486 5220 1684 5314 ceperunt,
1705 5204 1774 5311 qui
1797 5204 1962 5283 serviens
1980 5205 2040 5282 di·

615 5334 771 5413 cehatur
786 5335 992 5443 quemdem
1006 5334 1150 5414 dictum
1162 5335 1204 5415 le
1217 5336 1296 5443 Gay
1310 5360 1380 5442 pro
1395 5333 1607 5440 suspicione
1622 5334 1712 5413 furti
1728 5335 1868 5443 cepisse
1882 5336 1922 5412 in
1938 5352 2038 5413 terra

617 5464 780 5572 episcopi
807 5466 986 5573 predicti,
1013 5484 1052 5545 et
1077 5468 1284 5547 noluerunt
1312 5494 1402 5547 eum
1432 5465 1601 5545 reddere·
1619 5466 1794 5546 servienti
1823 5482 1968 5555 nostro,
1990 5464 2039 5543 ad

701 5638 754 5681 sss
774 5639 858 5684 οιιιι.
874 5642 920 5681 ιιι.
1875 5619 1912 5679 ι5
