5817 7292
915 1012 988 1085 602
1492 1009 1584 1081 tus
1613 1007 1751 1082 OLIM.

690 1156 874 1227 ansrnelv,
914 1150 1007 1227 dixit
1025 1148 1149 1227 eidem
1170 1177 1212 1227 ec
1229 1148 1352 1255 ipsum
1373 1148 1537 1227 minatus
1555 1148 1642 1238 fuit,
1660 1176 1807 1227 necnon
1821 1148 1928 1255 quod
1945 1148 2098 1229 Belotus
2115 1169 2156 1231 et
2174 1152 2328 1237 Gaietus

750 1252 813 1296 1³1⁰.

913 1280 1121 1389 etquidem
1136 1278 1199 1356 alii
1215 1260 1417 1357 servientes
1433 1279 1523 1356 dicti
1533 1278 1722 1357 castellani
1737 1307 1872 1356 manus
1883 1278 2065 1359 violentas
2079 1282 2117 1359 in
2133 1312 2329 1389 personam

914 1412 1003 1491 dicti
1018 1412 1154 1520 prioris
1171 1411 1393 1518 injecerunt,
1411 1409 1581 1518 pluribus
1596 1410 1807 1487 videntibus
1817 1427 1856 1487 et
1871 1409 1912 1487 iu
1923 1412 2008 1489 loco
2023 1410 2194 1518 publico,
2210 1429 2248 1493 et
2259 1446 2335 1496 ves·

912 1564 968 1623 tes
985 1544 1074 1622 dicti
1095 1540 1230 1648 prioris
1244 1540 1540 1630 delaniaverunt,
1557 1540 1656 1618 dicto
1676 1539 1873 1618 castellano
1887 1541 1988 1647 ipsos
2002 1543 2206 1623 servientes
2218 1575 2333 1654 super

912 1676 985 1754 boc
1010 1675 1188 1752 advoante
1215 1689 1252 1749 et
1271 1673 1344 1749 hoc
1363 1689 1486 1748 ratum
1505 1672 1667 1749 habente
1692 1700 1735 1748 ac
1753 1670 1900 1749 dicente
1920 1674 2041 1778 quod,
2056 1674 2088 1753 si
2112 1704 2200 1754 cum
2221 1677 2330 1756 dictis

912 1805 1161 1885 servientibus
1176 1822 1267 1881 tunc
1282 1801 1429 1892 fuisset,
1446 1794 1570 1879 adbuc
1588 1802 1697 1911 pejus
1714 1803 1815 1880 dicto
1828 1802 1946 1908 priori
1965 1804 2177 1898 occidissem
2192 1824 2231 1885 et
2242 1810 2331 1886 assi-

911 1938 982 2015 sias
1006 1954 1092 2042 post
1115 1933 1322 2042 predictam
1348 1933 1620 2012 inhibicionem
1642 1932 1765 2010 tenuit
1788 1933 1827 2009 in
1855 1933 1940 2011 loco
1965 1937 2206 2016 contencioso
2232 1940 2330 2018 inter

910 2084 1033 2174 partes
1059 2064 1260 2173 predictam
1284 2062 1423 2172 quibus
1446 2064 1644 2171 diligenter
1667 2062 1837 2152 attentis,
1861 2044 1929 2169 per
1952 2065 2057 2143 curie
2082 2085 2206 2146 nostre
2221 2070 2326 2177 judi-

911 2199 1032 2289 cium,
1050 2198 1172 2276 dictus
1187 2193 1422 2285 assumus,
1436 2196 1605 2303 predicto
1620 2193 1757 2301 priori,
1771 2193 1811 2270 in
1824 2210 1976 2277 centum
1991 2194 2095 2275 libris
2108 2213 2147 2274 et
2159 2198 2267 2277 nobis
2281 2200 2324 2277 iu

912 2328 1085 2408 ducentis
1112 2326 1220 2407 libris
1238 2326 1519 2405 Turonensium
1540 2354 1757 2432 parvorum,
1783 2352 1852 2430 pro
1877 2325 2069 2430 predictis,
2094 2327 2214 2405 extitit
2232 2357 2325 2409 con-

911 2462 1150 2567 dempnatus,
1158 2474 1341 2537 reservata
1351 2458 1462 2536 dictis
1471 2457 1639 2564 partibus
1646 2455 1844 2563 questione
1851 2472 1949 2550 ,tam
1958 2458 2201 2563 possessionis
2211 2488 2323 2566 mem

908 2589 1163 2698 proprietatis,
1180 2616 1292 2694 super
1306 2589 1421 2667 rebus
1435 2589 1536 2667 inter
1550 2588 1647 2695 ipsas
1665 2586 1927 2675 contentiosis,
1942 2604 1981 2665 et
1992 2587 2231 2667 mandabitur
2243 2590 2324 2669 bai·-

909 2722 987 2799 iivo·
1002 2718 1226 2800 Biturioensi
1245 2720 1351 2826 quod
1373 2715 1516 2797 dictum
1536 2718 1776 2798 castellanum
1795 2717 1997 2823 compellat
2011 2718 2061 2796 ad
2078 2720 2322 2825 prestandum

909 2852 1009 2931 dicto
1022 2850 1138 2959 priori
1152 2850 1380 2959 legittimum
1393 2866 1751 2938 assccummsutum,
1764 2848 1795 2927 si
1808 2876 1830 2925 a
1844 2846 1946 2927 dicto
1959 2849 2095 2955 priore,
2110 2854 2326 2959 superbos,

908 2982 1022 3061 fuerit
1043 2982 1259 3089 requisitus.

964 3114 1128 3194 Subbato
1148 3129 1234 3219 post
1251 3112 1535 3191 Penthecosten.

932 3244 934 3249 ’
964 3246 1137 3323 Decanus
1156 3242 1381 3322 casletensis
1399 3243 1614 3350 reportavit.

858 3504 859 3507 ’
963 3504 1087 3583 XCIV.
1115 3503 1199 3581 Lite
1211 3520 1328 3595 mota,
1343 3502 1383 3580 in
1394 3503 1496 3581 curia
1505 3520 1648 3594 nostra,
1661 3505 1759 3583 inter
1769 3505 1922 3583 Petrum
1931 3504 1978 3583 de
1989 3502 2242 3591 Cbamhliaco,
2253 3502 2325 3581 do·

907 3634 1119 3749 minumde
1134 3634 1269 3725 Ulmis,
1283 3632 1461 3725 militem,
1480 3663 1524 3711 ex
1543 3650 1647 3741 parte
1665 3663 1754 3724 una,
1774 3654 1813 3714 et
1831 3632 2059 3715 bernardum
2080 3634 2130 3712 de
2145 3634 2319 3727 Merolio,

905 3766 1082 3857 militent,
1106 3792 1150 3844 etr
1172 3766 1304 3855 altera,
1324 3794 1437 3873 super
1461 3792 1508 3843 eo
1529 3764 1636 3872 quod
1659 3764 1782 3845 dictus
1798 3768 1930 3845 Petras
1953 3765 2099 3845 dicebat
2116 3766 2223 3873 quod
2244 3795 2326 3843 ma-

905 3898 1019 4007 gister
1038 3896 1270 3976 Guiliermus
1295 3895 1433 3975 Bsrdin
1454 3896 1693 3974 escambiavit
1711 3914 1750 3975 et
1764 3896 1918 3976 nomine
1937 3897 2027 4004 puri-
2044 3896 2221 3991 escambii
2238 3924 2325 4003 per·

905 4028 1064 4107 munus
1082 4058 1166 4106 ctam
1189 4027 1289 4106 dicto
1304 4025 1414 4105 Petro
1429 4028 1631 4133 quamdam
1649 4027 1806 4107 domum
1820 4045 1986 4106 vocatam
2006 4028 2054 4106 de
2066 4029 2222 4136 Vaboyn
2234 4056 2322 4105 cnm

869 4239 871 4245 ,
906 4159 1082 4239 omnibus
1101 4159 1177 4237 suis
1192 4159 1345 4267 juribus
1363 4176 1402 4235 et
1420 4158 1677 4265 pertinenciis,
1695 4177 1907 4237 moventem
1927 4159 1976 4236 de
1991 4157 2107 4236 decdo
2128 4158 2216 4235 dicti
2233 4160 2323 4237 Ber-

905 4290 1083 4379 nardi,de
1098 4320 1172 4399 qua
1187 4292 1303 4369 domo
1320 4308 1358 4369 et
1367 4290 1450 4399 ejus
1459 4290 1698 4396 pertinenciis
1712 4290 1836 4369 dictus
1848 4290 2026 4397 magister
2038 4287 2270 4369 Gnidiermus
2280 4318 2321 4367 se

905 4421 1103 4513 desaisivit,
1120 4423 1271 4501 nomine
1287 4422 1373 4529 puri
1389 4421 1586 4513 escambii,
1607 4422 1648 4498 in
1657 4450 1773 4500 manu
1786 4420 1912 4499 ballivi
1928 4421 2019 4499 dicti
2037 4419 2234 4509 Bernardi,
2250 4446 2320 4527 pro

903 4552 1088 4633 saisiendo
1109 4554 1157 4632 de
1177 4555 1256 4661 ipsa
1273 4554 1413 4631 dictum
1422 4554 1595 4642 Petrum
1610 4576 1724 4659 φιαω
1740 4554 1913 4631 saisinam
1929 4553 2050 4630 dictus
2063 4551 2237 4640 ballivus,
2252 4576 2319 4626 no-

869 4777 874 4787 ,
902 4688 1003 4765 mine
1020 4686 1108 4763 dicti
1122 4685 1304 4765 Bernardi
1317 4688 1353 4763 et
1367 4712 1436 4792 pro
1452 4684 1547 4791 ipso,
1565 4684 1718 4791 recepit,
1735 4702 1775 4763 et
1791 4713 1875 4762 eam
1887 4700 2077 4791 receptam
2092 4684 2193 4760 dicto
2207 4683 2317 4757 Petro

901 4816 1049 4894 tradere
1069 4816 1250 4893 recusavit
1271 4815 1441 4894 indebite
1462 4832 1499 4892 et
1522 4815 1675 4923 injuste,
1694 4844 1811 4922 quare
1831 4814 1982 4923 petebat
2001 4814 2145 4892 dictum
2163 4814 2319 4890 bernar-

902 4946 994 5023 dum
1014 4946 1189 5052 compelli
1206 4946 1253 5021 ad
1263 4946 1527 5052 recipiendum
1543 4946 1754 5052 predictum
1769 4949 1923 5025 Petrum
1942 4946 1981 5024 in
1996 4944 2072 5025 bde
2088 4963 2126 5023 et
2144 4940 2319 5049 homagio

901 5094 980 5154 suo*
997 5076 1044 5185 de
1071 5076 1185 5154 domo
1205 5076 1371 5182 predicta
1394 5096 1432 5156 et
1448 5078 1499 5154 ad
1523 5077 1753 5156 tradendum
1774 5077 1845 5155 sibi
1869 5077 2008 5155 dictam
2031 5076 2212 5163 domum,
2233 5100 2321 5149 urm

900 5207 1140 5315 pertinenciis
1159 5208 1236 5285 suis
1261 5224 1300 5284 et
1325 5236 1411 5283 cum
1430 5206 1618 5287 fructibus
1635 5210 1819 5316 perceptis
1842 5222 1880 5287 et
1898 5205 2026 5286 levatis
2050 5206 2102 5282 ab
2118 5234 2164 5281 ea
2180 5220 2220 5280 et
2236 5202 2321 5308 ejus

899 5336 1154 5443 pertinenciis,
1180 5366 1200 5414 a
1229 5356 1398 5445 tempore
1418 5338 1663 5417 recusationis
1682 5338 1912 5446 supradicte,
1937 5338 2036 5417 dicto
2059 5332 2250 5415 &mundo
2277 5333 2323 5407 in
