5817 7292
1014 1058 1281 1167 saoneres
1308 1076 1374 1148 er
1401 1059 1604 1152 Procas.
1711 1147 1715 1153 .
1975 1079 2047 1156 507

622 1220 708 1298 sacti
726 1216 919 1298 mandati:
940 1218 1090 1298 Auditis
1108 1219 1232 1328 igitur,
1255 1219 1295 1295 in
1315 1220 1418 1296 curia
1436 1237 1581 1310 nostra,
1603 1236 1845 1327 procuratore
1864 1239 1994 1302 nostro
2014 1242 2052 1302 et
2089 1239 2219 1297 Parrum
2232 1243 2276 1306 lv,

622 1350 713 1428 dicti
726 1350 874 1443 militis,
890 1349 1050 1459 visisque
1067 1350 1268 1461 diligenter
1279 1350 1519 1457 processibus
1530 1349 1743 1442 antedictis,
1756 1377 1826 1456 per
1834 1350 1933 1428 dicte
1947 1354 2050 1430 curie
2152 1333 2215 1378 '³¹⁰'

624 1500 753 1561 nostre
764 1479 973 1589 judicium,
995 1483 1138 1561 dictum
1160 1482 1232 1562 luit
1248 1483 1347 1560 bene
1363 1482 1636 1560 sentenciatum
1655 1496 1694 1558 et
1706 1479 1806 1558 male
1821 1481 2051 1588 appellatum

623 1614 756 1705 foisse,
779 1631 818 1692 et
836 1615 942 1721 quod
962 1614 1059 1693 dicta
1082 1614 1377 1721 condempnacio
1394 1612 1635 1692 mandabitur
1653 1612 1881 1692 esecucioni.

680 1745 838 1824 Veneris
855 1761 943 1852 post
960 1763 1129 1823 sanctum
1145 1745 1404 1825 Vincencium.

681 1878 732 1955 M.
752 1878 792 1954 P.
814 1879 977 1986 Mangon
994 1877 1206 1985 reportavit.

681 2140 741 2216 lll.
774 2141 874 2218 Mota
894 2139 977 2228 lite,
994 2139 1034 2215 in
1056 2140 1158 2217 curia
1171 2139 1367 2216 senescalli
1381 2139 1702 2227 Carcassonensis,
1724 2140 1823 2218 inter
1838 2159 2057 2247 procurato-

625 2299 706 2348 rem
728 2287 899 2350 nostrum
926 2272 1025 2348 dicte
1051 2270 1284 2360 senescallie,
1308 2287 1476 2377 exparte
1500 2299 1591 2363 una,
1617 2288 1656 2349 et
1678 2272 1832 2348 Petrum
1857 2272 1906 2351 de
1928 2271 2057 2352 Claro-

625 2405 771 2492 Monte,
794 2402 975 2494 militem,
993 2433 1036 2480 ex
1054 2402 1185 2494 altera,
1203 2431 1319 2509 super
1339 2431 1385 2482 eo
1407 2403 1514 2510 qnod
1529 2403 1767 2509 proponebat
1781 2404 1905 2481 dictus
1920 2431 2057 2510 procu—

624 2551 728 2612 rator
744 2552 873 2613 noster
887 2535 1031 2612 dictum
1048 2534 1207 2612 militem
1225 2535 1451 2640 percussisse
1472 2562 1717 2612 communem
1729 2559 1934 2642 preconem
1948 2536 2056 2613 castri

625 2666 674 2741 de
687 2665 885 2771 Gigniaco,
902 2694 1015 2743 suurn
1031 2665 1197 2742 officium
1213 2682 1467 2753 exercentem,
1484 2665 1786 2772 preconizando,
1796 2695 1840 2744 ex
1853 2683 1959 2774 parte
1975 2691 2058 2745 nos

625 2812 697 2882 tra,
722 2794 811 2872 dicti
833 2795 965 2874 militis
991 2812 1028 2872 et
1051 2795 1213 2873 aliorum
1235 2797 1553 2874 condominorum
1577 2783 1795 2875 nostrorum
1821 2798 1909 2877 dicti
1929 2800 2055 2887 castri,

626 2925 731 3032 quod
751 2924 881 3002 nullus
897 2941 1065 3032 portaret
1083 2953 1200 3017 arma,
1219 2926 1291 3004 sub
1308 2954 1405 3032 pena
1420 2928 1590 3034 quinque
1605 2927 1836 3020 solidorum,
1854 2929 2058 3037 locumque

625 3072 761 3136 tenens
774 3057 864 3136 dicti
875 3055 1088 3148 senescalli,
1102 3057 1203 3135 consi
1209 3056 1335 3136 derata
1345 3059 1591 3165 responsione
1602 3059 1692 3136 dicti
1703 3059 1850 3150 militis,
1865 3058 2058 3166 injudicio

626 3186 843 3267 confitentis
863 3217 902 3268 se
925 3189 1071 3267 dictum
1088 3217 1293 3298 preconem
1312 3188 1360 3265 de
1375 3216 1505 3298 pugno
1521 3190 1656 3267 subtus
1669 3190 1797 3298 golam
1813 3191 2055 3298 percussisse,

625 3323 714 3429 quia
731 3322 897 3400 eundem
919 3322 1097 3414 militem,
1118 3323 1158 3398 in
1179 3321 1276 3399 dicta
1296 3321 1622 3428 preconizacione‚
1642 3337 1770 3399 contra
1791 3323 1874 3429 ejus
1888 3322 2058 3401 volunta-

625 3471 720 3544 tem,
733 3454 956 3534 nominabat
971 3471 1008 3531 et
1022 3482 1165 3534 cessare
1181 3482 1259 3532 non
1272 3453 1438 3545 volebat,
1452 3455 1607 3562 visoque
1620 3479 1799 3560 processu
1815 3453 1916 3531 dicte
1930 3481 2057 3545 cause,

625 3587 792 3664 eundem
812 3586 975 3664 militem
991 3586 1031 3662 in
1051 3586 1223 3663 ducentis
1240 3585 1346 3663 libris
1361 3585 1668 3672 Turonensibus,
1688 3583 1799 3662 nobis
1812 3613 1884 3691 pro
1900 3586 2061 3664 emenda

589 3697 595 3706 ⁸
627 3717 833 3805 solvendis,
850 3717 1128 3794 sentencialiter
1141 3716 1450 3823 condempnavit3
1469 3745 1490 3791 a
1507 3743 1580 3821 qua
1595 3714 1802 3803 sentencia,
1815 3729 1997 3820 tanquam
2014 3717 2059 3794 ab

627 3846 775 3952 iniqua,
797 3863 1018 3952 procurator
1038 3845 1126 3924 dicti
1148 3847 1281 3923 militis
1299 3846 1347 3923 ad
1366 3862 1532 3923 nostram
1555 3844 1697 3921 curiam
1714 3840 1929 3949 appellavit,
1949 3862 1986 3921 et
1997 3847 2061 3953 ju·

628 3976 751 4053 dicem
771 3976 811 4051 in
828 3976 925 4054 dicte
946 3976 1213 4085 appellacionis
1234 4004 1343 4053 causa
1363 3974 1596 4081 impetravit,
1618 3971 1702 4081 qui,
1722 3971 1873 4082 cognito
1894 3973 1943 4050 de
1963 3975 2061 4052 dicta

629 4133 753 4197 causa,
784 4107 882 4184 dicte
908 4109 1013 4189 curie
1039 4125 1168 4186 nostre
1195 4109 1355 4186 eandem
1379 4107 1600 4184 instructam
1626 4103 1795 4182 remisit:
1822 4103 1921 4184 Visis
1947 4105 2061 4214 igitur

630 4238 827 4345 utriusque
851 4265 959 4315 cause
984 4238 1237 4344 processibus,
1263 4238 1455 4346 perdicto
1480 4254 1609 4315 nostre
1633 4237 1736 4314 curie
1755 4235 1963 4344 judicium,
1988 4237 2060 4317 luit

630 4368 752 4446 dictus
773 4367 895 4460 miles,
917 4397 1031 4477 super
1050 4369 1138 4464 hoc,
1160 4371 1207 4448 ab
1227 4370 1406 4448 instancia
1422 4368 1559 4478 judicii
1580 4367 1790 4458 absolutus,
1806 4385 1962 4476 propter
1979 4370 2061 4477 plu-

629 4527 690 4578 res
715 4499 916 4589 deffectus,
938 4518 1109 4608 repertos
1129 4503 1170 4578 in
1192 4529 1369 4608 processu
1395 4529 1504 4580 cause
1522 4499 1740 4608 principalis
1755 4500 1948 4607 predicte,
1970 4500 2060 4580 luit-

630 4659 722 4738 que,
744 4623 934 4740 peridem
954 4633 1160 4741 judicium,
1183 4634 1400 4712 ordinatum
1421 4633 1526 4741 quod
1552 4631 1676 4710 dictus
1694 4630 1924 4711 'senescallus
1947 4662 2061 4741 super

632 4762 732 4841 dicto
757 4792 908 4842 excessu
933 4765 1026 4842 dicti
1058 4765 1208 4856 militis,
1231 4767 1337 4878 juxta
1365 4765 1538 4876 ejusdem
1567 4763 1860 4858 confessionem,
1880 4766 2061 4872 procedat

630 4911 761 4972 contra
781 4922 887 4988 eum,
903 4913 1019 5004 prout
1039 4897 1165 4976 eidem
1185 4897 1392 4977 senescallo
1410 4895 1604 4975 videbitur
1622 4895 1849 4978 laciendum.

687 5027 843 5106 Veneris
862 5046 948 5135 post
967 5047 1136 5108 sanctum
1153 5031 1414 5108 Vincencium.

688 5159 850 5269 Mangon
870 5163 1082 5268 reportavit.

692 5289 762 5367 lste
779 5307 857 5370 tres
874 5293 1048 5400 inqueste
1066 5293 1188 5400 prime
1207 5291 1322 5372 simul
1341 5309 1430 5371 sunt
1444 5291 1555 5401 ligate
1573 5315 1660 5372 cum
1673 5290 1863 5400 judicatis.

1884 5569 1936 5638 ot.
