5817 7292
1060 1143 1420 1253 annotasset
1447 1144 1653 1238 pancas.
2002 1166 2076 1241 ua·

645 1300 727 1410 ejus
748 1303 1047 1383 commissarium
1073 1306 1171 1386 bene
1197 1306 1474 1393 sentenciassee
1495 1323 1533 1384 et
1559 1306 1775 1412 predictum
1792 1306 1952 1387 Vitalem
1975 1310 2079 1389 male.
2112 1324 2243 1382 anacam
2256 1326 2300 1393 tv,

643 1434 862 1542 appellasse.

700 1564 854 1645 Sabbati
874 1584 961 1675 post
978 1567 1206 1649 brandones.

2174 1419 2239 1463 tant.

1984 1748 1988 1755 ·
2071 1724 2083 1765 l'

699 1828 793 1908 XXI.
825 1832 912 1912 Visa
933 1832 1122 1939 inquesta,
1146 1832 1192 1911 de
1212 1833 1539 1912 mandatnnostro
1558 1831 1667 1922 lacta,
1690 1844 1819 1910 eontra
1838 1833 2073 1941 Stephanum

608 1964 614 1973 ’
640 1962 810 2039 Boucelli
835 1964 883 2040 de
903 1964 1099 2054 Lorriaco,
1118 1966 1173 2041 ·in
1192 1964 1357 2074 prisione
1384 1982 1513 2044 nostra
1541 1965 1742 2044 detentum
1765 1992 1835 2071 pro
1859 1966 2074 2071 suspicione

641 2092 773 2170 mortis
795 2092 992 2171 Guillelmi
1022 2094 1219 2203 Chapeau‚
1247 2114 1288 2175 et
1310 2098 1436 2175 audita
1465 2096 1584 2203 ipsius
1608 2095 1792 2205 Stephani
1817 2096 2070 2190 somessione,

576 2320 582 2327 ι
640 2248 709 2329 per
728 2224 832 2303 curie
851 2242 981 2305 nostre
997 2226 1207 2336 judicium,
1230 2228 1375 2306 dictum
1397 2228 1471 2307 luit
1488 2229 1596 2336 qnod
1612 2229 1771 2307 terciam
1788 2228 2075 2335 partembono·

639 2381 725 2430 rum
751 2354 925 2433 omnium
947 2357 1150 2436 mobilium
1174 2375 1217 2437 et
1241 2358 1500 2437 immobilium
1523 2359 1614 2437 dicti
1634 2358 1840 2466 Stephani,
1858 2358 1919 2438 vel
1938 2388 2073 2437 eorum

639 2484 819 2577 valorem,
849 2514 920 2595 pro
941 2490 1103 2567 emenda
1122 2506 1249 2569 nostra
1269 2491 1476 2597 capiemus,
1503 2508 1543 2569 et
1563 2490 1811 2597 ,corpus‘ejus
1829 2518 1918 2568 cum
1936 2492 2074 2569 ceteris
2117 2545 2126 2561 .

638 2614 751 2694 bonis
765 2618 843 2697 suis
858 2619 1068 2699 mobilibus
1083 2638 1121 2699 et
1141 2622 1406 2701 immobilibus
1425 2621 1498 2701 sibi
1518 2621 1842 2701 deliberabuntur.
1963 2669 1967 2691 ι

697 2747 850 2827 Sabbati
870 2768 955 2830 ante
973 2750 1201 2831 Brandones.
1311 2806 1314 2815 ι

695 2880 910 2989 lnquestam
925 2912 1003 2963 non
1022 2883 1156 2962 habeo.

696 3142 807 3221 XXII.
839 3146 938 3223 Cum
968 3148 1079 3225 nobis
1109 3148 1379 3225 denunciatum
1412 3144 1545 3224 luisset
1574 3144 1680 3252 qaod
1704 3145 1866 3223 lacobus
1884 3144 2070 3225 'de'lloli-

638 3272 786 3381 gniaco,
808 3275 914 3353 vadia
933 3295 1060 3357 nostra
1078 3278 1264 3385 recipiens
1278 3304 1348 3385 pro
1368 3275 1540 3355 custodia
1558 3276 1658 3353 muni
1674 3277 1915 3367 Carcassone,
1935 3292 1975 3354 et
1987 3279 2072 3385 qui-

639 3402 723 3481 dam
746 3405 808 3481 alii
827 3406 984 3485 inferius
1002 3410 1206 3501 nominati,
1228 3408 1338 3516 plura
1358 3408 1474 3498 bona,
1497 3436 1572 3514 que
1593 3407 1704 3485 nobis
1724 3408 1832 3484 erant
1849 3409 2067 3497 commissa,

639 3533 861 3615 detinebant
881 3556 919 3616 et
938 3539 1009 3617 sihi
1032 3540 1306 3650 applicaverant
1324 3538 1452 3617 illicite
1474 3540 1571 3616 etin
1590 3539 1842 3648 prejudicium
1863 3540 1962 3649 juris
1982 3568 2070 3618 nos-

637 3665 701 3754 tri,
724 3694 839 3776 super
850 3669 925 3747 hoo
939 3670 1077 3749 vocatis
1094 3671 1281 3779 partibus,
1299 3669 1440 3776 inquiri
1452 3668 1614 3747 fecimus
1630 3669 1843 3761 veritatem,
1860 3671 1941 3748 visa
1954 3671 2070 3778 igitur

638 3796 812 3902 inquesta
831 3828 946 3908 super
965 3802 1039 3880 hoc
1065 3802 1175 3891 lacta,
1202 3802 1396 3879 inventum
1416 3798 1723 3878 estsuffieienter
1741 3799 1944 3906 probatum
1962 3802 2069 3907 quod
2203 3888 2212 3903 .

638 3924 740 4003 bona
760 3954 834 4035 que
855 3950 1034 4011 secuntur
1053 3932 1166 4013 nobis
1184 3949 1291 4011 erant
1310 3931 1524 4020 commissa,
1541 3946 1578 4009 at
1597 3930 1704 4037 quod
1721 3920 1826 4007 idern
1843 3930 2006 4009 lacobus
2022 3959 2068 4009 ca

638 4053 770 4133 illicite
803 4077 842 4135 et
870 4062 909 4137 in
940 4066 1058 4143 nostri
1095 4065 1350 4177 prejudicium
1379 4062 1593 4155 detinebat,
1623 4059 1799 4139 videlieet
1826 4078 1989 4139 castrum
2021 4063 2068 4139 de

638 4186 901 4282 Monte-lrato,
934 4222 1022 4273 cum
1052 4196 1244 4304 acquisitis
1274 4194 1419 4273 ibidem
1447 4193 1555 4271 lactis
1579 4221 1648 4302 per
1665 4190 1888 4300 magistrum
1906 4190 2068 4271 Gu'illel

637 4344 744 4394 mum
765 4318 954 4414 Guerrici‚
978 4326 1026 4405 de
1044 4328 1168 4407 heresi
1190 4328 1530 4435 condempnatum
1556 4324 1667 4417 item,
1688 4321 1858 4402 brolium
1878 4339 1917 4400 et
1934 4350 2068 4429 quarm

637 4448 725 4526 dam
745 4454 890 4557 peciam
905 4472 1004 4534 terre
1019 4486 1095 4565 que
1115 4462 1310 4567 quondam
1329 4459 1486 4540 luerunt
1498 4456 1665 4565 magistri
1684 4453 1879 4536 Guillelmi
1892 4456 2065 4546 umnec,

638 4580 686 4658 de
712 4582 836 4663 heresi
865 4585 1151 4697 condempnati3
1175 4592 1266 4671 item
1294 4609 1444 4699 pratum
1472 4608 1511 4669 et
1532 4589 1679 4668 vineam
1704 4616 1779 4695 que
1797 4586 1953 4665 fuerunt
1974 4587 2068 4693 Ray-

637 4714 775 4791 mundi
795 4718 982 4826 magistri,
1004 4720 1118 4810 item,
1142 4721 1301 4801 domum
1323 4739 1361 4801 et
1379 4739 1527 4831 partem
1545 4720 1619 4801 orti
1640 4745 1715 4827 que
1736 4718 2067 4797 luenmtBertho·

637 4841 754 4922 lomei
774 4846 821 4926 de
842 4850 1058 4959 Spemne,
1086 4855 1134 4931 de
1155 4850 1279 4932 heresi
1300 4854 1583 4963 condempnati3
1604 4852 1716 4940 item,
1741 4858 1814 4957 per
1830 4848 2067 4927 eandem-in-

636 4993 829 5082 questam,
860 4982 1054 5064 inventum
1084 4984 1157 5063 luit
1185 4986 1291 5094 quod
1319 4986 1452 5064 Petrus
1478 4985 1527 5064 de
1553 4983 1746 5075 vernone,
1763 4998 1912 5059 tenens
1938 4980 2064 5059 locum

636 5107 754 5183 nostri
774 5117 1027 5216 procuratoris
1048 5118 1292 5207 incursuum,
1313 5131 1462 5223 pratum
1483 5131 1521 5193 et
1539 5115 1685 5193 vineam
1706 5141 1780 5221 que
1800 5111 1955 5191 luerunt
1973 5112 2065 5221 Ray·

636 5238 771 5315 mundi
792 5240 840 5320 dc
858 5244 1117 5341 Cassillihaeo,
1140 5246 1253 5327 nobie
1272 5245 1509 5337 commissoris
1530 5246 1639 5333 item,
1659 5242 1766 5351 quod
1784 5242 1999 5349 Stephanus
2018 5241 2065 5319 de

635 5366 818 5463 Assutria,
837 5376 1031 5458 estimatur
1051 5396 1270 5460 nostrorum
1290 5379 1531 5468 incursuum,
1552 5376 1758 5483 quemdam
1777 5383 1977 5480 eampum,
1999 5400 2066 5449 no·

636 5496 696 5574 his
717 5506 976 5597 commissum,
1002 5512 1107 5617 quod
1135 5511 1208 5591 fuit
1228 5508 1439 5620 Raymundi
1460 5508 1626 5616 magistri
1649 5508 1698 5588 de
1717 5504 1842 5583 heresi
1860 5502 2065 5607 condomp

1890 5678 1934 5740 19.
