5817 7292
1071 1169 1337 1275 suousrns
1363 1168 1657 1259 s'r‘rsocus.
1758 1163 1764 1174 '
2022 1191 2069 1261 rr

653 1329 847 1436 pervenire
867 1326 1064 1435 contigerit
1087 1327 1124 1403 in
1148 1325 1311 1404 Domino
1336 1325 1519 1402 sulutem:
1539 1327 1668 1420 Quum
1689 1326 1762 1402 hoc
1785 1355 1947 1435 nequam
1968 1361 2072 1411 secu·
2104 1340 2232 1394 murm
2251 1341 2295 1403 tv,

654 1459 734 1536 lum
756 1457 803 1536 de
824 1457 885 1534 dic
906 1458 944 1533 in
964 1459 1066 1536 diem
1088 1457 1280 1544 exarescit,
1304 1457 1459 1565 ejusque
1478 1456 1597 1565 gioria
1618 1472 1789 1561 tempore
1808 1463 1989 1566 temporis
2010 1493 2071 1542 su·
2172 1431 2234 1474 'm'

652 1591 848 1696 brepente·
864 1589 1059 1678 decrescit,
1087 1589 1313 1696 quandoque
1339 1591 1480 1694 penam
1508 1586 1672 1664 buturum
1706 1587 1905 1692 pensitare,
1937 1620 2071 1697 quam-

653 1721 780 1828 doque
806 1721 855 1796 ad
879 1718 1036 1826 gloriam
1064 1719 1173 1798 decet
1196 1720 1373 1826 aspirare,
1401 1735 1604 1825 eapropter
1615 1715 1895 1797 universitatem
1913 1739 2071 1800 vestram

653 1851 857 1928 certificare
880 1879 1050 1958 propono
1078 1880 1140 1928 me
1165 1851 1355 1928 ecclesiam
1373 1849 1474 1928 beati
1503 1849 1644 1926 Uimari
1669 1865 1708 1925 et
1731 1849 1885 1957 diligere
1906 1869 1943 1928 et
1960 1880 2073 1930 vene-

652 1983 725 2059 rari
739 1979 853 2069 velle,
870 2009 940 2058 nec
961 1981 1040 2088 ejus
1050 1981 1136 2089 jura
1150 1983 1189 2058 in
1212 1980 1347 2059 diebus
1361 1981 1457 2058 meis
1471 1979 1645 2086 deperire¹
1667 1979 1725 2057 vel
1743 1981 1877 2058 minui.
1903 1983 2072 2093 Cognos-

653 2139 696 2190 co
717 2113 831 2220 igitur
854 2112 1028 2188 abbatem
1049 2131 1086 2191 et
1104 2113 1309 2191 monachos
1324 2111 1883 2192 Sancti-Ulmeri-in-Nemore
1903 2115 1942 2190 in
1968 2118 2072 2192 omni

650 2243 886 2348 possessione
916 2243 1084 2351 ejusdem
1112 2242 1281 2336 ecclesie,
1308 2265 1461 2322 omnem
1488 2242 1700 2319 libertatem
1727 2260 1764 2319 et
1791 2245 2008 2322 comitatum
2037 2263 2075 2322 et

650 2373 833 2481 quicquid
859 2374 906 2451 ad
926 2373 1113 2480 justiciam
1142 2375 1306 2482 pertinet
1332 2403 1376 2452 cx
1401 2375 1549 2482 integro
1574 2372 1730 2464 habere,
1757 2373 1931 2452 villarum
1955 2378 2073 2455 eciam

651 2522 688 2581 et
704 2503 875 2583 iocorum
898 2506 1053 2584 nomina
1072 2508 1122 2584 ad
1136 2508 1213 2616 jam
1235 2507 1469 2584 nominatam
1488 2505 1683 2584 ecelesiam
1707 2507 1984 2612 pertinencium
2011 2541 2072 2587 ex-

649 2635 812 2743 primere
833 2665 923 2715 curo
949 2635 1065 2714 :villa
1095 2637 1407 2730 Sancti-Ulmari‚
1441 2637 1568 2715 forum
1599 2655 1638 2713 et
1662 2638 1955 2715 consuetudines
1978 2639 2067 2728 sori,

650 2768 831 2874 quicquid
851 2769 900 2844 ad
917 2767 1044 2845 villam
1062 2766 1122 2846 vel
1142 2768 1189 2845 ad
1213 2765 1338 2846 forum
1358 2768 1537 2874 pertinet,
1559 2767 1783 2856 Miutinum,
1805 2768 1969 2874 quedam
1988 2799 2073 2874 pars

650 2895 911 3003 Pannigetum,
945 2897 1134 2984 Condeta,
1162 2896 1340 2984 Berkem,
1373 2895 1592 2986 Rikenacre,
1620 2896 1816 2974 Hidinium
1845 2925 1933 2974 cum
1959 2896 2075 3005 perti·

649 3026 792 3102 nenciis
818 3026 910 3114 suis,
938 3027 1123 3116 Foulrem,
1150 3026 1307 3105 Colonia
1332 3055 1417 3102 cum
1443 3026 1685 3132 pertinenciis
1711 3026 1805 3116 suis,
1831 3027 1960 3105 Katika
1986 3059 2071 3108 cum

649 3157 891 3261 pertinenciis
916 3158 1008 3248 suis,
1036 3157 1250 3246 chiules,
1280 3156 1443 3262 quedam
1469 3185 1552 3262 pars
1578 3158 1627 3233 de
1653 3159 1783 3234 Frenc.
1809 3157 1932 3236 Habet
1955 3163 2070 3239 eciam

648 3285 788 3391 prefata
808 3288 963 3364 ecclesia
981 3304 1099 3363 terras
1119 3303 1157 3362 et
1175 3284 1343 3390 hospites
1363 3286 1460 3362 circa
1476 3285 1671 3362 Boloniam
1690 3287 1792 3392 apud
1805 3287 1955 3377 Cluses,
1972 3294 2070 3398 apud

649 3415 964 3524 Hessinghehem‚
991 3416 1092 3521 apud
1110 3415 1384 3520 Hermerenges
1404 3432 1442 3490 et
1466 3414 1506 3490 in
1525 3413 1607 3491 aliis
1625 3413 1801 3519 pluribus
1820 3415 1925 3495 iocis.
1940 3420 1987 3497 ·si
2006 3449 2072 3499 vo·

620 3632 623 3642 ,
648 3548 809 3625 caverint
841 3575 907 3625 me
930 3547 988 3625 vei
1016 3547 1217 3624 servientes
1244 3573 1349 3623 meos
1380 3545 1499 3624 abbas
1523 3545 1581 3622 vel
1613 3547 1790 3624 monachi
1819 3546 1859 3624 in
1891 3549 2070 3629 auxilium

648 3677 718 3756 sibi
744 3707 813 3785 pro
838 3678 960 3785 aliqua
979 3675 1115 3785 injuria
1134 3678 1188 3754 eis
1208 3676 1327 3766 illata,
1349 3676 1429 3752 sine
1449 3703 1556 3752 mora
1575 3674 1758 3753 debemus
1778 3676 1833 3755 eis
1850 3678 2068 3774 subvenire,

648 3809 811 3888 sednon
830 3809 901 3886 nisi
920 3808 1040 3886 vocati
1059 3807 1254 3884 fuerimus.
1276 3806 1450 3885 Monachi
1469 3804 1528 3882 vel
1548 3833 1682 3884 eorum
1700 3809 1829 3885 nuncii
1849 3827 2070 3890 nectraver·

648 3963 731 4015 sum
760 3968 830 4016 nec
854 3939 1056 4047 pedagium
1083 3967 1153 4015 nec
1179 3937 1344 4043 aliquam
1371 3935 1685 4014 consuetudinem
1712 3937 1853 4016 debent
1874 3939 1970 4028 infra
1994 3960 2069 4020 ter-

650 4070 773 4146 minos
799 4073 997 4148 comitatus
1022 4067 1190 4148 Bolonie.
1219 4069 1392 4146 Preterea
1421 4067 1605 4174 quioquid
1631 4067 1671 4143 in
1694 4067 1850 4144 decimis
1874 4073 2068 4176 acquirent

648 4201 702 4280 eis
729 4201 918 4291 concedo;
947 4202 1238 4280 consuetudines
1266 4227 1380 4278 novas
1406 4197 1542 4274 inferre
1569 4199 1609 4274 in
1633 4197 1908 4304 possessionem
1937 4228 2067 4278 eorum

648 4331 869 4409 hominibus
893 4333 987 4408 meis
1012 4332 1247 4418 contradico}
1269 4329 1486 4406 aisiamenta
1508 4345 1608 4404 terre
1632 4354 1719 4404 mee
1737 4327 1808 4433 ipsi
1833 4344 1872 4404 et
1895 4329 2068 4412 homines

648 4489 795 4553 eorum,
813 4463 956 4568 ubique
972 4461 1149 4552 habeant,
1167 4458 1267 4566 apud
1283 4457 1491 4566 Hydinium
1507 4458 1612 4563 quod
1627 4457 1766 4536 babere
1781 4483 2064 4553 consueverant,

646 4589 787 4673 scilicet
805 4593 961 4672 boscum
978 4607 1171 4670 mortuum
1190 4607 1228 4668 et
1246 4590 1447 4668 asiamenta
1466 4589 1504 4666 in
1526 4588 1635 4676 silva,
1649 4589 1705 4666 eis
1719 4592 1896 4669 concedo.
1912 4593 1963 4669 Ut
1976 4621 2065 4704 ergo

646 4727 716 4802 hec
742 4723 909 4815 libertas,
940 4723 1085 4832 cognita
1110 4739 1149 4799 et
1173 4721 1281 4800 suma
1307 4737 1525 4829 permaneat
1550 4721 1716 4827 presenti
1737 4723 1871 4830 pagine
1899 4722 2064 4831 sigillum

647 4882 772 4931 meum
793 4883 981 4961 apponere
1000 4853 1116 4942 facio,
1138 4869 1177 4930 et
1196 4853 1250 4932 rei
1270 4871 1371 4961 geste
1390 4853 1490 4930 viros
1508 4880 1631 4943 meos,
1653 4879 1815 4958 quorum
1829 4853 2065 4932 subscribun-

643 5001 707 5062 tur
739 4986 891 5064 nomina
921 4985 1180 5064 testimonium
1215 4983 1384 5062 conferre
1412 4984 1545 5092 jubeo.
1574 4985 1812 5062 Ferrannum
1840 4983 1888 5062 de
1916 4984 2063 5094 Tingri,

547 5213 551 5222 Ι
645 5117 758 5194 Ysaac
778 5118 825 5195 de
845 5118 1140 5227 Boezingebem,
1157 5115 1399 5223 badulphum
1420 5115 1467 5194 de
1489 5118 1607 5207 Lens,
1627 5115 1886 5224 Arnnlphum,
1911 5118 2067 5225 Stepha-

645 5272 738 5322 num
771 5248 817 5324 de
847 5247 977 5324 Kaieu.
1004 5247 1138 5325 Actum
1166 5275 1266 5325 anno
1284 5247 1399 5326 Verbi
1429 5246 1608 5326 incarnati
1635 5246 1837 5329 millesimo
1862 5249 2064 5327 centesimo

645 5377 869 5484 sexagesimo
888 5379 1033 5486 primo,
1054 5407 1184 5458 mense
1204 5379 1344 5458 Maio.»

703 5507 881 5615 Sequitur
897 5531 1007 5592 tenor
1024 5512 1139 5590 tercie
1159 5529 1258 5590 carte
1279 5540 1344 5591 scu
1363 5510 1560 5620 privilegii.
