5817 7292
1025 1114 1291 1222 nnonnrns
1318 1109 1382 1205 ΕΤ
1409 1114 1612 1206 raeces.
1976 1138 2025 1209 si

606 1280 900 1386 quingentarum
937 1274 1120 1355 libranun
1154 1275 1436 1354 Turonensium
1467 1275 1579 1354 nobis
1607 1274 1842 1364 solvendam,
1872 1295 2028 1386 propter
2065 1285 2252 1352 emansit,

606 1407 789 1516 predicta,
810 1435 878 1514 per
897 1407 1000 1484 curie
1021 1423 1149 1484 nostre
1168 1405 1373 1512 judicium,
1400 1406 1520 1484 extitit
1540 1404 1852 1510 condempnatus,
1872 1407 1947 1486 boc
1970 1411 2028 1484 in·
2127 1379 2189 1421 Μ’

608 1569 720 1646 super
734 1537 863 1618 addito
884 1537 988 1645 quod
1007 1553 1116 1644 porte
1136 1536 1226 1614 dieti
1242 1534 1398 1616 manerii
1414 1537 1625 1627 diruentur,
1641 1554 1681 1614 et
1698 1536 1751 1614 sic
1766 1535 1891 1615 diruta
1910 1567 2031 1618 rema·

608 1671 753 1750 nebunt
776 1698 1012 1775 perannum.
1038 1669 1180 1746 Poterit
1196 1685 1322 1744 tamen
1345 1669 1441 1747 dieta
1464 1686 1637 1775 apertura
1655 1667 1812 1746 manerii
1834 1667 1959 1746 claudi
1982 1670 2029 1746 de

607 1802 726 1908 spinis
745 1817 783 1878 et
800 1800 853 1878 ibi
874 1798 957 1878 lieri
977 1827 1078 1878 unus
1097 1827 1232 1904 parvus
1249 1799 1461 1906 guichetus.

662 1930 762 2008 Jovis
779 1929 957 2037 predicta.
1004 1929 1008 1936 ’

662 2059 835 2140 Bocellus
854 2059 1065 2165 reportavit.

662 2321 774 2398 XXX.
804 2319 901 2398 Cum
925 2317 1153 2399 Bertrandus
1183 2319 1230 2396 de
1256 2317 1408 2436 Alsona,
1439 2322 1602 2400 Peneius
1628 2320 1792 2410 Cabrici,
1820 2321 2033 2428 Stephanus

607 2451 791 2537 Remissa,
813 2450 1025 2557 Stephanus
1045 2449 1254 2538 Cabacerii,
1278 2467 1316 2527 et
1340 2452 1530 2531 lohannes
1553 2452 1722 2540 Martini,
1743 2469 1835 2530 tunc
1858 2455 2032 2532 consules

607 2581 693 2658 ville
707 2580 754 2658 de
768 2581 952 2673 Laurano,
961 2583 1025 2690 jus
1039 2597 1212 2660 nostrum
1228 2583 1444 2688 usurpando
1457 2584 1607 2687 propria
1619 2583 1844 2671 temeritate,
1858 2583 2035 2662 fecissent

608 2713 656 2790 de
674 2741 771 2792 novo
782 2740 977 2790 mensuras
993 2741 1062 2790 seu
1077 2711 1260 2819 pondera,
1275 2739 1421 2816 suoque
1436 2714 1542 2818 signo
1555 2715 1776 2819 signassent,
1791 2743 1880 2790 cum
1893 2716 2032 2820 quibus

607 2841 678 2948 ipsi
692 2842 900 2918 mensurari
916 2859 954 2918 et
967 2841 1168 2947 ponderari
1185 2839 1372 2918 faciebant
1384 2843 1422 2916 in
1435 2841 1521 2919 villa
1532 2842 1718 2948 predicta,
1734 2856 1773 2919 et
1784 2859 1929 2920 certum
1940 2874 2034 2950 pon-

609 2970 821 3051 deratorem
852 2969 1133 3048 constituissent
1160 2969 1317 3058 ibidem,
1348 2969 1498 3078 sibique
1521 2972 1769 3079 injunxissent
1791 2977 1898 3080 quod
1920 2976 2032 3053 alicui

607 3101 729 3182 nobili
748 3101 847 3180 dicte
868 3100 956 3180 ville
976 3129 1054 3179 non
1071 3101 1360 3207 ponderarent¹,
1383 3119 1420 3180 et
1434 3120 1591 3210 propter
1608 3105 1681 3182 hoc
1697 3131 1766 3210 per
1783 3122 1949 3182 nostram
1966 3136 2033 3185 cu-

607 3235 702 3312 riam
718 3235 1050 3314 Carcassonensem
1065 3233 1233 3310 arrestati
1247 3232 1405 3311 luissent
1420 3251 1459 3310 et
1474 3233 1541 3312 diu
1554 3235 1712 3327 detenti,
1730 3265 1773 3312 ac
1786 3239 2033 3341 postmodum

607 3365 679 3446 sub
700 3361 936 3442 recredencia
956 3361 1103 3440 liberati
1113 3395 1123 3452 ς
1133 3361 1210 3469 ipsi
1229 3364 1491 3470 postmodum,
1512 3365 1560 3441 ad
1576 3365 1715 3444 dictam
1727 3365 1855 3443 villam
1870 3368 2035 3446 redeun-

607 3513 679 3588 tes,
695 3493 983 3602 presumpcione
998 3492 1197 3571 temeraria
1210 3511 1248 3572 et
1261 3493 1540 3585 inobedienter,
1556 3497 1690 3575 iterato
1703 3498 1983 3576 constituerunt
1990 3517 2035 3576 ut

524 3614 527 3618 ⁵
607 3627 711 3732 prius
731 3625 1021 3734 ponderatorem
1046 3623 1208 3714 ibidem,
1234 3644 1272 3702 et
1297 3625 1460 3704 similem
1489 3625 1761 3706 inhibicioncm
1786 3627 1958 3706 fecerunt
1982 3629 2036 3705 ei·

609 3760 714 3848 dem;
742 3773 897 3864 pmpter
918 3754 1024 3863 qnod
1048 3756 1119 3862 ipsi
1144 3757 1185 3834 in
1208 3757 1407 3834 emendam
1433 3757 1682 3836 ducentarum
1701 3776 1741 3837 et
1763 3759 2034 3866 quinquaginta

608 3889 789 3966 librarum
808 3886 1090 3964 Turonensium
1106 3886 1217 3966 nobis
1235 3885 1471 3975 solvendam,
1490 3915 1559 3994 per
1574 3887 1824 3967 senescallum
1839 3907 1930 3966 tunc
1944 3889 2036 3968 Car-

607 4044 882 4104 cassenensem,
912 4015 1067 4096 fuerunt
1092 4017 1370 4096 sentencialiter
1395 4017 1684 4124 condempnati,
1704 4050 1725 4096 a
1744 4047 1820 4124 qua
1843 4022 2034 4097 sentencia

607 4146 939 4252 condempnatoria
960 4147 1031 4251 ipsi
1056 4145 1104 4224 ad
1127 4167 1294 4228 nostram
1316 4147 1553 4228 audienciarn
1573 4147 1836 4254 appellarunt:
1858 4149 2032 4225 Tandem

605 4280 691 4356 visis
719 4275 955 4383 processibus
981 4275 1159 4354 omnibus
1180 4276 1450 4382 predictarum,
1478 4293 1557 4356 tam
1583 4275 1799 4383 principalis
1829 4305 1944 4386 quam
1967 4308 2031 4385 ap-

607 4407 826 4516 pellacionis
851 4433 1063 4496 causarum,
1089 4434 1236 4484 necnon
1263 4405 1494 4500 nacionibus,
1516 4407 1798 4488 defensionibus
1823 4429 1863 4488 et
1886 4408 2033 4489 confes-

607 4539 779 4618 sionibus
798 4535 998 4615 consulum
1017 4537 1291 4642 predictorum,
1314 4565 1355 4614 ac
1376 4536 1683 4645 deposicionibus
1696 4541 1850 4618 testium
1867 4542 1907 4617 in
1924 4571 2032 4620 causa
2158 4639 2163 4646 Ι

606 4669 828 4780 hujusmodi
846 4669 1136 4775 productorum,
1157 4697 1225 4774 per
1244 4670 1346 4748 curie
1369 4687 1497 4751 nostre
1510 4669 1720 4780 judicium,
1742 4671 1887 4750 dictum
1904 4673 1977 4750 fuit
1995 4693 2032 4751 et

606 4802 897 4908 pronunciatum
917 4799 1059 4878 dictum
1073 4799 1323 4883 senescallum
1342 4801 1441 4882 bene
1451 4802 1657 4910 judicasse,
1677 4820 1716 4881 et
1733 4799 1924 4910 predictos
1941 4833 2033 4882 eon·
2159 4793 2166 4802 ’

607 4932 707 5012 sules
726 4931 824 5010 male
844 4929 1065 5038 appellasse,
1086 4930 1301 5038 dictamque
1321 4934 1548 5014 sententiam
1572 4931 1942 5040 condempnatum
1964 4936 2033 5013 de·

605 5062 697 5144 bere
715 5061 930 5142 execucioni
949 5061 1129 5140 mandari.

662 5194 762 5274 Jovis
780 5209 866 5300 post
883 5189 1111 5274 Brandnnes.

663 5326 715 5404 M.
735 5324 774 5401 P.
797 5324 845 5402 de
865 5323 984 5405 Menti
1003 5323 1215 5430 reportavit.

652 5485 660 5516 ¹
684 5487 763 5551 tim
774 5487 944 5572 peridem.
970 5555 971 5560 γ
