5817 7292
1026 1074 1294 1185 mounrns
1320 1094 1385 1165 nr
1411 1076 1617 1167 procas.
1961 1094 2035 1165 aas

615 1236 804 1326 servienti,
816 1252 854 1313 et
867 1237 907 1313 in
920 1236 1028 1345 gagio
1039 1235 1180 1343 hajulie
1191 1234 1474 1322 Montis-Acuti,
1486 1252 1525 1313 et
1537 1235 1578 1309 in
1591 1248 1744 1311 centum
1760 1231 1866 1311 libris
1880 1231 2034 1310 domino
2073 1246 2203 1303 vnum
2216 1250 2259 1313 W.

617 1366 725 1473 Regi,
748 1395 816 1474 pro
837 1367 1013 1453 emenda,
1035 1365 1240 1455 solvendis,
1264 1365 1386 1443 dictus
1405 1361 1528 1443 Fabei·
1546 1394 1568 1441 a
1586 1362 1930 1467 condempnacione
1949 1390 2035 1469 pre·
2134 1339 2199 1383 '⁸⁰⁹‘

617 1494 715 1573 dicta
739 1496 787 1573 ad
810 1515 975 1575 nostram
996 1495 1136 1575 curiam
1161 1495 1382 1601 appellavit:
1404 1495 1577 1573 Partibus
1603 1493 1717 1599 igitur
1735 1492 1974 1598 presentibus
1996 1491 2035 1567 in

616 1626 718 1703 curia
734 1644 875 1715 nostra,
896 1644 934 1705 et
949 1626 1065 1707 nichil
1084 1628 1171 1705 novi
1187 1626 1486 1733 proponentibus
1501 1626 1541 1701 in
1555 1652 1665 1702 causa
1679 1622 1946 1730 appellacionis
1959 1651 2039 1728 pre·

618 1755 731 1846 dicte,
755 1757 829 1835 visa
849 1757 1050 1865 diligenter
1067 1757 1164 1834 dicta
1178 1752 1368 1863 inquesta,
1391 1786 1459 1864 per
1481 1756 1584 1835 curie
1601 1772 1726 1833 nostre
1739 1754 1944 1861 judicium,
1966 1753 2040 1829 dic-

617 1902 699 1964 tum
719 1886 790 1965 fuit
807 1889 1020 1994 predictum
1044 1889 1290 1967 senescallum
1310 1889 1408 1967 bene
1423 1889 1627 1997 judicasse,
1650 1904 1688 1964 et
1712 1886 1855 1963 dictum
1875 1885 2040 1961 Fabmm

619 2018 715 2095 male
734 2018 955 2125 appellasse,
973 2035 1011 2096 et
1027 2020 1132 2125 quod
1148 2019 1316 2123 predicta
1335 2019 1630 2125 condempnacio
1648 2015 1888 2094 mandabitur
1906 2042 2039 2093 execu-

618 2175 729 2223 crom.

671 2277 870 2355 Dominica
889 2297 973 2385 post
994 2279 1228 2359 Nativitatem
1248 2280 1412 2359 Domini.

674 2406 781 2485 Creci
802 2411 1014 2515 reportavit.

674 2670 717 2745 11.
748 2671 830 2747 Lite
843 2688 960 2761 mota,
976 2700 1101 2751 coram
1115 2673 1242 2760 nobis,
1256 2674 1356 2750 inter
1367 2674 1578 2751 iohannem
1595 2673 1642 2748 de
1657 2672 1793 2750 Alneto
1809 2688 1847 2749 et
1862 2673 1943 2779 ejus
1955 2700 2042 2750 uxo-

619 2826 716 2889 rem,
739 2828 781 2877 ex
802 2828 876 2877 una
892 2819 1014 2908 parte,
1032 2818 1070 2879 et
1085 2803 1336 2880 Laurencium
1357 2801 1404 2880 de
1425 2802 1694 2910 Montigniaco,
1717 2830 1760 2878 ex
1778 2802 1912 2887 altera,
1929 2828 2042 2907 super

621 2956 667 3006 eo
681 2929 786 3035 quod
804 2928 892 3007 dicti
908 2930 1084 3039 conjuges
1096 2932 1275 3039 petebant
1288 2932 1580 3040 quadringentas
1593 2932 1708 3009 libras
1722 2931 1859 3009 debilis
1870 2949 2039 3019 monete,

620 3058 788 3137 residuas
808 3061 855 3137 ad
877 3062 1119 3153 solvendum,
1143 3063 1191 3142 de
1218 3063 1379 3172 quadam
1405 3064 1537 3171 majori
1562 3092 1708 3141 summa
1732 3063 1875 3140 eisdem
1900 3092 1919 3139 a
1941 3062 2041 3139 dicto

621 3190 845 3279 Lauronem,
863 3208 906 3269 ut
917 3191 1122 3283 dicebatur,
1136 3194 1279 3283 debita,
1298 3222 1342 3271 er
1355 3193 1577 3271 vendicione
1593 3193 1787 3301 cujusdam
1804 3193 2039 3282 hereditatis,

621 3319 725 3399 dicto
746 3323 954 3401 Laurenoio
976 3324 1211 3413 solucionem
1234 3352 1346 3431 super
1371 3324 1444 3401 hoc
1473 3323 1673 3432 allegante,
1702 3324 1947 3402 commissum
1970 3323 2044 3403 luit

620 3454 811 3560 preposito
834 3455 1031 3533 Parisiensi
1058 3472 1118 3548 ut,
1144 3484 1225 3535 non
1252 3456 1422 3533 obstante
1447 3454 1611 3561 quadarn
1636 3454 1760 3533 littera
1787 3455 2042 3563 quittacionis,

622 3612 736 3689 quam
757 3584 846 3663 dicti
866 3586 1045 3695 conjuges
1072 3588 1247 3665 dicebant
1266 3614 1305 3663 se
1326 3584 1457 3663 fecisse
1479 3585 1551 3662 sub
1574 3614 1641 3691 spe
1662 3585 1787 3663 future
1812 3586 2048 3663 numeracio-

623 3714 696 3805 nis,
719 3716 920 3795 summarie
942 3717 989 3794 de
1011 3716 1203 3823 premissis
1225 3716 1434 3823 inquireret
1457 3716 1672 3807 veritatem,
1695 3716 1761 3822 qui
1783 3714 1939 3821 quidem
1960 3744 2045 3821 pre·

623 3844 785 3947 positus,
801 3847 981 3952 inquisite
1003 3848 1051 3925 de
1069 3848 1277 3953 premissis,
1294 3846 1454 3925 absolvit
1476 3844 1620 3923 dictum
1641 3846 1892 3923 Laurencium
1911 3845 1959 3921 ab
1976 3846 2046 3919 im-

624 3972 808 4077 peticione
830 3976 1034 4085 conjugum
1052 3978 1333 4083 predictorum,
1353 3993 1581 4082 posteaque,
1601 3991 1755 4083 propter
1777 3974 2041 4052 clamacionem

626 4105 867 4193 eorumdem,
883 4106 930 4183 de
948 4100 1068 4213 gracia
1082 4107 1232 4215 speciali
1248 4134 1289 4184 ac
1305 4106 1354 4185 de
1368 4106 1560 4184 voluntate
1578 4107 1667 4184 dicti
1687 4106 1898 4193 laurencii,
1917 4105 2004 4182 licet
2024 4136 2044 4181 a

626 4233 727 4313 dicto
748 4234 917 4342 judicato
941 4265 1018 4316 non
1041 4237 1172 4317 luisset
1195 4237 1438 4346 appellatum,
1461 4237 1540 4315 viso
1566 4238 1700 4316 iterato
1725 4238 1827 4315 dicto
1849 4264 2044 4344 processu,

625 4390 694 4469 per
714 4366 815 4443 curie
835 4383 962 4461 nostre
979 4368 1186 4475 judicium,
1209 4370 1350 4449 dictum
1376 4367 1448 4445 fuit
1467 4368 1567 4447 bene
1591 4367 1705 4445 luisse
1730 4396 1844 4472 super
1862 4368 1951 4455 hoc,
1977 4394 2046 4472 per

627 4495 770 4573 dictum
789 4476 1039 4603 prepositum,
1056 4500 1280 4608 judicatum.

680 4628 856 4706 Mercurii
874 4646 961 4736 post
978 4631 1209 4711 Nativitatem
1230 4632 1397 4710 Domini.

680 4757 787 4837 Creci
806 4762 1018 4867 reportavit.

683 5022 741 5099 Ill.
773 5024 854 5101 Lite
876 5040 981 5101 mota
1002 5026 1100 5104 inter
1119 5028 1296 5107 comitem
1317 5027 1684 5114 Claromontensem,
1711 5029 1860 5106 racione
1884 5029 1991 5105 castri
2012 5046 2050 5105 et

627 5151 839 5231 castellanie
857 5154 905 5233 de
916 5156 1046 5247 Conti,
1060 5186 1133 5265 que
1152 5159 1230 5266 ipse
1245 5159 1351 5249 dicit,
1368 5176 1524 5266 propter
1541 5158 1730 5237 desectum
1746 5160 1927 5248 hominis,
1943 5187 1983 5236 se
1995 5176 2051 5236 te·
2130 5148 2133 5153 ¹

629 5309 736 5375 nere,
758 5311 801 5361 ex
818 5313 892 5363 una
910 5306 1033 5394 parte,
1056 5307 1094 5368 et
1113 5290 1286 5369 abbatem
1307 5308 1346 5369 et
1365 5307 1593 5369 conventum
1609 5291 1658 5370 de
1672 5290 1817 5380 Gardo,
1834 5291 2050 5370 Cistercien-

629 5412 680 5499 sis
693 5414 853 5506 ordinis,
876 5446 919 5495 ea
932 5420 1064 5516 altera,
1085 5450 1262 5529 supereo
1282 5422 1387 5530 quod
1405 5421 1495 5501 dicti
1515 5420 1679 5531 religiosi
1699 5421 1875 5499 dicebant
1887 5443 2046 5496 nosesse

733 5588 786 5631 aas
805 5590 886 5639 otu.
909 5596 958 5637 ιιι.
1644 5644 1649 5652 ,
1881 5574 1922 5637 50
2030 5636 2036 5643 ,
