5817 7292
998 1049 1265 1162 avoutras
1293 1069 1354 1141 ar
1382 1050 1588 1144 enonas.
1927 1070 2001 1143 oon

586 1232 624 1295 et
636 1214 869 1293 territorium
887 1213 986 1293 dicte
1001 1212 1106 1303 ville,
1117 1210 1329 1291 accedendo
1348 1212 1504 1301 ibidem,
1523 1238 1591 1289 seu
1605 1237 1675 1317 per
1688 1226 1838 1299 terram,
1855 1238 1921 1290 seu
1936 1240 2005 1319 per
2040 1217 2172 1273 anm
2184 1217 2227 1279 lv,

584 1374 703 1436 mare,
719 1344 839 1425 libere
853 1344 995 1453 absque
1009 1343 1201 1423 solucione
1219 1358 1426 1431 constume,
1442 1339 1642 1419 exactionis
1655 1367 1724 1417 seu
1743 1338 1901 1447 alicujus
1914 1340 2006 1419 alte-

584 1476 664 1555 rius
683 1473 886 1567 servitutis,
907 1492 946 1555 et
963 1474 1068 1583 quod
1087 1472 1193 1583 gagia
1211 1502 1277 1551 sua
1295 1500 1364 1551 seu
1382 1471 1599 1579 pecunim,
1620 1485 1775 1577 propter
1793 1470 1867 1547 hoo
1882 1488 2004 1577 capta,

2103 1308 2166 1352 181⁰.

586 1621 709 1687 amota
727 1634 843 1685 manu
859 1622 1005 1699 nostra,
1024 1603 1096 1683 sibi
1112 1604 1232 1683 libere
1247 1603 1507 1693 restituentur,
1522 1619 1706 1679 reservata
1716 1617 1861 1690 umen,
1874 1600 1914 1677 in
1924 1630 2008 1708 pre-

585 1735 719 1829 missis,
732 1736 865 1845 majori
877 1752 915 1815 et
926 1734 1088 1815 scabinis
1097 1733 1183 1813 ville
1201 1735 1248 1813 de
1262 1732 1530 1843 Gravelingnes
1544 1732 1743 1838 questione
1758 1731 2015 1838 proprietatis.⁴

643 1867 806 1947 Sabbata
818 1882 905 1974 post
918 1866 1202 1945 Penthecosten.

641 1999 692 2077 M.
708 1999 754 2077 H.
769 1997 818 2075 de
833 1994 1109 2076 Sancto-Paulo
1127 1994 1340 2100 reportavit.

639 2256 764 2335 XCIX.
786 2258 888 2336 Mota
901 2256 990 2345 lite,
1002 2255 1044 2333 in
1059 2254 1161 2333 curia
1177 2270 1320 2347 nostra,
1334 2255 1434 2333 inter
1447 2254 1585 2335 ducem
1596 2256 1833 2363 Burgundio,
1850 2275 2010 2367 exparte

585 2416 676 2478 nna,
698 2405 737 2465 at
749 2402 1033 2496 procuratorem
1050 2401 1224 2464 nostrum
1243 2383 1393 2463 bullivit
1413 2385 1714 2477 Matisconensis,
1729 2415 1798 2492 pro
1819 2386 1946 2479 nobis,
1968 2416 2012 2467 ex

584 2520 711 2611 altera,
726 2546 840 2625 super
854 2514 1015 2623 eoquod
1034 2513 1111 2593 dux
1126 2516 1206 2622 ipse
1219 2542 1387 2594 asserens
1403 2542 1443 2593 se
1454 2542 1537 2593 esse
1552 2516 1687 2624 atejus
1700 2533 1856 2622 patrem,
1874 2517 2010 2596 ducem

584 2646 815 2757 Burgundio,
837 2662 1008 2752 tempore
1028 2672 1106 2751 quo
1125 2643 1287 2733 vivebat,
1307 2643 1422 2723 fuisse
1447 2645 1495 2721 in
1506 2645 1643 2723 saisina
1660 2647 1814 2724 ressorti
1832 2664 1934 2725 terre
1964 2649 2017 2725 de·

586 2775 811 2868 Charollois,
828 2775 876 2852 de
891 2772 1043 2863 Uxellis,
1059 2773 1107 2851 de
1120 2772 1306 2851 Brancion
1321 2790 1360 2851 et
1376 2790 1477 2851 terre
1498 2774 1644 2852 domini
1659 2774 1708 2853 de
1725 2776 1829 2868 Luni,
1847 2804 2013 2885 compre-

585 2908 741 2987 rebatur
753 2907 800 2984 de
820 2903 958 2983 ballivo
973 2902 1255 2995 Matisconensi,
1268 2902 1356 3010 quia
1375 2930 1532 2981 manum
1551 2921 1717 2983 nostram
1737 2926 1961 3013 apposuerat
1973 2910 2010 2984 in

586 3038 688 3119 dicto
704 3052 867 3117 ressorto
884 3033 933 3113 de
948 3060 1046 3113 novo
1066 3050 1104 3113 et
1118 3032 1269 3141 injuste,
1291 3050 1332 3113 ut
1346 3031 1507 3123 dicebat,
1522 3034 1714 3113 turbando
1734 3036 1858 3143 ipsum
1875 3038 2016 3117 ducem

584 3166 625 3248 in
642 3196 710 3249 sua
723 3166 860 3247 saisina
877 3164 1191 3273 predicta,quane
1203 3162 1356 3271 petebat
1370 3164 1509 3244 dictam
1524 3193 1682 3243 manum
1700 3183 1867 3247 noenum
1886 3186 1925 3248 et
1942 3170 2014 3247 im-

583 3300 847 3407 pedimentum
863 3294 1075 3405 predictum
1093 3294 1270 3387 amoveri,
1284 3295 1487 3403 ipsumque
1500 3296 1602 3373 tueri
1614 3296 1655 3373 in
1674 3298 1809 3375 saisina
1826 3300 2011 3406 prodictu

585 3424 686 3511 dicto
701 3444 943 3537 procuratore
957 3415 1102 3515 riostto,
1119 3422 1293 3531 pluribus
1304 3423 1535 3515 nacionibus,
1551 3426 1783 3505 contrarium
1803 3445 2011 3518 asserente,

585 3586 697 3667 suaper
708 3558 905 3666 predictis,
921 3556 1061 3637 auditis
1075 3555 1265 3665 partibus,
1279 3556 1558 3647 mandavimus,
1579 3586 1648 3664 per
1662 3574 1786 3639 certos
1797 3560 2015 3639 commim-

586 3692 678 3779 rios,
699 3689 894 3769 veritatem
914 3687 1056 3795 inquiri
1071 3717 1080 3763 ε
1100 3688 1209 3764 Facta
1224 3686 1340 3793 igitur
1357 3685 1531 3793 inquesta
1548 3714 1663 3794 super
1679 3688 1874 3795 predictis,
1894 3718 2013 3797 eaque

587 3818 787 3925 diligenter
805 3816 899 3904 visa,
930 3816 1232 3923 quia·repertum
1251 3832 1309 3895 est
1327 3844 1397 3923 per
1416 3845 1500 3895 eam
1522 3816 1647 3921 ipsum
1673 3816 1809 3893 ducem
1830 3816 2015 3897 intencio-

586 3974 675 4025 nem
694 3974 801 4025 suam
812 3942 951 4023 melius
965 3972 1081 4051 quam
1094 3944 1239 4025 dictum
1249 3962 1533 4052 procuratorem
1552 3963 1722 4026 nostrum
1741 3946 1937 4053 probasse,
1954 3977 2014 4027 su·

586 4104 656 4183 per
675 4075 808 4155 saisina
825 4074 978 4153 ressorti
991 4092 1093 4155 terre
1107 4074 1157 4153 de
1177 4074 1412 4168 Charrolais,
1428 4076 1476 4155 de
1495 4076 1678 4157 Brancion
1693 4094 1731 4154 et
1747 4095 1846 4156 terre
1867 4078 2015 4157 domini

587 4206 634 4286 de
653 4207 762 4299 Luni,
784 4202 927 4285 scilicet
939 4203 1046 4285 castri
1065 4204 1113 4285 de
1134 4203 1328 4285 Borbonio
1341 4206 1495 4285 Lanseis
1514 4222 1553 4285 et
1571 4206 1619 4285 de
1639 4206 1802 4285 Sanmur
1815 4234 1863 4285 en
1882 4209 2014 4287 Brien-

586 4338 686 4429 nois,
715 4362 785 4445 per
804 4334 903 4413 dicte
918 4334 1021 4415 curie
1042 4352 1168 4415 nosue
1179 4335 1387 4445 judicium,
1410 4337 1555 4417 dictum
1578 4336 1650 4415 tuit
1670 4337 1795 4443 ipsum
1817 4338 1955 4417 ducem
1974 4342 2014 4417 in

585 4468 720 4547 anina
736 4464 888 4546 ressorti
907 4466 1092 4547 dictarum
1112 4483 1299 4547 terrarum
1321 4495 1518 4550 remanere
1540 4468 1679 4547 debere
1698 4468 1914 4574 dictamque
1937 4500 2015 4548 ma·

585 4626 681 4679 num
699 4614 866 4677 nostram
893 4594 1034 4677 debere
1063 4596 1154 4677 inde
1174 4596 1363 4691 amoveri,
1394 4596 1559 4706 fuitque,
1584 4627 1654 4705 per
1680 4599 1784 4677 idem
1806 4598 2012 4706 judicium,

586 4745 709 4809 amota
729 4722 828 4807 dicta
849 4754 985 4807 manus
1008 4744 1134 4808 nostra
1159 4727 1207 4808 de
1229 4744 1393 4809 remorto
1416 4744 1603 4811 terrarum
1622 4729 1896 4835 predictarum,
1917 4730 2013 4809 salva

584 4860 714 4949 nobis,
732 4886 847 4965 super
865 4856 956 4950 hiis,
973 4858 1171 4965 questione
1190 4858 1445 4966 proprietatis,
1459 4888 1608 4951 verum,
1622 4860 1711 4967 quia
1725 4876 1917 4966 repertum
1938 4879 2011 4952 est,

585 5018 654 5097 per
673 4990 790 5099 ipsam
807 4988 1041 5097 inquestam,
1062 4988 1244 5071 dilectum
1263 5006 1300 5069 et
1318 4988 1473 5071 fidelem
1491 4992 1646 5069 Petrum
1665 4991 1713 5071 de
1732 4992 1927 5085 Blanasco,
1949 4993 2014 5069 nri·

586 5120 693 5201 litem
721 5136 918 5210 nostrum,
948 5148 1075 5199 coram
1103 5119 1214 5199 dictis
1234 5120 1499 5202 commissoriis
1520 5124 1790 5229 comparuisse,
1811 5125 2012 5231 ipsumque

586 5250 784 5329 rmntios
802 5268 966 5331 castrum
978 5250 1026 5331 dc
1040 5249 1180 5331 Usellis
1195 5278 1275 5331 esse
1291 5252 1344 5333 ¹de
1360 5270 1523 5333 ressorto
1538 5268 1667 5331 nostro
1690 5252 1911 5341 inmediate,
1931 5278 2013 5329 nos

586 5406 661 5486 que
677 5408 757 5459 esse
772 5380 813 5459 in
828 5380 963 5462 satim
976 5380 1065 5463 dicti
1084 5382 1247 5475 ressorti,
1265 5380 1518 5492 articulosque
1530 5412 1644 5490 super
1658 5384 1757 5462 dicta
1773 5382 1918 5473 saisina,
1933 5396 2010 5458 tant
