<?xml version="1.0" encoding="UTF-8"?>
<!DOCTYPE html PUBLIC "-//W3C//DTD XHTML 1.0 Transitional//EN"
    "http://www.w3.org/TR/xhtml1/DTD/xhtml1-transitional.dtd">
<html xmlns="http://www.w3.org/1999/xhtml" xml:lang="en" lang="en">
 <head>
  <title>
</title>
<meta http-equiv="Content-Type" content="text/html;charset=utf-8" />
  <meta name='ocr-system' content='tesseract 3.04.00' />
  <meta name='ocr-capabilities' content='ocr_page ocr_carea ocr_par ocr_line ocrx_word'/>
</head>
<body>
  <div class='ocr_page' id='page_1' title='image "./lesolimouregist00pargoog_0609.png"; bbox 0 0 5817 7292; ppageno 0'>
   <div class='ocr_carea' id='block_1_1' title="bbox 1051 1151 2058 1260">
    <p class='ocr_par' dir='ltr' id='par_1_1' title="bbox 1051 1151 2058 1260">
     <span class='ocr_line' id='line_1_1' title="bbox 1051 1151 2058 1260; baseline 0.006 -18"><span class='ocrx_word' id='word_1_1' title='bbox 1051 1151 1320 1260; x_wconf 79' lang='lat' dir='ltr'><strong>uuouarus</strong></span> <span class='ocrx_word' id='word_1_2' title='bbox 1347 1171 1410 1244; x_wconf 81' lang='lat' dir='ltr'><strong>ar</strong></span> <span class='ocrx_word' id='word_1_3' title='bbox 1437 1155 1643 1248; x_wconf 76' lang='lat' dir='ltr'><strong>procas.</strong></span> <span class='ocrx_word' id='word_1_4' title='bbox 1984 1173 2058 1249; x_wconf 83' lang='lat' dir='ltr'><strong>sos</strong></span> 
     </span>
    </p>
   </div>
   <div class='ocr_carea' id='block_1_2' title="bbox 627 1418 2061 1454">
    <p class='ocr_par' dir='ltr' id='par_1_2' title="bbox 627 1418 2061 1454">
     <span class='ocr_line' id='line_1_2' title="bbox 627 1418 2061 1454; baseline 0.007 -11"><span class='ocrx_word' id='word_1_5' title='bbox 627 1418 2061 1454; x_wconf 49' lang='lat' dir='ltr'><strong>m</strong></span> 
     </span>
    </p>
   </div>
   <div class='ocr_carea' id='block_1_3' title="bbox 986 1654 1704 1770">
    <p class='ocr_par' dir='ltr' id='par_1_3' title="bbox 986 1654 1704 1770">
     <span class='ocr_line' id='line_1_3' title="bbox 986 1654 1704 1770; baseline 0.006 -30"><span class='ocrx_word' id='word_1_6' title='bbox 986 1654 1260 1770; x_wconf 83' lang='lat' dir='ltr'><strong>ruounsrn</strong></span> <span class='ocrx_word' id='word_1_7' title='bbox 1291 1657 1362 1743; x_wconf 83' lang='lat' dir='ltr'><strong>ur</strong></span> <span class='ocrx_word' id='word_1_8' title='bbox 1392 1655 1704 1746; x_wconf 84' lang='lat' dir='ltr'><strong>rnoonssus</strong></span> 
     </span>
    </p>
   </div>
   <div class='ocr_carea' id='block_1_4' title="bbox 834 1913 1851 1977">
    <p class='ocr_par' dir='ltr' id='par_1_4' title="bbox 834 1913 1851 1977">
     <span class='ocr_line' id='line_1_4' title="bbox 834 1913 1851 1977; baseline 0.002 -15"><span class='ocrx_word' id='word_1_9' title='bbox 834 1913 908 1963; x_wconf 78' lang='lat' dir='ltr'><strong>PER</strong></span> <span class='ocrx_word' id='word_1_10' title='bbox 939 1913 1091 1966; x_wconf 75' lang='lat' dir='ltr'><strong>cuntant</strong></span> <span class='ocrx_word' id='word_1_11' title='bbox 1120 1914 1241 1966; x_wconf 75' lang='lat' dir='ltr'><strong>sacti</strong></span> <span class='ocrx_word' id='word_1_12' title='bbox 1272 1915 1310 1965; x_wconf 79' lang='grc' dir='ltr'><strong>ΙΝ</strong></span> <span class='ocrx_word' id='word_1_13' title='bbox 1340 1913 1618 1968; x_wconf 71' lang='lat' dir='ltr'><strong>Pantatfflrtto</strong></span> <span class='ocrx_word' id='word_1_14' title='bbox 1648 1913 1851 1977; x_wconf 71' lang='lat' dir='ltr'><strong>ntltttatt,</strong></span> 
     </span>
    </p>
   </div>
   <div class='ocr_carea' id='block_1_5' title="bbox 1149 2147 1541 2190">
    <p class='ocr_par' dir='ltr' id='par_1_5' title="bbox 1149 2147 1541 2190">
     <span class='ocr_line' id='line_1_5' title="bbox 1149 2147 1541 2190; baseline -0.005 -1"><span class='ocrx_word' id='word_1_15' title='bbox 1149 2147 1238 2190; x_wconf 70' lang='grc' dir='ltr'><strong>ΑΗΘ</strong></span> <span class='ocrx_word' id='word_1_16' title='bbox 1260 2148 1392 2190; x_wconf 71' lang='lat' dir='ltr'><strong>voulut</strong></span> <span class='ocrx_word' id='word_1_17' title='bbox 1416 2149 1541 2190; x_wconf 74' lang='lat' dir='ltr'><strong>ucccx.</strong></span> 
     </span>
    </p>
   </div>
   <div class='ocr_carea' id='block_1_6' title="bbox 632 2363 2065 2736">
    <p class='ocr_par' dir='ltr' id='par_1_6' title="bbox 632 2363 2065 2736">
     <span class='ocr_line' id='line_1_6' title="bbox 689 2363 2064 2473; baseline 0.004 -33"><span class='ocrx_word' id='word_1_18' title='bbox 689 2364 715 2440; x_wconf 93' lang='lat' dir='ltr'><strong>l.</strong></span> <span class='ocrx_word' id='word_1_19' title='bbox 747 2363 843 2443; x_wconf 91' lang='lat' dir='ltr'><strong>Cum</strong></span> <span class='ocrx_word' id='word_1_20' title='bbox 867 2363 1117 2473; x_wconf 85' lang='lat' dir='ltr'><strong>significatum</strong></span> <span class='ocrx_word' id='word_1_21' title='bbox 1136 2366 1267 2446; x_wconf 87' lang='lat' dir='ltr'><strong>fuisset</strong></span> <span class='ocrx_word' id='word_1_22' title='bbox 1288 2368 1494 2446; x_wconf 80' lang='lat' dir='ltr'><strong>senescallo</strong></span> <span class='ocrx_word' id='word_1_23' title='bbox 1517 2365 1818 2456; x_wconf 86' lang='lat' dir='ltr'><strong>Carcassonensi,</strong></span> <span class='ocrx_word' id='word_1_24' title='bbox 1847 2384 1976 2444; x_wconf 89' lang='lat' dir='ltr'><strong>contra</strong></span> <span class='ocrx_word' id='word_1_25' title='bbox 1997 2370 2064 2446; x_wconf 91' lang='lat' dir='ltr'><strong>Pe-</strong></span> 
     </span>
     <span class='ocr_line' id='line_1_7' title="bbox 632 2496 2061 2607; baseline 0.003 -36"><span class='ocrx_word' id='word_1_26' title='bbox 632 2512 732 2573; x_wconf 91' lang='lat' dir='ltr'><strong>trum</strong></span> <span class='ocrx_word' id='word_1_27' title='bbox 747 2496 794 2572; x_wconf 91' lang='lat' dir='ltr'><strong>de</strong></span> <span class='ocrx_word' id='word_1_28' title='bbox 806 2496 1065 2587; x_wconf 89' lang='lat' dir='ltr'><strong>Claromonte,</strong></span> <span class='ocrx_word' id='word_1_29' title='bbox 1081 2498 1258 2589; x_wconf 83' lang='lat' dir='ltr'><strong>militam,</strong></span> <span class='ocrx_word' id='word_1_30' title='bbox 1274 2499 1379 2607; x_wconf 89' lang='lat' dir='ltr'><strong>quod</strong></span> <span class='ocrx_word' id='word_1_31' title='bbox 1393 2501 1499 2578; x_wconf 90' lang='lat' dir='ltr'><strong>idem</strong></span> <span class='ocrx_word' id='word_1_32' title='bbox 1519 2498 1629 2576; x_wconf 87' lang='lat' dir='ltr'><strong>miles</strong></span> <span class='ocrx_word' id='word_1_33' title='bbox 1643 2499 1787 2588; x_wconf 83' lang='lat' dir='ltr'><strong>Fizam,</strong></span> <span class='ocrx_word' id='word_1_34' title='bbox 1804 2498 2061 2591; x_wconf 82' lang='lat' dir='ltr'>domicellam,</span> 
     </span>
     <span class='ocr_line' id='line_1_8' title="bbox 633 2626 2065 2736; baseline 0.003 -32"><span class='ocrx_word' id='word_1_35' title='bbox 633 2626 1020 2718; x_wconf 87' lang='lat' dir='ltr'><strong>dePodio·Latercio,</strong></span> <span class='ocrx_word' id='word_1_36' title='bbox 1041 2629 1276 2718; x_wconf 91' lang='lat' dir='ltr'><strong>mandatam,</strong></span> <span class='ocrx_word' id='word_1_37' title='bbox 1298 2659 1366 2736; x_wconf 90' lang='lat' dir='ltr'><strong>per</strong></span> <span class='ocrx_word' id='word_1_38' title='bbox 1385 2631 1508 2736; x_wconf 92' lang='lat' dir='ltr'><strong>ipsum</strong></span> <span class='ocrx_word' id='word_1_39' title='bbox 1529 2629 1710 2718; x_wconf 91' lang='lat' dir='ltr'><strong>militem,</strong></span> <span class='ocrx_word' id='word_1_40' title='bbox 1732 2629 1780 2706; x_wconf 93' lang='lat' dir='ltr'><strong>ad</strong></span> <span class='ocrx_word' id='word_1_41' title='bbox 1799 2629 1917 2736; x_wconf 90' lang='lat' dir='ltr'><strong>ipsius</strong></span> <span class='ocrx_word' id='word_1_42' title='bbox 1933 2630 2065 2709; x_wconf 91' lang='lat' dir='ltr'><strong>militis</strong></span> 
     </span>
    </p>
   </div>
   <div class='ocr_carea' id='block_1_7' title="bbox 634 2757 2067 2867">
    <p class='ocr_par' dir='ltr' id='par_1_7' title="bbox 634 2757 2067 2867">
     <span class='ocr_line' id='line_1_9' title="bbox 634 2757 2067 2867; baseline 0.003 -34"><span class='ocrx_word' id='word_1_43' title='bbox 634 2757 792 2834; x_wconf 90' lang='lat' dir='ltr'><strong>domum</strong></span> <span class='ocrx_word' id='word_1_44' title='bbox 807 2760 913 2834; x_wconf 79' lang='lat' dir='ltr'><strong>castri</strong></span> <span class='ocrx_word' id='word_1_45' title='bbox 930 2758 977 2835; x_wconf 88' lang='lat' dir='ltr'><strong>de</strong></span> <span class='ocrx_word' id='word_1_46' title='bbox 993 2757 1223 2866; x_wconf 81' lang='lat' dir='ltr'><strong>Relesgario,</strong></span> <span class='ocrx_word' id='word_1_47' title='bbox 1238 2759 1343 2837; x_wconf 90' lang='lat' dir='ltr'><strong>nisus</strong></span> <span class='ocrx_word' id='word_1_48' title='bbox 1360 2760 1480 2837; x_wconf 83' lang='lat' dir='ltr'><strong>fuerat</strong></span> <span class='ocrx_word' id='word_1_49' title='bbox 1493 2760 1691 2836; x_wconf 79' lang='lat' dir='ltr'>carnaliter</span> <span class='ocrx_word' id='word_1_50' title='bbox 1709 2787 1950 2867; x_wconf 82' lang='lat' dir='ltr'><strong>cognoscere,</strong></span> <span class='ocrx_word' id='word_1_51' title='bbox 1966 2789 2067 2838; x_wconf 91' lang='lat' dir='ltr'><strong>eam-</strong></span> 
     </span>
    </p>
   </div>
   <div class='ocr_carea' id='block_1_8' title="bbox 633 2888 2068 5627">
    <p class='ocr_par' dir='ltr' id='par_1_8' title="bbox 633 2888 2068 5627">
     <span class='ocr_line' id='line_1_10' title="bbox 633 2888 2066 2999; baseline 0.005 -36"><span class='ocrx_word' id='word_1_52' title='bbox 633 2915 724 2993; x_wconf 88' lang='lat' dir='ltr'><strong>que,</strong></span> <span class='ocrx_word' id='word_1_53' title='bbox 741 2888 813 2964; x_wconf 92' lang='lat' dir='ltr'><strong>boc</strong></span> <span class='ocrx_word' id='word_1_54' title='bbox 831 2889 907 2996; x_wconf 93' lang='lat' dir='ltr'><strong>pati</strong></span> <span class='ocrx_word' id='word_1_55' title='bbox 925 2889 1137 2980; x_wconf 89' lang='lat' dir='ltr'><strong>nolentem,</strong></span> <span class='ocrx_word' id='word_1_56' title='bbox 1159 2890 1310 2998; x_wconf 90' lang='lat' dir='ltr'><strong>ligatam</strong></span> <span class='ocrx_word' id='word_1_57' title='bbox 1324 2889 1427 2999; x_wconf 89' lang='lat' dir='ltr'><strong>[per]</strong></span> <span class='ocrx_word' id='word_1_58' title='bbox 1444 2918 1595 2980; x_wconf 91' lang='lat' dir='ltr'><strong>manus,</strong></span> <span class='ocrx_word' id='word_1_59' title='bbox 1619 2890 1707 2968; x_wconf 90' lang='lat' dir='ltr'><strong>duci</strong></span> <span class='ocrx_word' id='word_1_60' title='bbox 1722 2889 1862 2967; x_wconf 86' lang='lat' dir='ltr'><strong>lecerat</strong></span> <span class='ocrx_word' id='word_1_61' title='bbox 1880 2891 1929 2966; x_wconf 93' lang='lat' dir='ltr'><strong>ad</strong></span> <span class='ocrx_word' id='word_1_62' title='bbox 1947 2891 2066 2997; x_wconf 85' lang='lat' dir='ltr'><strong>ipsius</strong></span> 
     </span>
     <span class='ocr_line' id='line_1_11' title="bbox 634 3008 2066 3131; baseline 0.006 -39"><span class='ocrx_word' id='word_1_63' title='bbox 634 3017 764 3095; x_wconf 90' lang='lat' dir='ltr'><strong>militis</strong></span> <span class='ocrx_word' id='word_1_64' title='bbox 775 3035 933 3097; x_wconf 81' lang='lat' dir='ltr'><strong>castrum</strong></span> <span class='ocrx_word' id='word_1_65' title='bbox 951 3021 999 3098; x_wconf 88' lang='lat' dir='ltr'><strong>de</strong></span> <span class='ocrx_word' id='word_1_66' title='bbox 1012 3021 1239 3131; x_wconf 86' lang='lat' dir='ltr'><strong>Belesgario,</strong></span> <span class='ocrx_word' id='word_1_67' title='bbox 1258 3039 1293 3099; x_wconf 90' lang='lat' dir='ltr'><strong>et</strong></span> <span class='ocrx_word' id='word_1_68' title='bbox 1309 3023 1399 3130; x_wconf 90' lang='lat' dir='ltr'><strong>poni</strong></span> <span class='ocrx_word' id='word_1_69' title='bbox 1416 3021 1553 3099; x_wconf 88' lang='lat' dir='ltr'><strong>lecerat</strong></span> <span class='ocrx_word' id='word_1_70' title='bbox 1565 3021 1606 3099; x_wconf 88' lang='lat' dir='ltr'><strong>in</strong></span> <span class='ocrx_word' id='word_1_71' title='bbox 1620 3050 1765 3100; x_wconf 88' lang='lat' dir='ltr'><strong>carcere</strong></span> <span class='ocrx_word' id='word_1_72' title='bbox 1781 3038 1861 3099; x_wconf 89' lang='lat' dir='ltr'><strong>arto</strong></span> <span class='ocrx_word' id='word_1_73' title='bbox 1878 3038 1916 3098; x_wconf 86' lang='lat' dir='ltr'><strong>et</strong></span> <span class='ocrx_word' id='word_1_74' title='bbox 1926 3021 2005 3110; x_wconf 88' lang='lat' dir='ltr'><strong>vili,</strong></span> <span class='ocrx_word' id='word_1_75' title='bbox 2028 3008 2066 3100; x_wconf 81' lang='lat' dir='ltr'><strong>et</strong></span> 
     </span>
     <span class='ocr_line' id='line_1_12' title="bbox 633 3150 2063 3262; baseline 0.004 -37"><span class='ocrx_word' id='word_1_76' title='bbox 633 3177 702 3255; x_wconf 92' lang='lat' dir='ltr'><strong>per</strong></span> <span class='ocrx_word' id='word_1_77' title='bbox 717 3167 794 3226; x_wconf 90' lang='lat' dir='ltr'><strong>tres</strong></span> <span class='ocrx_word' id='word_1_78' title='bbox 819 3150 900 3228; x_wconf 89' lang='lat' dir='ltr'><strong>dies</strong></span> <span class='ocrx_word' id='word_1_79' title='bbox 920 3169 1094 3231; x_wconf 87' lang='lat' dir='ltr'><strong>tenuerat</strong></span> <span class='ocrx_word' id='word_1_80' title='bbox 1113 3153 1277 3243; x_wconf 87' lang='lat' dir='ltr'><strong>ibidem,</strong></span> <span class='ocrx_word' id='word_1_81' title='bbox 1294 3154 1489 3262; x_wconf 85' lang='lat' dir='ltr'><strong>ipsamque</strong></span> <span class='ocrx_word' id='word_1_82' title='bbox 1506 3155 1553 3231; x_wconf 94' lang='lat' dir='ltr'><strong>de</strong></span> <span class='ocrx_word' id='word_1_83' title='bbox 1570 3154 1672 3232; x_wconf 87' lang='lat' dir='ltr'><strong>dicto</strong></span> <span class='ocrx_word' id='word_1_84' title='bbox 1686 3181 1832 3231; x_wconf 88' lang='lat' dir='ltr'><strong>carcere</strong></span> <span class='ocrx_word' id='word_1_85' title='bbox 1846 3170 2063 3242; x_wconf 83' lang='lat' dir='ltr'><strong>extractam,</strong></span> 
     </span>
     <span class='ocr_line' id='line_1_13' title="bbox 634 3277 2064 3393; baseline 0.003 -35"><span class='ocrx_word' id='word_1_86' title='bbox 634 3277 791 3388; x_wconf 84' lang='lat' dir='ltr'><strong>expulsa</strong></span> <span class='ocrx_word' id='word_1_87' title='bbox 798 3299 875 3362; x_wconf 87' lang='lat' dir='ltr'><strong>tota</strong></span> <span class='ocrx_word' id='word_1_88' title='bbox 889 3281 1029 3361; x_wconf 83' lang='lat' dir='ltr'><strong>familia</strong></span> <span class='ocrx_word' id='word_1_89' title='bbox 1043 3284 1214 3393; x_wconf 89' lang='lat' dir='ltr'><strong>ejusdem</strong></span> <span class='ocrx_word' id='word_1_90' title='bbox 1229 3285 1375 3373; x_wconf 91' lang='lat' dir='ltr'><strong>militis,</strong></span> <span class='ocrx_word' id='word_1_91' title='bbox 1394 3304 1432 3363; x_wconf 90' lang='lat' dir='ltr'><strong>et</strong></span> <span class='ocrx_word' id='word_1_92' title='bbox 1439 3286 1556 3393; x_wconf 89' lang='lat' dir='ltr'><strong>janua</strong></span> <span class='ocrx_word' id='word_1_93' title='bbox 1568 3285 1706 3376; x_wconf 92' lang='lat' dir='ltr'><strong>clausa,</strong></span> <span class='ocrx_word' id='word_1_94' title='bbox 1719 3302 1885 3393; x_wconf 82' lang='lat' dir='ltr'><strong>rogasset</strong></span> <span class='ocrx_word' id='word_1_95' title='bbox 1904 3286 2011 3393; x_wconf 90' lang='lat' dir='ltr'><strong>quod</strong></span> <span class='ocrx_word' id='word_1_96' title='bbox 2025 3314 2064 3363; x_wconf 89' lang='lat' dir='ltr'><strong>se</strong></span> 
     </span>
     <span class='ocr_line' id='line_1_14' title="bbox 633 3412 2065 3525; baseline 0.003 -37"><span class='ocrx_word' id='word_1_97' title='bbox 633 3412 828 3492; x_wconf 83' lang='lat' dir='ltr'><strong>carnaliter</strong></span> <span class='ocrx_word' id='word_1_98' title='bbox 849 3416 1022 3524; x_wconf 83' lang='lat' dir='ltr'><strong>cognosci</strong></span> <span class='ocrx_word' id='word_1_99' title='bbox 1045 3416 1281 3522; x_wconf 88' lang='lat' dir='ltr'><strong>permitteret</strong></span> <span class='ocrx_word' id='word_1_100' title='bbox 1302 3416 1349 3494; x_wconf 92' lang='lat' dir='ltr'><strong>ab</strong></span> <span class='ocrx_word' id='word_1_101' title='bbox 1371 3417 1525 3506; x_wconf 87' lang='lat' dir='ltr'><strong>eodem,</strong></span> <span class='ocrx_word' id='word_1_102' title='bbox 1542 3418 1767 3525; x_wconf 88' lang='lat' dir='ltr'><strong>promittens</strong></span> <span class='ocrx_word' id='word_1_103' title='bbox 1791 3416 1862 3494; x_wconf 90' lang='lat' dir='ltr'><strong>sibi</strong></span> <span class='ocrx_word' id='word_1_104' title='bbox 1883 3417 1963 3493; x_wconf 90' lang='lat' dir='ltr'><strong>dari</strong></span> <span class='ocrx_word' id='word_1_105' title='bbox 1984 3417 2065 3495; x_wconf 91' lang='lat' dir='ltr'><strong>bla-</strong></span> 
     </span>
     <span class='ocr_line' id='line_1_15' title="bbox 634 3542 2066 3657; baseline 0.004 -37"><span class='ocrx_word' id='word_1_106' title='bbox 634 3542 742 3639; x_wconf 92' lang='lat' dir='ltr'><strong>dum,</strong></span> <span class='ocrx_word' id='word_1_107' title='bbox 763 3565 883 3624; x_wconf 87' lang='lat' dir='ltr'><strong>vestes</strong></span> <span class='ocrx_word' id='word_1_108' title='bbox 904 3564 941 3623; x_wconf 87' lang='lat' dir='ltr'><strong>et</strong></span> <span class='ocrx_word' id='word_1_109' title='bbox 959 3547 1152 3636; x_wconf 87' lang='lat' dir='ltr'><strong>maritum,</strong></span> <span class='ocrx_word' id='word_1_110' title='bbox 1175 3548 1386 3654; x_wconf 83' lang='lat' dir='ltr'><strong>ipsamque,</strong></span> <span class='ocrx_word' id='word_1_111' title='bbox 1407 3548 1481 3626; x_wconf 91' lang='lat' dir='ltr'><strong>boc</strong></span> <span class='ocrx_word' id='word_1_112' title='bbox 1498 3549 1573 3657; x_wconf 87' lang='lat' dir='ltr'><strong>pati</strong></span> <span class='ocrx_word' id='word_1_113' title='bbox 1593 3547 1806 3638; x_wconf 88' lang='lat' dir='ltr'><strong>nolentem,</strong></span> <span class='ocrx_word' id='word_1_114' title='bbox 1827 3547 1978 3657; x_wconf 86' lang='lat' dir='ltr'><strong>ligatam</strong></span> <span class='ocrx_word' id='word_1_115' title='bbox 1997 3575 2066 3657; x_wconf 88' lang='lat' dir='ltr'><strong>per</strong></span> 
     </span>
     <span class='ocr_line' id='line_1_16' title="bbox 634 3676 2066 3787; baseline 0.004 -35"><span class='ocrx_word' id='word_1_116' title='bbox 634 3676 804 3753; x_wconf 90' lang='lat' dir='ltr'><strong>medium</strong></span> <span class='ocrx_word' id='word_1_117' title='bbox 818 3679 996 3783; x_wconf 89' lang='lat' dir='ltr'><strong>corporis,</strong></span> <span class='ocrx_word' id='word_1_118' title='bbox 1010 3679 1057 3754; x_wconf 94' lang='lat' dir='ltr'><strong>ad</strong></span> <span class='ocrx_word' id='word_1_119' title='bbox 1069 3678 1256 3784; x_wconf 89' lang='lat' dir='ltr'><strong>quandam</strong></span> <span class='ocrx_word' id='word_1_120' title='bbox 1271 3678 1417 3755; x_wconf 87' lang='lat' dir='ltr'><strong>trabem</strong></span> <span class='ocrx_word' id='word_1_121' title='bbox 1430 3679 1615 3769; x_wconf 81' lang='lat' dir='ltr'><strong>traxisset,</strong></span> <span class='ocrx_word' id='word_1_122' title='bbox 1633 3678 1765 3787; x_wconf 90' lang='lat' dir='ltr'><strong>positis</strong></span> <span class='ocrx_word' id='word_1_123' title='bbox 1775 3679 1933 3757; x_wconf 87' lang='lat' dir='ltr'><strong>cabaciis</strong></span> <span class='ocrx_word' id='word_1_124' title='bbox 1945 3681 2066 3786; x_wconf 89' lang='lat' dir='ltr'><strong>plenis</strong></span> 
     </span>
     <span class='ocr_line' id='line_1_17' title="bbox 635 3804 2066 3914; baseline 0.007 -34"><span class='ocrx_word' id='word_1_125' title='bbox 635 3804 824 3911; x_wconf 91' lang='lat' dir='ltr'><strong>lapidibus</strong></span> <span class='ocrx_word' id='word_1_126' title='bbox 844 3807 891 3884; x_wconf 90' lang='lat' dir='ltr'><strong>ad</strong></span> <span class='ocrx_word' id='word_1_127' title='bbox 910 3809 1028 3913; x_wconf 89' lang='lat' dir='ltr'><strong>pedes</strong></span> <span class='ocrx_word' id='word_1_128' title='bbox 1045 3825 1082 3885; x_wconf 88' lang='lat' dir='ltr'><strong>et</strong></span> <span class='ocrx_word' id='word_1_129' title='bbox 1098 3837 1231 3886; x_wconf 88' lang='lat' dir='ltr'><strong>manus</strong></span> <span class='ocrx_word' id='word_1_130' title='bbox 1251 3808 1349 3885; x_wconf 88' lang='lat' dir='ltr'><strong>dicte</strong></span> <span class='ocrx_word' id='word_1_131' title='bbox 1371 3808 1588 3897; x_wconf 86' lang='lat' dir='ltr'><strong>domicelle‚</strong></span> <span class='ocrx_word' id='word_1_132' title='bbox 1606 3823 1645 3886; x_wconf 88' lang='lat' dir='ltr'><strong>et</strong></span> <span class='ocrx_word' id='word_1_133' title='bbox 1663 3837 1745 3885; x_wconf 92' lang='lat' dir='ltr'><strong>eam</strong></span> <span class='ocrx_word' id='word_1_134' title='bbox 1761 3808 1993 3914; x_wconf 88' lang='lat' dir='ltr'><strong>pendentem</strong></span> <span class='ocrx_word' id='word_1_135' title='bbox 2013 3813 2066 3890; x_wconf 92' lang='lat' dir='ltr'><strong>sic</strong></span> 
     </span>
     <span class='ocr_line' id='line_1_18' title="bbox 634 3937 2062 4046; baseline 0.005 -34"><span class='ocrx_word' id='word_1_136' title='bbox 634 3937 833 4030; x_wconf 87' lang='lat' dir='ltr'><strong>tenuisset,</strong></span> <span class='ocrx_word' id='word_1_137' title='bbox 858 3938 998 4046; x_wconf 81' lang='lat' dir='ltr'><strong>absque</strong></span> <span class='ocrx_word' id='word_1_138' title='bbox 1023 3966 1131 4016; x_wconf 90' lang='lat' dir='ltr'><strong>causa</strong></span> <span class='ocrx_word' id='word_1_139' title='bbox 1156 3938 1374 4017; x_wconf 90' lang='lat' dir='ltr'><strong>racionabili</strong></span> <span class='ocrx_word' id='word_1_140' title='bbox 1400 3955 1437 4016; x_wconf 90' lang='lat' dir='ltr'><strong>et</strong></span> <span class='ocrx_word' id='word_1_141' title='bbox 1455 3967 1613 4046; x_wconf 87' lang='lat' dir='ltr'><strong>persona</strong></span> <span class='ocrx_word' id='word_1_142' title='bbox 1639 3937 1792 4044; x_wconf 88' lang='lat' dir='ltr'><strong>publica</strong></span> <span class='ocrx_word' id='word_1_143' title='bbox 1816 3966 1895 4016; x_wconf 92' lang='lat' dir='ltr'><strong>non</strong></span> <span class='ocrx_word' id='word_1_144' title='bbox 1917 3958 2062 4032; x_wconf 84' lang='lat' dir='ltr'><strong>vocata,</strong></span> 
     </span>
     <span class='ocr_line' id='line_1_19' title="bbox 636 4067 2066 4178; baseline 0.003 -34"><span class='ocrx_word' id='word_1_145' title='bbox 636 4095 835 4176; x_wconf 90' lang='lat' dir='ltr'><strong>quousque</strong></span> <span class='ocrx_word' id='word_1_146' title='bbox 855 4071 1005 4178; x_wconf 89' lang='lat' dir='ltr'><strong>sanguis</strong></span> <span class='ocrx_word' id='word_1_147' title='bbox 1025 4070 1135 4148; x_wconf 82' lang='lat' dir='ltr'><strong>exivit</strong></span> <span class='ocrx_word' id='word_1_148' title='bbox 1161 4069 1208 4148; x_wconf 90' lang='lat' dir='ltr'><strong>de</strong></span> <span class='ocrx_word' id='word_1_149' title='bbox 1236 4098 1394 4176; x_wconf 91' lang='lat' dir='ltr'><strong>corpore</strong></span> <span class='ocrx_word' id='word_1_150' title='bbox 1414 4070 1515 4146; x_wconf 92' lang='lat' dir='ltr'><strong>dicte</strong></span> <span class='ocrx_word' id='word_1_151' title='bbox 1536 4067 1754 4159; x_wconf 90' lang='lat' dir='ltr'><strong>domicelle‚</strong></span> <span class='ocrx_word' id='word_1_152' title='bbox 1780 4097 1848 4177; x_wconf 88' lang='lat' dir='ltr'><strong>per</strong></span> <span class='ocrx_word' id='word_1_153' title='bbox 1871 4099 1929 4163; x_wconf 91' lang='lat' dir='ltr'><strong>os,</strong></span> <span class='ocrx_word' id='word_1_154' title='bbox 1956 4099 2066 4150; x_wconf 88' lang='lat' dir='ltr'><strong>nares</strong></span> 
     </span>
     <span class='ocr_line' id='line_1_20' title="bbox 637 4198 2064 4310; baseline 0.002 -33"><span class='ocrx_word' id='word_1_155' title='bbox 637 4200 759 4278; x_wconf 83' lang='lat' dir='ltr'><strong>atalia</strong></span> <span class='ocrx_word' id='word_1_156' title='bbox 780 4199 877 4290; x_wconf 90' lang='lat' dir='ltr'><strong>loca,</strong></span> <span class='ocrx_word' id='word_1_157' title='bbox 896 4229 1055 4310; x_wconf 89' lang='lat' dir='ltr'><strong>eamque</strong></span> <span class='ocrx_word' id='word_1_158' title='bbox 1075 4201 1282 4278; x_wconf 87' lang='lat' dir='ltr'><strong>induxisset</strong></span> <span class='ocrx_word' id='word_1_159' title='bbox 1296 4200 1408 4278; x_wconf 92' lang='lat' dir='ltr'><strong>minis</strong></span> <span class='ocrx_word' id='word_1_160' title='bbox 1423 4200 1471 4277; x_wconf 91' lang='lat' dir='ltr'><strong>ad</strong></span> <span class='ocrx_word' id='word_1_161' title='bbox 1483 4198 1743 4278; x_wconf 86' lang='lat' dir='ltr'><strong>confitendum</strong></span> <span class='ocrx_word' id='word_1_162' title='bbox 1760 4201 1866 4308; x_wconf 91' lang='lat' dir='ltr'><strong>quod</strong></span> <span class='ocrx_word' id='word_1_163' title='bbox 1883 4200 2064 4280; x_wconf 85' lang='lat' dir='ltr'><strong>infantem</strong></span> 
     </span>
     <span class='ocr_line' id='line_1_21' title="bbox 636 4331 2066 4444; baseline 0.004 -36"><span class='ocrx_word' id='word_1_164' title='bbox 636 4331 836 4422; x_wconf 88' lang='lat' dir='ltr'><strong>habuerat,</strong></span> <span class='ocrx_word' id='word_1_165' title='bbox 858 4333 962 4440; x_wconf 93' lang='lat' dir='ltr'><strong>quod</strong></span> <span class='ocrx_word' id='word_1_166' title='bbox 984 4351 1062 4410; x_wconf 88' lang='lat' dir='ltr'><strong>erat</strong></span> <span class='ocrx_word' id='word_1_167' title='bbox 1081 4332 1229 4412; x_wconf 83' lang='lat' dir='ltr'><strong>salsum.</strong></span> <span class='ocrx_word' id='word_1_168' title='bbox 1245 4333 1364 4411; x_wconf 85' lang='lat' dir='ltr'><strong>Factis</strong></span> <span class='ocrx_word' id='word_1_169' title='bbox 1380 4334 1496 4444; x_wconf 87' lang='lat' dir='ltr'><strong>igitur</strong></span> <span class='ocrx_word' id='word_1_170' title='bbox 1514 4334 1686 4440; x_wconf 89' lang='lat' dir='ltr'><strong>inquesta</strong></span> <span class='ocrx_word' id='word_1_171' title='bbox 1707 4349 1746 4410; x_wconf 89' lang='lat' dir='ltr'><strong>et</strong></span> <span class='ocrx_word' id='word_1_172' title='bbox 1760 4360 1937 4440; x_wconf 87' lang='lat' dir='ltr'><strong>processu</strong></span> <span class='ocrx_word' id='word_1_173' title='bbox 1952 4363 2066 4443; x_wconf 88' lang='lat' dir='ltr'><strong>super</strong></span> 
     </span>
     <span class='ocr_line' id='line_1_22' title="bbox 635 4463 2064 4570; baseline 0.004 -30"><span class='ocrx_word' id='word_1_174' title='bbox 635 4464 814 4570; x_wconf 88' lang='lat' dir='ltr'><strong>predictis</strong></span> <span class='ocrx_word' id='word_1_175' title='bbox 828 4463 1113 4544; x_wconf 89' lang='lat' dir='ltr'><strong>contradictum</strong></span> <span class='ocrx_word' id='word_1_176' title='bbox 1129 4465 1306 4555; x_wconf 87' lang='lat' dir='ltr'><strong>militem,</strong></span> <span class='ocrx_word' id='word_1_177' title='bbox 1320 4493 1390 4570; x_wconf 90' lang='lat' dir='ltr'><strong>per</strong></span> <span class='ocrx_word' id='word_1_178' title='bbox 1404 4466 1545 4542; x_wconf 89' lang='lat' dir='ltr'><strong>curiam</strong></span> <span class='ocrx_word' id='word_1_179' title='bbox 1560 4464 1649 4543; x_wconf 91' lang='lat' dir='ltr'><strong>dicti</strong></span> <span class='ocrx_word' id='word_1_180' title='bbox 1667 4464 1878 4552; x_wconf 88' lang='lat' dir='ltr'><strong>senescalli,</strong></span> <span class='ocrx_word' id='word_1_181' title='bbox 1890 4465 1992 4544; x_wconf 89' lang='lat' dir='ltr'><strong>idem</strong></span> <span class='ocrx_word' id='word_1_182' title='bbox 2009 4495 2064 4546; x_wconf 91' lang='lat' dir='ltr'><strong>se·</strong></span> 
     </span>
     <span class='ocr_line' id='line_1_23' title="bbox 636 4594 2066 4708; baseline 0.006 -38"><span class='ocrx_word' id='word_1_183' title='bbox 636 4594 822 4674; x_wconf 89' lang='lat' dir='ltr'><strong>nescallus</strong></span> <span class='ocrx_word' id='word_1_184' title='bbox 837 4595 980 4674; x_wconf 89' lang='lat' dir='ltr'><strong>dictum</strong></span> <span class='ocrx_word' id='word_1_185' title='bbox 996 4597 1155 4676; x_wconf 90' lang='lat' dir='ltr'><strong>militem</strong></span> <span class='ocrx_word' id='word_1_186' title='bbox 1172 4598 1209 4673; x_wconf 91' lang='lat' dir='ltr'><strong>in</strong></span> <span class='ocrx_word' id='word_1_187' title='bbox 1227 4597 1444 4708; x_wconf 91' lang='lat' dir='ltr'><strong>quingentis</strong></span> <span class='ocrx_word' id='word_1_188' title='bbox 1462 4597 1568 4676; x_wconf 90' lang='lat' dir='ltr'><strong>libris</strong></span> <span class='ocrx_word' id='word_1_189' title='bbox 1584 4597 1873 4676; x_wconf 88' lang='lat' dir='ltr'><strong>Turonensibus</strong></span> <span class='ocrx_word' id='word_1_190' title='bbox 1886 4598 2013 4690; x_wconf 90' lang='lat' dir='ltr'><strong>nobis,</strong></span> <span class='ocrx_word' id='word_1_191' title='bbox 2027 4619 2066 4678; x_wconf 94' lang='lat' dir='ltr'><strong>et</strong></span> 
     </span>
     <span class='ocr_line' id='line_1_24' title="bbox 637 4727 2066 4838; baseline 0.005 -35"><span class='ocrx_word' id='word_1_192' title='bbox 637 4744 788 4805; x_wconf 88' lang='lat' dir='ltr'><strong>centum</strong></span> <span class='ocrx_word' id='word_1_193' title='bbox 808 4727 916 4806; x_wconf 91' lang='lat' dir='ltr'><strong>libris</strong></span> <span class='ocrx_word' id='word_1_194' title='bbox 931 4729 1031 4807; x_wconf 87' lang='lat' dir='ltr'><strong>dicte</strong></span> <span class='ocrx_word' id='word_1_195' title='bbox 1049 4730 1135 4807; x_wconf 76' lang='lat' dir='ltr'><strong>Fine</strong></span> <span class='ocrx_word' id='word_1_196' title='bbox 1151 4729 1357 4820; x_wconf 86' lang='lat' dir='ltr'><strong>solvendis,</strong></span> <span class='ocrx_word' id='word_1_197' title='bbox 1373 4758 1442 4836; x_wconf 90' lang='lat' dir='ltr'><strong>per</strong></span> <span class='ocrx_word' id='word_1_198' title='bbox 1459 4729 1707 4824; x_wconf 90' lang='lat' dir='ltr'><strong>sentenciam,</strong></span> <span class='ocrx_word' id='word_1_199' title='bbox 1725 4730 2013 4838; x_wconf 85' lang='lat' dir='ltr'><strong>condempnavit</strong></span> <span class='ocrx_word' id='word_1_200' title='bbox 2028 4749 2066 4810; x_wconf 94' lang='lat' dir='ltr'><strong>et</strong></span> 
     </span>
     <span class='ocr_line' id='line_1_25' title="bbox 636 4859 2066 4971; baseline 0.006 -37"><span class='ocrx_word' id='word_1_201' title='bbox 636 4859 896 4966; x_wconf 89' lang='lat' dir='ltr'><strong>pronunciavit</strong></span> <span class='ocrx_word' id='word_1_202' title='bbox 906 4860 1208 4970; x_wconf 88' lang='lat' dir='ltr'><strong>jurisdictionem</strong></span> <span class='ocrx_word' id='word_1_203' title='bbox 1223 4860 1313 4939; x_wconf 91' lang='lat' dir='ltr'><strong>dicti</strong></span> <span class='ocrx_word' id='word_1_204' title='bbox 1329 4861 1438 4938; x_wconf 91' lang='lat' dir='ltr'><strong>castri</strong></span> <span class='ocrx_word' id='word_1_205' title='bbox 1452 4862 1501 4939; x_wconf 90' lang='lat' dir='ltr'><strong>de</strong></span> <span class='ocrx_word' id='word_1_206' title='bbox 1516 4860 1727 4971; x_wconf 89' lang='lat' dir='ltr'><strong>Belesgario</strong></span> <span class='ocrx_word' id='word_1_207' title='bbox 1743 4862 1791 4939; x_wconf 91' lang='lat' dir='ltr'><strong>ad</strong></span> <span class='ocrx_word' id='word_1_208' title='bbox 1806 4891 1962 4940; x_wconf 89' lang='lat' dir='ltr'><strong>manum</strong></span> <span class='ocrx_word' id='word_1_209' title='bbox 1977 4891 2066 4943; x_wconf 88' lang='lat' dir='ltr'><strong>nos-</strong></span> 
     </span>
     <span class='ocr_line' id='line_1_26' title="bbox 636 4992 2068 5103; baseline 0.005 -36"><span class='ocrx_word' id='word_1_210' title='bbox 636 5007 732 5068; x_wconf 89' lang='lat' dir='ltr'><strong>tram</strong></span> <span class='ocrx_word' id='word_1_211' title='bbox 751 4992 972 5083; x_wconf 87' lang='lat' dir='ltr'><strong>tenendam,</strong></span> <span class='ocrx_word' id='word_1_212' title='bbox 987 5021 1185 5102; x_wconf 89' lang='lat' dir='ltr'><strong>quousque</strong></span> <span class='ocrx_word' id='word_1_213' title='bbox 1204 5021 1274 5099; x_wconf 84' lang='lat' dir='ltr'><strong>por</strong></span> <span class='ocrx_word' id='word_1_214' title='bbox 1291 5021 1360 5070; x_wconf 92' lang='lat' dir='ltr'><strong>nos</strong></span> <span class='ocrx_word' id='word_1_215' title='bbox 1380 5010 1478 5069; x_wconf 89' lang='lat' dir='ltr'><strong>esset</strong></span> <span class='ocrx_word' id='word_1_216' title='bbox 1490 4992 1595 5070; x_wconf 91' lang='lat' dir='ltr'><strong>aliud</strong></span> <span class='ocrx_word' id='word_1_217' title='bbox 1610 4993 1843 5092; x_wconf 67' lang='lat' dir='ltr'><strong>ordinatum</strong></span> <span class='ocrx_word' id='word_1_218' title='bbox 1858 5024 1879 5073; x_wconf 94' lang='lat' dir='ltr'><strong>a</strong></span> <span class='ocrx_word' id='word_1_219' title='bbox 1895 5025 1968 5103; x_wconf 90' lang='lat' dir='ltr'><strong>qua</strong></span> <span class='ocrx_word' id='word_1_220' title='bbox 1982 5025 2068 5074; x_wconf 91' lang='lat' dir='ltr'><strong>sen·</strong></span> 
     </span>
     <span class='ocr_line' id='line_1_27' title="bbox 636 5123 2067 5236; baseline 0.007 -40"><span class='ocrx_word' id='word_1_221' title='bbox 636 5123 774 5211; x_wconf 85' lang='lat' dir='ltr'><strong>tancia,</strong></span> <span class='ocrx_word' id='word_1_222' title='bbox 795 5142 973 5231; x_wconf 88' lang='lat' dir='ltr'><strong>tanquam</strong></span> <span class='ocrx_word' id='word_1_223' title='bbox 1000 5125 1047 5202; x_wconf 92' lang='lat' dir='ltr'><strong>ab</strong></span> <span class='ocrx_word' id='word_1_224' title='bbox 1067 5125 1213 5232; x_wconf 92' lang='lat' dir='ltr'><strong>iniqua,</strong></span> <span class='ocrx_word' id='word_1_225' title='bbox 1235 5124 1358 5201; x_wconf 87' lang='lat' dir='ltr'><strong>dictus</strong></span> <span class='ocrx_word' id='word_1_226' title='bbox 1378 5123 1488 5200; x_wconf 92' lang='lat' dir='ltr'><strong>miles</strong></span> <span class='ocrx_word' id='word_1_227' title='bbox 1512 5124 1559 5201; x_wconf 92' lang='lat' dir='ltr'><strong>ad</strong></span> <span class='ocrx_word' id='word_1_228' title='bbox 1580 5142 1746 5203; x_wconf 89' lang='lat' dir='ltr'><strong>nostram</strong></span> <span class='ocrx_word' id='word_1_229' title='bbox 1767 5126 1910 5204; x_wconf 93' lang='lat' dir='ltr'><strong>curiam</strong></span> <span class='ocrx_word' id='word_1_230' title='bbox 1936 5128 2067 5236; x_wconf 89' lang='lat' dir='ltr'><strong>appel-</strong></span> 
     </span>
     <span class='ocr_line' id='line_1_28' title="bbox 637 5251 2064 5368; baseline 0.006 -40"><span class='ocrx_word' id='word_1_231' title='bbox 637 5251 743 5347; x_wconf 89' lang='lat' dir='ltr'><strong>lavit,</strong></span> <span class='ocrx_word' id='word_1_232' title='bbox 754 5254 946 5363; x_wconf 83' lang='lat' dir='ltr'><strong>judexque</strong></span> <span class='ocrx_word' id='word_1_233' title='bbox 966 5257 1005 5332; x_wconf 92' lang='lat' dir='ltr'><strong>in</strong></span> <span class='ocrx_word' id='word_1_234' title='bbox 1026 5255 1124 5334; x_wconf 92' lang='lat' dir='ltr'><strong>dicte</strong></span> <span class='ocrx_word' id='word_1_235' title='bbox 1139 5254 1407 5362; x_wconf 89' lang='lat' dir='ltr'><strong>appellacionis</strong></span> <span class='ocrx_word' id='word_1_236' title='bbox 1425 5283 1534 5332; x_wconf 90' lang='lat' dir='ltr'><strong>causa</strong></span> <span class='ocrx_word' id='word_1_237' title='bbox 1548 5284 1570 5332; x_wconf 91' lang='lat' dir='ltr'><strong>a</strong></span> <span class='ocrx_word' id='word_1_238' title='bbox 1584 5255 1696 5335; x_wconf 90' lang='lat' dir='ltr'><strong>nobis</strong></span> <span class='ocrx_word' id='word_1_239' title='bbox 1711 5256 1835 5347; x_wconf 89' lang='lat' dir='ltr'><strong>datus,</strong></span> <span class='ocrx_word' id='word_1_240' title='bbox 1850 5259 2001 5368; x_wconf 92' lang='lat' dir='ltr'><strong>cognito</strong></span> <span class='ocrx_word' id='word_1_241' title='bbox 2016 5258 2064 5336; x_wconf 88' lang='lat' dir='ltr'><strong>de</strong></span> 
     </span>
     <span class='ocr_line' id='line_1_29' title="bbox 638 5381 2065 5494; baseline 0.006 -35"><span class='ocrx_word' id='word_1_242' title='bbox 638 5381 736 5462; x_wconf 84' lang='lat' dir='ltr'><strong>dicta</strong></span> <span class='ocrx_word' id='word_1_243' title='bbox 763 5413 886 5477; x_wconf 88' lang='lat' dir='ltr'><strong>causa,</strong></span> <span class='ocrx_word' id='word_1_244' title='bbox 910 5387 1071 5465; x_wconf 90' lang='lat' dir='ltr'><strong>eandem</strong></span> <span class='ocrx_word' id='word_1_245' title='bbox 1094 5387 1314 5466; x_wconf 89' lang='lat' dir='ltr'><strong>instructam</strong></span> <span class='ocrx_word' id='word_1_246' title='bbox 1339 5386 1442 5464; x_wconf 89' lang='lat' dir='ltr'><strong>curie</strong></span> <span class='ocrx_word' id='word_1_247' title='bbox 1467 5404 1594 5466; x_wconf 86' lang='lat' dir='ltr'><strong>nostre</strong></span> <span class='ocrx_word' id='word_1_248' title='bbox 1614 5389 1825 5480; x_wconf 86' lang='lat' dir='ltr'><strong>remittens,</strong></span> <span class='ocrx_word' id='word_1_249' title='bbox 1848 5405 2065 5494; x_wconf 89' lang='lat' dir='ltr'><strong>attemptata</strong></span> 
     </span>
     <span class='ocr_line' id='line_1_30' title="bbox 638 5517 2065 5627; baseline 0.007 -38"><span class='ocrx_word' id='word_1_250' title='bbox 638 5541 753 5627; x_wconf 89' lang='lat' dir='ltr'><strong>super</strong></span> <span class='ocrx_word' id='word_1_251' title='bbox 768 5517 840 5596; x_wconf 88' lang='lat' dir='ltr'><strong>boc</strong></span> <span class='ocrx_word' id='word_1_252' title='bbox 853 5519 1053 5608; x_wconf 86' lang='lat' dir='ltr'><strong>revocavit,</strong></span> <span class='ocrx_word' id='word_1_253' title='bbox 1073 5519 1178 5627; x_wconf 84' lang='lat' dir='ltr'><strong>juxta</strong></span> <span class='ocrx_word' id='word_1_254' title='bbox 1199 5519 1416 5597; x_wconf 89' lang='lat' dir='ltr'><strong>mandatum</strong></span> <span class='ocrx_word' id='word_1_255' title='bbox 1437 5517 1509 5597; x_wconf 91' lang='lat' dir='ltr'><strong>sibi</strong></span> <span class='ocrx_word' id='word_1_256' title='bbox 1528 5518 1687 5609; x_wconf 86' lang='lat' dir='ltr'><strong>lactum,</strong></span> <span class='ocrx_word' id='word_1_257' title='bbox 1708 5518 1885 5598; x_wconf 85' lang='lat' dir='ltr'><strong>cassando</strong></span> <span class='ocrx_word' id='word_1_258' title='bbox 1903 5518 2065 5598; x_wconf 89' lang='lat' dir='ltr'><strong>sindica-</strong></span> 
     </span>
    </p>
   </div>
   <div class='ocr_carea' id='block_1_9' title="bbox 723 5674 1939 5744">
    <p class='ocr_par' dir='ltr' id='par_1_9' title="bbox 723 5674 1939 5744">
     <span class='ocr_line' id='line_1_31' title="bbox 723 5674 1939 5744; baseline 0.008 -10"><span class='ocrx_word' id='word_1_259' title='bbox 723 5693 777 5736; x_wconf 77' lang='lat' dir='ltr'><strong>cas</strong></span> <span class='ocrx_word' id='word_1_260' title='bbox 800 5693 882 5738; x_wconf 77' lang='lat' dir='ltr'><strong>otus¹</strong></span> <span class='ocrx_word' id='word_1_261' title='bbox 906 5700 951 5741; x_wconf 86' lang='lat' dir='ltr'><strong>ur.</strong></span> <span class='ocrx_word' id='word_1_262' title='bbox 1898 5674 1939 5744; x_wconf 67' lang='grc'><strong>64</strong></span> 
     </span>
    </p>
   </div>
   <div class='ocr_carea' id='block_1_10' title="bbox 2097 1321 2283 1456">
    <p class='ocr_par' dir='ltr' id='par_1_10' title="bbox 2097 1321 2283 1456">
     <span class='ocr_line' id='line_1_32' title="bbox 2097 1321 2283 1385; baseline 0 -9"><span class='ocrx_word' id='word_1_263' title='bbox 2097 1323 2228 1376; x_wconf 79' lang='lat' dir='ltr'><strong>Partim</strong></span> <span class='ocrx_word' id='word_1_264' title='bbox 2239 1321 2283 1385; x_wconf 67' lang='lat' dir='ltr'><strong>lv,</strong></span> 
     </span>
     <span class='ocr_line' id='line_1_33' title="bbox 2159 1413 2221 1456; baseline -0.016 0"><span class='ocrx_word' id='word_1_265' title='bbox 2159 1413 2221 1456; x_wconf 81' lang='lat'>1³1⁰.</span> 
     </span>
    </p>
   </div>
   <div class='ocr_carea' id='block_1_11' title="bbox 0 0 2921 7284">
    <p class='ocr_par' dir='ltr' id='par_1_11' title="bbox 0 0 2921 7284">
     <span class='ocr_line' id='line_1_34' title="bbox 0 0 2921 7284; baseline 0 0"><span class='ocrx_word' id='word_1_266' title='bbox 0 0 2921 7284; x_wconf 95' lang='lat' dir='ltr'><strong> </strong></span> 
     </span>
    </p>
   </div>
  </div>
 </body>
</html>
