5817 7292
889 1096 961 1171 612
1464 1094 1555 1168 Lus
1585 1092 1723 1166 OLIM.

662 1234 791 1305 theu
804 1250 847 1313 [v.
885 1238 1063 1317 territorii
1084 1237 1224 1343 absque
1246 1262 1378 1315 eorum
1398 1232 1552 1312 lic'encia
1572 1230 1741 1339 speciali,
1763 1233 1803 1308 in
1821 1258 1928 1340 grave
1950 1234 2156 1342 dampnum
2174 1258 2210 1317 et
2225 1273 2306 1350 pre

723 1340 787 1384 1³11.

881 1368 1068 1479 judicium
1092 1366 1278 1445 dictorum
1301 1364 1516 1454 hominum,
1547 1390 1694 1441 necnon
1716 1379 1842 1442 contra
1863 1364 1926 1471 jus
1950 1394 2169 1460 commune,
2199 1371 2308 1479 liber-

883 1510 999 1577 tatem
1030 1516 1068 1575 et
1091 1496 1328 1576 franchisiam
1359 1494 1700 1602 predictorum,‘ac
1719 1492 1820 1600 ipsos
1849 1494 1889 1571 in
1916 1524 1983 1573 sua
2005 1501 2241 1603 possessione
2271 1522 2310 1582 et

885 1630 1016 1707 saisina
1037 1622 1295 1734 multipliciter
1320 1644 1357 1704 et
1385 1626 1433 1703 de
1458 1653 1555 1703 novo
1575 1623 1821 1731 impediendo
1842 1641 1880 1701 et
1897 1628 2170 1731 perturbando,
2190 1660 2307 1739 quare

883 1756 1100 1869 requirebat
1117 1775 1338 1865 procurator
1363 1756 1549 1835 dictorum
1572 1756 1773 1833 hominum
1797 1756 2003 1861 predictam
2029 1756 2303 1854 defensionem,

884 1920 952 1999 per
976 1891 1095 1968 dictos
1119 1888 1314 1995 religiosos
1341 1888 1491 1977 laetam,
1512 1883 1675 1964 revocari
1697 1902 1735 1963 et
1759 1884 1934 1987 anullari,
1964 1886 2179 1997 dictamque
2203 1895 2306 1971 nori.

884 2040 999 2101 tatem
1028 2040 1064 2099 et
1082 2021 1408 2129 'impedimentum
1438 2017 1619 2106 amoveri,
1649 2017 1826 2123 ipsosque
1846 2017 1886 2094 in
1905 2047 1973 2095 sua
1992 2018 2126 2097 saisina
2149 2024 2304 2129 premis-

886 2182 1013 2231 sorum
1042 2140 1266 2242 conservari3
1297 2166 1540 2257 procuratore
1570 2148 1757 2225 dictorum
1787 2146 2050 2255 religiosorum
2079 2180 2122 2229 ex
2150 2154 2315 2234 advers'o'

883 2300 1136 2389 proponente,
1160 2298 1286 2381 contra
1305 2296 1588 2388 procuratorem
1609 2277 1799 2356 dictorum
1812 2279 2014 2357 hominum
2032 2298 2068 2357 et
2087 2310 2195 2359 suum
2213 2268 2302 2391 pro·

886 2414 1131 2504 curatorium,
1150 2412 1253 2519 quod
1272 2412 1352 2518 ejus
1368 2410 1669 2516 procuratorium
1683 2426 1762 2487 erat
1775 2408 1900 2486 minus
1914 2408 2115 2504 sufficiens,
2128 2430 2166 2490 et
2179 2414 2299 2521 quod,

884 2543 1019 2622 virtute
1036 2543 1127 2620 dicti
1144 2538 1407 2649 procuratorii,
1427 2566 1505 2620 non
1526 2557 1605 2618 erat
1621 2569 1706 2617 cum
1725 2568 1769 2619 eo
1788 2540 2086 2646 procedendum,
2107 2542 2232 2650 plures
2245 2574 2303 2622 ra-

885 2674 1009 2751 ciones
1026 2702 1139 2781 super
1158 2675 1231 2751 hoc
1249 2671 1518 2779 proponendo;
1540 2670 1691 2779 petebat
1709 2672 1861 2777 insuper
1880 2690 2104 2779 procurator
2118 2674 2304 2753 dictorum

884 2802 1144 2911 religiosorum
1167 2804 1288 2911 quod,
1309 2832 1394 2881 cum
1411 2800 1489 2879 lere
1511 2831 1643 2881 omnes
1663 2802 1872 2880 habitantes
1892 2818 1931 2879 et
1943 2803 2113 2911 hospites
2128 2805 2217 2883 dicti
2234 2805 2306 2885 loci

884 2934 975 3025 sint,
993 2932 1035 3013 ut
1058 2934 1221 3025 dicebat,
1238 2934 1486 3044 justiciahiles
1502 2933 1690 3011 dictorum
1705 2932 1982 3040 religiosorum,
2000 2963 2041 3010 ac
2058 2935 2304 3045 hereditagia,

884 3066 1032 3143 racione
1056 3094 1220 3172 quorum
1242 3066 1341 3142 dicta
1364 3064 1522 3141 vertitur
1542 3063 1792 3142 controversia
1815 3063 1915 3140 inter
1935 3064 2055 3169 ipsos,
2080 3066 2213 3144 situata
2232 3069 2306 3145 sint

884 3196 923 3274 in
940 3196 1110 3276 dominio
1123 3213 1162 3274 et
1171 3196 1321 3305 justicia
1334 3194 1522 3273 dictorum
1537 3194 1798 3302 religiosorum
1810 3210 1847 3270 et
1860 3193 1906 3271 ah
1917 3194 2007 3300 ipsis
2019 3212 2227 3288 teneantur,
2244 3228 2303 3275 cu·
2433 3197 2440 3207 '

883 3326 937 3403 ria
962 3343 999 3403 et
1020 3326 1187 3433 cognicio
1206 3324 1464 3430 predictorum
1486 3326 1595 3403 dictis
1614 3324 1799 3433 religiosis
1823 3323 2010 3415 reddatur,
2033 3343 2071 3403 et
2089 3327 2193 3433 quod
2211 3326 2299 3405 dieti

883 3455 1056 3533 homines
1068 3470 1340 3561 conquerentes
1352 3456 1400 3531 ad
1411 3483 1544 3532 eorum
1558 3484 1711 3533 eramen
1727 3483 1841 3563 super
1853 3455 1923 3533 hoc
1932 3454 2180 3548 remittantum
2193 3475 2299 3563 parte

883 3584 1034 3662 adversa
1058 3584 1287 3661 contrarium
1310 3585 1526 3691 requirente
1552 3602 1605 3676 et,
1636 3585 1733 3663 inter
1761 3604 1898 3676 cetera,
1913 3563 2071 3663 ¹dicente
2099 3587 2205 3692 quod
2228 3588 2298 3693 ipsi

884 3715 1063 3823 quasdam
1089 3715 1136 3792 de
1157 3714 1265 3792 dictis
1287 3714 1405 3793 vineis
1429 3715 1499 3793 suh
1525 3716 1680 3794 domino
1703 3719 1801 3824 Rege
1823 3735 1862 3795 et
1879 3717 1925 3793 ab
1943 3718 2023 3824 ipso
2046 3716 2224 3794 tenebant
2246 3704 2317 3795 suss

882 3875 951 3952 per
974 3844 1112 3954 quibus
1136 3863 1396 3953 procuratores
1424 3846 1608 3924 dictarum
1633 3849 1801 3953 parcium
1828 3848 2006 3955 petebant
2024 3847 2089 3954 jus
2113 3846 2182 3926 sibi
2202 3847 2302 3938 lieri3

883 3978 1021 4083 quibus
1041 3976 1093 4055 sic
1113 3976 1218 4067 actis,
1236 3978 1426 4084 predictus
1440 3978 1668 4085 prepositus,
1685 4009 1753 4085 per
1767 4008 1878 4056 suum
1888 3978 2118 4086 judicatum,
2139 4007 2304 4084 pronun·

884 4108 990 4185 ciavit
1009 4107 1114 4213 quod
1134 4106 1300 4215 cognicio
1322 4095 1419 4185 dicte
1434 4092 1541 4186 cause
1562 4138 1687 4186 coram
1703 4111 1784 4218 ipso
1798 4096 2058 4188 in⁰Castelleto
2076 4109 2301 4201 remanebit,

883 4255 921 4315 et
939 4238 1059 4345 quod,
1084 4238 1113 4325 si
1138 4237 1228 4316 dicti
1246 4238 1412 4347 religiosi
1431 4240 1547 4317 velint
1567 4239 1770 4318 defendere
1790 4269 1939 4317 causam
1958 4238 2165 4345 predictam
2186 4239 2303 4326 dicto-

882 4396 967 4446 rum
982 4368 1181 4447 hominum
1194 4364 1525 4477 conquerencium,
1544 4365 1667 4449 dictus
1680 4372 1892 4478 prepositus
1907 4400 1972 4449 eos
1984 4370 2125 4463 audiet,
2143 4386 2180 4445 et
2189 4368 2304 4475 parti·

882 4501 953 4578 bus
978 4500 1183 4591 exhibebit,
1210 4529 1323 4608 super
1347 4501 1434 4593 hoe,
1459 4501 1609 4609 justicie
1631 4502 1970 4609 complementum,
1991 4484 2157 4608 alioquin
2182 4498 2302 4576 dictus

881 4630 1092 4737 prepositus
1113 4628 1335 4708 deliberabit
1348 4647 1476 4707 utrum
1492 4649 1702 4739 requestam
1719 4631 1923 4739 predictam
1939 4630 2125 4708 dictorum
2140 4657 2301 4735 conque·

880 4760 1050 4837 rencium
1071 4760 1206 4837 debeat
1218 4759 1454 4868 ademplere;
1473 4791 1492 4838 a
1508 4792 1584 4870 quo
1592 4762 1781 4872 judicato,
1796 4767 1873 4839 tan'r
1889 4792 2001 4870 quam
2015 4757 2107 4838 salso
2122 4776 2158 4837 et
2169 4786 2295 4865 pravo,

880 4907 1101 4999 procurator
1116 4890 1303 4969 dictorum
1317 4892 1580 5003 religiosorum
1597 4894 1644 4970 ad
1659 4912 1823 4972 nostram
1839 4892 1980 4991 curiam
1993 4890 2186 4999 appellavit
2200 4918 2209 4962 ε
2225 4886 2300 4965 Au-

880 5021 968 5101 ditis
987 5022 1100 5132 igitur
1120 5052 1233 5130 super
1249 5024 1323 5101 hoc
1344 5024 1450 5103 dictis
1474 5026 1643 5131 partibus
1668 5043 1706 5103 et
1730 5026 1815 5103 visis
1834 5024 2069 5132 processibus
2088 5018 2298 5106 antedictis,

878 5181 945 5261 per
964 5154 1066 5231 curie
1088 5172 1213 5232 nostre
1227 5154 1431 5262 judicium,
1461 5156 1602 5233 dictum
1628 5156 1701 5235 luit
1715 5156 1925 5263 predictum
1949 5152 2184 5261 prepositum
2205 5151 2302 5227 bene

871 5284 1059 5393 judicasse
1075 5304 1112 5364 et
1127 5286 1409 5392 procuratorem
1433 5286 1618 5366 dictorum
1636 5283 1896 5396 religiosorum
1913 5284 2008 5363 male
2024 5282 2303 5392 appellasse,'et
2336 5323 2342 5333 ·

877 5418 982 5522 quod
1001 5418 1079 5539 ipse
1100 5416 1173 5494 hoc
1192 5414 1416 5493 emendabit.
