5817 7292
776 1230 778 1233 ,
859 1141 933 1219 326
1437 1139 1529 1212 LES
1561 1135 1699 1214 OLlM.

635 1260 766 1354 Pinum
779 1274 831 1363 tv!
858 1305 896 1364 et
907 1282 1135 1392 corrigendi,
1146 1279 1390 1389 justiciando,
1406 1309 1448 1358 ea
1463 1311 1536 1388 que
1553 1280 1771 1386 corrigenda
1786 1280 2180 1362 inveniebanturcirca
2194 1315 2274 1392 pre·

695 1391 756 1432 Μ’
859 1417 957 1494 dicta
984 1414 1043 1492 vel
1072 1411 1272 1520 quodlibet
1296 1413 1577 1517 predictorum,
1607 1410 1774 1488 dicentes
1802 1411 1919 1488 eciam
1946 1439 1985 1490 se
2017 1421 2165 1521 semp'er
2190 1444 2278 1496 usos

856 1548 970 1624 fuisse
996 1563 1034 1622 et
1059 1572 1138 1622 esse
1165 1544 1204 1618 in
1230 1543 1362 1620 saisina
1387 1540 1657 1620 manutenendi
1686 1541 1784 1618 cives
1804 1571 1892 1619 suos
1912 1571 1953 1619 ac
1975 1570 2106 1622 omues
2125 1545 2211 1624 illos
2233 1548 2279 1625 de

857 1676 1070 1756 communia
1083 1658 1264 1780 predicta,
1284 1673 1423 1778 quibus
1443 1671 1530 1776 ipsi,
1548 1671 1652 1777 juxta
1673 1698 1818 1748 morem
1836 1691 2073 1763 consuetum,
2096 1675 2280 1784 bacheyas

856 1810 1114 1914 imposuerant
1136 1831 1206 1910 pro
1227 1802 1372 1879 delictis
1398 1801 1438 1878 iu
1460 1801 1639 1907 predictis
1658 1799 1779 1891 factis,
1802 1803 1941 1910 quittos
1965 1821 2004 1881 ot
2031 1804 2207 1883 inmunes
2232 1807 2278 1886 ab

858 1939 961 2015 omni
982 1937 1052 2013 alia
1079 1934 1239 2012 emenda
1263 1961 1331 2039 per
1350 1932 1494 2009 dictum
1521 1931 1738 2038 episcopum
1772 1933 2002 2040 imponenda
2030 1963 2097 2012 seu
2122 1936 2277 2016 levanda

856 2098 924 2173 pro
950 2066 1112 2154 delictis,
1136 2093 1206 2172 pro
1225 2063 1364 2170 quibus
1391 2063 1460 2168 ipsi
1490 2062 1747 2168 imposuerant
1774 2063 1958 2172 hacheyas
1988 2066 2193 2172 predictas,
2223 2068 2279 2146 di·

729 2267 732 2270 ,
857 2216 982 2276 centes
1003 2199 1118 2276 eciam
1138 2224 1178 2275 se
1197 2223 1277 2274 esse
1297 2195 1335 2270 in
1352 2194 1485 2272 saisina
1499 2191 1669 2300 capiendi
1691 2210 1729 2270 et
1747 2192 1894 2273 levandi
1910 2197 2106 2303 pecuniam
2126 2225 2202 2304 que
2221 2199 2277 2275 le-

747 2384 750 2392 ·
857 2330 932 2406 vari
948 2328 1155 2416 consuevit,
1173 2327 1272 2434 apud
1288 2325 1502 2412 Belvacum,
1520 2351 1590 2429 pro
1606 2323 1754 2401 calceiis
1768 2325 1963 2415 faciendis,
1979 2354 2020 2403 ac
2035 2313 2274 2405 convertendi

858 2460 1032 2548 eandem,
1050 2487 1122 2566 pro
1143 2485 1210 2535 sue
1229 2457 1338 2535 libito
1354 2455 1572 2544 voluntatis,
1593 2454 1632 2531 in
1654 2454 1801 2534 calceiis
1819 2457 1917 2535 dicte
1937 2457 2022 2535 ville
2042 2457 2272 2563 reparandis,

857 2590 997 2695 absque
1008 2617 1054 2666 oo
1069 2587 1175 2694 quod
1190 2585 1380 2693 predictus
1394 2585 1590 2690 episcopus
1606 2611 1646 2662 se
1661 2583 1817 2664 deberet
1831 2587 1871 2663 in
1886 2587 2011 2694 aliquo
2026 2587 2275 2665 intromittere

858 2720 906 2794 de
925 2718 1092 2822 prodicta
1112 2717 1258 2822 calceya
1280 2715 1436 2793 levanda
1461 2743 1529 2792 seu
1549 2715 1588 2791 in
1615 2741 1706 2794 usus
1732 2717 1923 2824 quoslibet
1947 2717 2226 2803 convertendas·
2239 2735 2276 2794 et

856 2849 962 2955 quod
982 2844 1171 2954 predictus
1197 2846 1395 2955 episcopus
1421 2846 1521 2952 ipsos
1540 2847 1580 2922 in
1600 2846 1780 2952 predictis
1799 2847 2028 2925 multimode
2050 2847 2277 2953 impediebat

857 2997 895 3056 et
912 2979 1173 3086 perturbabat;
1195 2995 1366 3084 petentes
1386 3004 1454 3084 per
1473 3005 1543 3055 uos
1558 2977 1830 3084 impedimenta
1851 2979 2020 3086 predicta
2040 2979 2219 3067 amoveri,
2241 2995 2278 3055 et

858 3110 1002 3188 dictum
1028 3110 1246 3217 episcopum
1277 3111 1324 3186 ad
1351 3107 1573 3187 cessandum
1594 3109 1743 3188 adiutis
1770 3110 2052 3216 impedimentis
2076 3109 2275 3217 compelli;

856 3241 1027 3347 predicto
1042 3243 1217 3348 episcopo
1236 3241 1283 3318 de
1303 3240 1481 3347 predictis
1496 3240 1637 3318 curiam
1660 3269 1765 3318 suam
1782 3257 2072 3347 repetente,.et,
2094 3241 2142 3317 ad
2159 3239 2275 3315 finem

856 3373 998 3448 curiam
1016 3401 1128 3478 super
1143 3373 1216 3448 hoc
1236 3370 1464 3459 rehabendi,
1486 3388 1721 3476 proponente
1737 3397 1775 3447 se
1796 3397 1876 3449 esse
1893 3371 1933 3448 in
1950 3369 2084 3448 saisina
2101 3368 2275 3445 omnium

855 3500 1113 3604 predictorum
1136 3517 1174 3576 et
1191 3529 1340 3607 semper
1358 3509 1469 3578 usum
1495 3499 1610 3577 fuisse
1636 3500 1684 3578 de
1703 3500 1897 3607 predictis;
1917 3516 2068 3608 petente
2089 3498 2206 3576 eciam
2225 3496 2274 3574 de

855 3629 1033 3736 predictis
1052 3631 1228 3709 omnibus
1248 3631 1390 3709 curiam
1410 3657 1516 3709 suam
1536 3630 1608 3708 sibi
1629 3631 1813 3723 reddi·‚··et
1830 3632 2018 3738 predictos
2037 3629 2219 3736 majorem
2237 3643 2276 3704 et

854 3789 976 3868 pares,
998 3771 1299 3868 tamquam'suos
1313 3762 1574 3871 justiciabiles,
1592 3763 1631 3839 in
1650 3763 1830 3869 predictis
1848 3762 1896 3840 ad
1911 3783 2065 3840 examen
2084 3785 2275 3870 suumre-

855 3894 952 3969 mitti
961 3894 1159 4000 rprediotis
1176 3893 1316 4000 majore
1333 3911 1371 3971 et
1384 3892 1538 3998 paribus
1551 3893 1804 3972 asserentibus
1817 3892 2076 4001 cognicioncm
2088 3890 2277 3998 predicto-

854 4037 940 4100 rum
951 4025 991 4101 io
1003 4027 1105 4103 curia
1117 4042 1244 4102 nostra
1256 4052 1451 4102 remanere
1464 4024 1620 4112 debere,
1633 4023 1812 4130 predictis
1824 4024 1992 4131 partibus
2003 4023 2203 4131 diligenter
2212 4047 2276 4098 su-

853 4183 922 4260 per
934 4156 1006 4231 hiis
1024 4157 1178 4240 auditis,
1189 4155 1479 4261 pronunciatum
1495 4152 1586 4242 suit,
1604 4182 1672 4260 per
1689 4170 1871 4231 arrestum
1883 4155 1984 4231 curie
1998 4168 2141 4240 nostre,
2157 4149 2272 4257 quod,

855 4285 902 4360 ad
916 4285 1031 4362 finem
1044 4286 1141 4362 dicte
1160 4286 1280 4373 curie,
1297 4285 1553 4392 inquireretur
1568 4284 1617 4362 de
1632 4285 1766 4362 saisina
1785 4301 1823 4362 et
1836 4283 1967 4362 usibus
1981 4283 2180 4388 utriusque
2195 4308 2275 4388 par·

853 4414 1112 4521 tispropositis
1122 4415 1161 4491 in
1172 4414 1351 4522 predictis
1364 4433 1402 4492 et
1415 4414 1591 4522 quolibet
1601 4415 1881 4523 predictorum:
1898 4395 2088 4506 Tandem,
2103 4414 2275 4519 inquesta

852 4544 946 4622 sacta
963 4545 1010 4622 de
1023 4546 1200 4622 mandato
1221 4547 1322 4622 curie
1339 4563 1466 4623 nostre
1477 4573 1591 4651 super
1610 4545 1787 4622 omnibus
1804 4545 2013 4652 premissis,
2036 4544 2110 4622 visa
2129 4559 2169 4620 et
2187 4541 2274 4620 dili-

852 4693 983 4783 genter
1006 4677 1228 4766 examiuata,
1250 4676 1463 4784 auditisque
1482 4675 1697 4754 racionibus
1716 4675 1805 4754 binc
1824 4692 1862 4752 et
1884 4674 1974 4754 iude
1994 4672 2273 4781 propositis,·et

852 4808 938 4885 visis
956 4805 1160 4916 privilegiis
1180 4823 1227 4883 et·
1243 4807 1354 4884 cartis
1377 4835 1421 4884 ex
1448 4821 1555 4914 parte
1583 4807 1683 4884 dicte
1710 4805 1927 4884 communie
1957 4823 2069 4914 super
2097 4801 2169 4879 hoc
2186 4828 2274 4907 pro·

853 4939 992 5026 ductis,
1006 4937 1296 5043 pronunciatum
1305 4937 1394 5027 fuit,
1412 4965 1481 5044 per
1495 4919 1597 5015 curie
1612 4953 1740 5016 nostre
1748 4937 1955 5045 judicium,
1973 4933 2179 5014 curiam‘de
2195 4937 2276 5010 omss
2382 4994 2385 5002 .

854 5069 966 5144 nibus
986 5065 1165 5173 predictis
1181 5067 1284 5146 dicto
1306 5068 1483 5176 episeopo
1503 5095 1584 5146 esse
1603 5067 1851 5146 reddendam.

909 5198 1007 5276 Jovis
1027 5213 1113 5274 ante
1131 5197 1266 5276 Ramos
1284 5198 1510 5276 Palmamm.

909 5328 1133 5433 Pasquerius
1151 5329 1363 5434 reportavit.
