5817 7292
1035 1107 1304 1218 moudrus
1329 1128 1393 1199 m·
1421 1110 1626 1201 procus.
1970 1130 2044 1200 aoo

624 1268 672 1346 de
686 1267 799 1346 bonis
812 1267 972 1374 predicti
983 1267 1164 1348 Johannis
1177 1269 1319 1348 levasse
1329 1296 1451 1376 usquc
1462 1269 1511 1346 ad
1525 1295 1713 1346 summam
1725 1267 2045 1376 predictam,ipso
2087 1297 2214 1352 rmum
2226 1301 2270 1362 1v.

623 1399 804 1477 existente
819 1398 971 1478 indicto
984 1400 1234 1505 carcereetin
1246 1399 1506 1509 compedibus,
1520 1399 1647 1478 minus
1656 1401 1759 1507 juste
1774 1415 1811 1478 et
1825 1383 2042 1492 sinicium,
2147 1393 2210 1436 ¹³⁰⁸·

623 1558 694 1608 nec
711 1529 1052 1609 dictam-summam
1066 1530 1226 1637 pecunie
1241 1559 1458 1610 conversam
1474 1530 1589 1610 luisse
1604 1529 1644 1608 in
1659 1531 1862 1609 utilitatem
1879 1531 1969 1610 dicti
1984 1538 2046 1613 Jo-

622 1660 775 1750 bannis‚
792 1677 831 1738 et
849 1660 975 1767 ipsum
994 1662 1206 1739 lohannem
1225 1661 1387 1769 dampna
1407 1662 1541 1753 multa,
1558 1689 1679 1770 usque
1699 1663 1747 1739 ad
1767 1691 1955 1740 summam
1978 1682 2044 1742 tre

622 1807 815 1868 centarum
829 1789 1013 1869 librarum
1029 1791 1312 1883 parisiensium,
1323 1792 1425 1872 bone
1440 1809 1610 1886 monete,
1623 1821 1691 1900 per
1707 1792 1841 1872 dolum
1859 1810 1898 1872 et
1915 1796 2048 1902 nequi-

591 1954 598 1968 ’
622 1922 718 2002 ciam
731 1921 821 1998 dicti
833 1922 1012 2029 prepositi
1026 1939 1182 2028 propter
1191 1922 1264 2002 hoc
1273 1924 1493 2016 incurrisse,
1508 1952 1576 2032 per
1590 1923 1693 2003 curie
1704 1943 1831 2002 nostre
1837 1924 2044 2031 judicium,

622 2050 747 2129 dictus
764 2052 942 2141 lacobus,
964 2053 1196 2159 prepositus,
1213 2054 1340 2166 eidem
1359 2054 1519 2133 iohanni
1541 2057 1581 2132 in
1602 2055 1706 2132 mille
1724 2055 1831 2134 libris
1846 2057 2046 2162 Turonen-

619 2180 739 2270 sibus,
755 2181 859 2260 bone
870 2199 1042 2292 monete,
1057 2211 1126 2289 pro
1136 2183 1315 2289 predictis
1327 2186 1483 2278 catallis,
1497 2185 1670 2292 dampnis
1681 2203 1721 2266 et
1730 2187 1934 2293 deperditis
1945 2191 2040 2282 suis,

620 2327 658 2388 et
672 2310 832 2389 domino
847 2312 939 2422 Regi
959 2313 998 2388 in
1017 2312 1124 2390 mille
1145 2312 1251 2394 libris
1265 2316 1570 2408 Turonensibus,
1590 2345 1660 2423 pro
1676 2320 1851 2410 emenda,
1872 2319 1945 2399 fuit
1962 2351 2046 2400 sen-

618 2440 827 2520 tencialiter
845 2442 1156 2550 condempnatus.

676 2573 834 2652 Veneris
851 2574 1221 2680 post-Reminiscere.

673 2701 850 2780 Bocellus
868 2704 1082 2810 reportavit.

674 2964 733 3040 Ll.
764 2965 939 3071 lnquesta
954 2962 1048 3044 facta
1060 2964 1160 3044 inter
1171 2967 1496 3074 archiepiscopum
1509 2969 1752 3060 Remensom,
1770 2999 1814 3051 ex
1832 2999 1906 3051 una
1922 2991 2040 3080 parte,

611 3112 657 3185 et
675 3094 852 3175 abbatem
870 3096 1064 3203 quondam
1086 3097 1303 3176 monasterii
1325 3099 1605 3178 Sancti-Nicasii
1626 3103 1837 3192 llemeusis,
1854 3121 1893 3181 et
1913 3133 2043 3183 mona·

618 3225 778 3302 chorum
792 3225 865 3302 sibi
880 3226 1168 3317 adherencium,
1181 3227 1370 3318 exaltem,
1384 3257 1497 3334 super
1510 3231 1839 3310 administracione
1852 3233 2044 3312 bonorum

616 3356 885 3462 temporalium
906 3356 996 3433 dicti
1016 3357 1252 3446 monasterii,
1273 3358 1464 3465 pendente
1482 3360 1740 3468 appellacione
1761 3363 1980 3469 interposita
1997 3367 2045 3441 ad

616 3486 759 3564 curiam
779 3488 1004 3574 Romanam,
1020 3515 1065 3564 ex
1086 3503 1192 3593 parte
1212 3488 1305 3566 dicti
1325 3488 1470 3568 abbatis
1490 3490 1777 3568 contradictum
1797 3487 2045 3600 archiepisco-

616 3645 724 3722 pum,
737 3616 881 3697 nullius
895 3634 954 3694 est
967 3616 1113 3707 valoris,
1129 3647 1218 3695 cum
1233 3619 1282 3696 sit
1295 3618 1440 3700 ibidem
1455 3619 1553 3699 alius
1568 3619 1683 3700 abbas
1698 3622 1867 3729 pacifice,
1883 3625 2041 3702 maxime

617 3775 704 3824 cum
718 3745 818 3824 illud
834 3747 1060 3835 triennium,
1078 3775 1199 3854 usque
1215 3748 1264 3825 ad
1281 3749 1387 3855 quod
1403 3750 1526 3859 dictus
1540 3749 1840 3858 archiepiscopus
1855 3753 2043 3830 asserebat

617 3903 675 3960 se,
685 3875 733 3958 de
744 3903 929 3954 consensu
940 3876 1030 3953 dicti
1040 3876 1200 3966 abbatis,
1210 3877 1500 3992 deberebabere
1511 3878 2038 3970 dictamadministracionem,

575 4047 578 4051 ·
618 4004 666 4082 sit
679 4004 866 4110 elapsum,
883 4007 1076 4085 etidcirco
1091 4008 1259 4115 predicta
1274 4009 1447 4114 inquesta
1459 4038 1537 4088 non
1547 4010 1618 4088 luit
1628 4037 1696 4116 per
1709 4010 1851 4088 curiam
1861 4011 2038 4119 judicata.

673 4136 830 4216 Veneris
848 4136 1027 4244 predicta.
1193 4243 1197 4257 Ι

674 4264 848 4344 Bocellus
867 4269 1080 4373 reportavit.

675 4529 749 4606 LII.
781 4529 880 4606 Cum
900 4547 1003 4608 mota
1018 4549 1116 4609 esset
1135 4531 1182 4610 lis
1202 4534 1365 4612 incuria
1384 4550 1511 4612 nostra
1531 4533 1631 4612 inter
1648 4534 1884 4640 Stephanum
1904 4534 1953 4612 de
1972 4536 2043 4614 Ca-

617 4675 744 4752 turco,
766 4658 887 4736 civem
905 4661 1173 4753 Parisiensem,
1191 4692 1235 4740 ex
1251 4692 1327 4742 una
1345 4681 1471 4772 parte,
1492 4681 1530 4742 et
1549 4663 1728 4742 ballivum
1747 4665 2041 4776 Ambianonsem

617 4807 657 4866 et
675 4790 868 4869 dominam
888 4791 936 4868 de
957 4792 1180 4901 Creseques,
1203 4822 1247 4872 ex
1266 4794 1401 4884 altera,
1428 4823 1543 4902 super
1563 4795 1730 4902 eoquod
1750 4795 1900 4874 dicebat
1919 4795 2041 4876 dictus

618 4919 830 5028 Stephanus
848 4922 970 5028 quod,
993 4952 1080 5000 cum
1098 4923 1178 5030 ipse
1192 4926 1325 5005 luisset
1344 4928 1383 5004 in
1402 4928 1637 5033 possessione
1653 4927 1885 5035 septuaginta
1902 4944 1941 5004 et
1954 4943 2040 5004 octo

617 5079 880 5131 mensurarum
898 5070 1000 5132 terre
1019 5053 1171 5134 arabilis
1191 5070 1230 5134 et
1249 5057 1380 5166 viginti
1399 5074 1439 5136 et
1457 5058 1619 5135 duarum
1641 5085 1904 5136 mensurarum
1923 5059 2038 5164 prati,

618 5198 656 5259 et
669 5183 922 5289 quorumdam
941 5184 1058 5272 eciam
1079 5168 1268 5266 bonorum
1284 5187 1487 5268 mobilium
1503 5189 1541 5264 in
1558 5187 1723 5266 articulis
1741 5189 1820 5266 suis
1836 5186 2041 5264 declarato-

617 5340 721 5401 rum,
741 5312 862 5391 dictus
874 5315 1050 5408 ballivus,
1067 5317 1115 5393 ad
1131 5318 1349 5396 instanciam
1364 5319 1464 5396 di'cte
1482 5319 1653 5410 domine,
1669 5319 1944 5426 possessionem
1962 5317 2040 5428 dic-

616 5455 743 5566 torum
752 5441 960 5534 bonorum,
976 5475 1063 5523 eum
1077 5474 1152 5525 non
1163 5466 1351 5540 vocatum,
1365 5467 1408 5528 ut
1419 5448 1584 5539 dicebat,
1598 5448 1821 5556 spoliaverat
1831 5447 1984 5553 injuste,
1998 5459 2036 5519 et
