5817 7292
1019 1052 1284 1159 snout‘rss
1310 1070 1373 1141 er
1401 1048 1607 1141 proces.
1953 1065 2028 1141 teo

601 1217 832 1297 sentenciam
844 1214 990 1297 dicturo
1002 1229 1282 1323 procuratorem
1299 1226 1473 1293 nostrum
1488 1212 1536 1293 ab
1549 1212 1794 1321 impetieione
1806 1212 2029 1317 predicta3a
2065 1218 2197 1335 ¹²⁸¹t¹;,’,⁸
2208 1218 2251 1276 ¹V·

602 1378 673 1456 que
698 1348 907 1440 sentencia,
926 1363 1105 1453 tanquam
1119 1346 1169 1425 ab
1187 1336 1335 1453 iniqua,
1356 1359 1576 1450 procurater
1595 1342 1685 1424 dicti
1703 1342 1855 1449 capituli
1873 1342 1923 1422 ad
1941 1372 2028 1425 nos
2184 1319 2192 1335 ⁹

601 1498 698 1563 trem
717 1480 858 1565 curiam
877 1478 1096 1587 appellavit:
1113 1476 1261 1557 Auditis
1281 1476 1394 1585 igitur
1414 1475 1524 1556 dictis
1540 1474 1712 1583 partibus
1728 1473 1769 1555 iu
1789 1474 1888 1553 dieta
1901 1474 2029 1580 appel-

601 1610 754 1697 lacieuis
776 1640 902 1703 causa,
924 1610 1086 1717 visisque
1105 1605 1342 1716 processibus
1361 1605 1600 1713 supradictis,
1620 1633 1688 1712 per
1706 1604 1811 1685 curie
1831 1620 1958 1683 nostre
1971 1602 2030 1710 ju·

602 1741 744 1823 dicium
772 1738 916 1825 dictum
942 1738 1014 1821 luit
1044 1740 1259 1847 predictum
1283 1738 1457 1845 judicem.
1477 1736 1576 1817 bene
1592 1737 1797 1843 judicasse,
1819 1751 1859 1814 et
1885 1734 2030 1814 dictum

601 1872 805 1980 capitulum
827 1871 925 1953 mele
944 1869 1158 1977 appellesso.

657 2004 785 2083 Martis
802 2020 887 2110 post
906 2002 1171 2079 Reminiscere.

656 2262 796 2341 XLVII.
827 2263 1001 2368 lnquesta
1027 2260 1190 2367 quadam
1217 2260 1309 2337 sacta
1338 2289 1407 2368 per
1430 2262 1708 2341 commissarios
1726 2260 1945 2342 senescallie
1963 2262 2029 2337 Pe-

599 2391 872 2502 tragoricensis,
902 2390 950 2467 ed
980 2391 1199 2469 instanciam
1233 2393 1488 2497 procuratoris
1516 2392 1632 2468 nostri
1666 2390 1765 2468 dicte
1792 2390 2028 2479 senescallie,

600 2542 728 2605 eontra
739 2524 950 2607 Iohannem
966 2520 1160 2628 Porquerii
1183 2540 1221 2599 et
1241 2520 1492 2602 Guittetmum
1510 2521 1559 2599 de
1574 2522 1731 2628 Urseya,
1746 2550 1862 2628 super
1874 2521 2032 2628 quibus-
2146 2595 2151 2604 .

601 2656 686 2733 dam
705 2651 916 2732 excessibus
935 2652 981 2729 ab
1000 2652 1160 2742 eisdem,
1182 2669 1225 2730 ut
1240 2651 1447 2740 dicebatur,
1471 2652 1708 2757 perpetratis,
1728 2650 1902 2728 videlicet
1917 2680 2032 2758 super

601 2782 796 2864 delacione
815 2810 1008 2864 armorum
1025 2800 1064 2859 et
1078 2780 1272 2865 violenciis
1286 2782 1419 2873 illatis,
1437 2801 1481 2861 ut
1500 2784 1707 2874 dicebatur,
1727 2781 1827 2864 dicte
1845 2784 1881 2863 la
1899 2787 2031 2863 Bonne

598 2894 640 2991 'et
664 2914 745 3021 ejus
763 2912 845 2991 filio
866 2931 904 2991 et
922 2912 1112 2993 Ademarc
1130 2914 1179 2990 de
1199 2916 1341 3005 Fumo,
1363 2914 1439 2993 visa
1459 2932 1499 2995 et
1518 2915 1726 3025 diligenter
1741 2915 1924 3021 inspecte,
1950 2944 2033 3022 ppe-

601 3044 690 3135 dicti
701 3044 891 3125 lohannes
906 3061 944 3121 et
964 3042 1194 3127 Guillelmus
1207 3074 1226 3123 a
1241 3046 1421 3151 predictis
1434 3046 1663 3136 excessibus,
1683 3064 1814 3127 contra
1828 3047 1930 3152 ipsos
1945 3074 2032 3153 pro-

599 3175 748 3283 positis,
770 3202 840 3282 per
854 3180 955 3255 curie
977 3172 1103 3258 nostre
1119 3176 1328 3283 judicium,
1345 3176 1507 3259 absoluti
1527 3177 1693 3255 luerunt.

657 3306 786 3395 Mutis
806 3324 891 3412 post
910 3307 1175 3395 Reminiseere.

655 3436 832 3515 Daunus.
847 3436 1090 3525 Caeselleusia
1109 3440 1324 3544 reportarit.

656 3702 813 3793 XLVlll'.
844 3699 961 3790 Cum,
987 3702 1026 3777 in
1046 3728 1153 3779 causa
1172 3699 1449 3805 appellaciouis,
1467 3699 1514 3778 ad
1532 3702 1674 3778 curia·
1689 3718 1855 3780 nostram
1872 3706 2033 3781 Nemau-

601 3857 748 3911 sousem
775 3830 995 3936 interposite
1023 3858 1089 3937 per
1117 3829 1368 3910 bertrandum
1392 3829 1577 3920 Gauterii,
1600 3829 1850 3911 Bertraudum
1867 3834 2031 3919 -Baeoni,

602 3961 800 4065 Hugonem
814 3962 969 4049 Bacuni,
990 3961 1254 4068 Rayurundum
1272 3961 1430 4048 Buconi,
1447 3960 1714 4067 Raymondtuu
1730 3961 1899 4040 Geuterii
1913 3981 1951 4041 et
1962 3962 2034 4041 An·-

602 4091 732 4175 dream
744 4089 930 4178 amancii,
946 4091 1176 4179 deBesocia,
1194 4092 1240 4170 ab
1258 4090 1454 4173 audiencia
1470 4090 1596 4168 vicarii
1612 4091 1802 4198 etjudicis
1820 4110 1920 4171 terre
1937 4112 2033 4173 tem

601 4213 740 4329 petalis
750 4220 915 4327 episcopi
926 4220 1207 4311 Nemausensis,
1220 4248 1335 4328 super
1347 4220 1459 4299 certis
1469 4221 1747 4327 gravaminibus
1758 4221 1903 4301 eisdem
1913 4224 2033 4305 homi·

602 4352 714 4432 nibus
730 4374 799 4459 per
811 4350 933 4433 dirtos
943 4351 1124 4434 vicarium
1142 4369 1181 4431 et
1193 4352 1364 4459 judicem
1379 4350 1510 4440 illatis,
1523 4368 1568 4433 ut
1583 4351 1772 4443 dicebant,
1792 4356 2029 4462 exceptione,

602 4512 670 4589 per
692 4482 845 4563 eosdem
866 4483 1043 4565 vicariurn
1063 4500 1102 4559 et
1120 4482 1309 4590 judicem,
1336 4482 1546 4591 predictam
1569 4483 1865 4591 appellacionem
1888 4516 1956 4595 per
1969 4520 2033 4596 pur

603 4613 727 4710 dicem
757 4630 929 4699 nostrum
961 4616 1252 4697 Nemausensem
1285 4643 1362 4696 non
1398 4643 1479 4695 esse
1512 4615 1788 4722 recipiendam,
1820 4620 2033 4726 proposita,

602 4743 839 4851 idemjudet
858 4761 987 4825 noster
1008 4746 1309 4851 pronunciasset,
1336 4746 1376 4824 in
1397 4746 1497 4825 dicte
1519 4744 1787 4853 appellaciouis
1810 4775 1935 4840 muna,
1955 4778 2033 4829 neo

603 4874 855 4966 obstantibus,
877 4903 950 4983 pro
970 4893 1074 4982 parte
1096 4878 1256 4985 predicti
1284 4878 1447 4987 episcopi
1471 4877 1689 4985 propositis,
1715 4905 1842 4957 eoram
1865 4880 1948 4987 ipso
1969 4882 2033 4987 ju-

603 4990 687 5088 dice
699 5026 829 5087 nosue
846 5036 926 5091 esse
942 5008 1245 5115 procedendum,
1265 5026 1303 5087 et
1318 5009 1458 5091 debere
1473 5010 1650 5116 procedi;
1666 5040 1687 5087 a
1700 5010 1797 5089 dicte
1810 5014 2032 5119 pronuncia

602 5136 811 5229 cieneluit,
829 5140 1308 5247 per.procuratorem1dicti
1329 5140 1495 5249 episcopi
1515 5159 1554 5219 et
1572 5141 1690 5249 ipsius
1704 5141 1892 5250 judicem,
1906 5144 1954 5222 ad
1974 5173 2031 5223 se-

603 5268 815 5353 neseallurn
828 5286 1000 5353 nostrum
1022 5270 1247 5357 Belli-cadri
1269 5271 1516 5379 appellatum
1536 5273 1601 5381 qui
1620 5274 1862 5366 senescallus,
1880 5276 2028 5382 cognito

605 5397 651 5477 de
673 5398 768 5479 dicta
789 5429 912 5492 causa,
938 5404 1173 5485 sentenciam,
1193 5404 1282 5483 dicti
1302 5403 1443 5509 judicie
1464 5406 1582 5483 nostri
1611 5404 1863 5518 confirmarit,
1886 5404 2028 5481 dictum
