5817 7292
1061 1099 1322 1206 saoneres
1349 1111 1412 1188 nr
1438 1091 1642 1188 esoces.
2012 1113 2060 1184 rs

642 1262 743 1342 etde
763 1257 966 1350 Louvilier,
987 1257 1027 1336 in
1046 1258 1124 1338 suis
1143 1256 1307 1337 hostisiis
1326 1273 1364 1334 et
1383 1256 1422 1333 in
1442 1251 1629 1332 trefundis
1643 1280 1718 1358 que
1733 1267 1911 1330 tenentur
1928 1249 1977 1330 ab
1991 1253 2063 1332 eis-
2094 1259 2224 1314 ennea
2242 1257 2287 1320 tv,

642 1397 746 1486 dem,
770 1412 866 1473 etse
886 1419 977 1471 usos
994 1391 1108 1470 fuisse
1128 1386 1262 1468 saisina
1281 1389 1380 1466 dicte
1395 1386 1546 1496 justicie
1563 1384 1703 1493 longua
1721 1399 1891 1489 tempore
1911 1384 1951 1460 in
1968 1383 2062 1463 locis
2163 1351 2226 1394 m

642 1526 837 1633 predictis,
859 1553 928 1632 per
947 1552 986 1602 se
1001 1523 1060 1602 vel
1074 1551 1142 1630 per
1160 1535 1289 1630 gentes
1309 1549 1410 1610 suast
1431 1518 1645 1597 asserebant
1661 1515 1777 1604 eciam
1798 1512 1944 1592 dietum
1962 1515 2063 1592 mili-

641 1674 718 1734 tem
745 1685 823 1746 eos,
847 1673 886 1732 et
904 1655 985 1732 siue
1008 1681 1134 1741 cauea,
1156 1651 1293 1760 injuste
1318 1650 1503 1758 impedire
1523 1651 1563 1730 in
1591 1647 1689 1726 dicta
1712 1645 1864 1734 saisina,
1891 1643 2066 1725 videlicet

642 1784 761 1863 scindi
781 1785 951 1862 faciende
972 1785 1084 1892 hayus
1101 1813 1169 1862 seu
1184 1781 1337 1876 dumus,
1356 1797 1395 1860 et
1409 1783 1527 1860 eciam
1543 1778 1726 1861 errrertdas¹
1738 1793 1776 1854 et
1790 1805 1939 1882 aspavas
1951 1774 2065 1855 letati

642 1914 832 2006 faciendo,
856 1934 894 1994 et
913 1913 1069 1992 nitendo
1090 1914 1211 1992 faeere
1225 1943 1428 2023 garennam
1445 1930 1547 1990 extra
1561 1939 1717 1991 nemora
1736 1937 1802 1986 sua
1816 1907 1856 1984 in
1876 1906 1968 1983 locis
1982 1936 2068 2012 pre⁴

643 2049 768 2141 dictis,
797 2048 835 2124 in
862 2047 1113 2154 prejudicium
1139 2047 1329 2124 dictorum
1354 2045 1486 2124 decani
1514 2063 1553 2122 et
1576 2042 1744 2150 capituli,
1771 2040 1947 2121 saisinam
1969 2039 2067 2118 dicte

637 2178 789 2286 justicie
813 2177 1003 2254 dictorum
1025 2176 1156 2255 decani
1182 2193 1219 2254 et
1243 2176 1396 2283 capituli
1422 2175 1667 2282 impediendo
1692 2201 1760 2252 seu
1782 2173 1900 2252 eciam
1918 2186 2066 2277 pertur-

641 2309 786 2402 band03
813 2337 927 2416 quare
951 2305 1132 2416 petebant
1148 2337 1217 2416 per
1242 2335 1311 2387 nes
1335 2307 1515 2386 declarari
1540 2306 1720 2394 saisinam,
1734 2305 1834 2382 dicte
1851 2301 2002 2412 justicie
2020 2303 2070 2380 ad

643 2465 708 2518 ees
726 2437 916 2546 pertinere
932 2457 971 2518 et
987 2437 1157 2548 predicta
1173 2439 1446 2546 impedimenta
1460 2437 1760 2536 macterisdicto
1780 2435 1901 2514 milite
1921 2433 1960 2512 in
1979 2459 2069 2512 cen·

642 2569 798 2648 trarium
818 2589 1005 2650 asserente
1025 2601 1066 2650 se
1079 2574 1181 2681 juste
1196 2599 1308 2678 pesse
1325 2571 1494 2678 predicta
1511 2569 1633 2648 fecere
1654 2587 1750 2647 etse
1771 2595 1851 2646 esse
1872 2564 1913 2643 in
1933 2565 2068 2644 saisina

642 2699 801 2778 faciendi
816 2702 1005 2808 predictas
1023 2700 1210 2790 Tandem,
1228 2700 1321 2778 facta
1334 2729 1448 2808 super
1467 2703 1556 2790 hoc,
1578 2701 1627 2776 de
1645 2699 1823 2775 mandate
1840 2713 1987 2784 nostro,
2009 2696 2068 2771 in-

643 2847 790 2935 questa,
812 2857 856 2906 ea
874 2829 951 2906 visa
970 2847 1009 2906 et
1026 2829 1227 2936 diligenter
1254 2831 1480 2918 examinata,
1500 2857 1570 2935 per
1594 2829 1697 2906 curie
1718 2843 1844 2905 nostre
1858 2824 2066 2934 judicium,

643 2959 935 3066 pronunciatum
959 2958 1033 3035 fuit
1056 2957 1231 3036 saisinam
1252 2959 1351 3036 dicte
1366 2959 1518 3068 justicie
1537 2959 1586 3036 ad
1607 2959 1725 3036 dictos
1743 2959 1930 3036 decanum
1952 2974 1990 3034 et
2009 2985 2069 3038 ca·

641 3090 808 3196 pitulnm
827 3091 1017 3196 pertinere
1041 3090 1081 3167 in
1105 3087 1273 3166 bostisiis
1297 3090 1375 3168 suis
1399 3107 1436 3166 et
1461 3089 1502 3166 in
1523 3089 1717 3176 trefundis·
1731 3089 1800 3196 qui
1822 3105 2002 3169 tenentur
2020 3089 2068 3166 ab

643 3221 785 3298 eisdem
810 3237 850 3296 et
871 3217 1038 3326 predicta
1064 3219 1334 3324 impedimenta
1361 3220 1502 3296 debere
1527 3221 1707 3305 amoveri,
1734 3247 1777 3294 ac
1796 3219 1939 3294 dictum
1958 3219 2067 3326 Regi·

642 3349 798 3428 naldum
818 3373 1020 3458 garennam
1038 3350 1161 3426 facere
1180 3376 1256 3425 non
1270 3377 1394 3454 posse,
1418 3367 1520 3425 extra
1537 3377 1693 3426 nemora
1712 3377 1791 3439 sua,
1812 3349 1851 3426 in
1871 3348 1964 3427 locis
1981 3377 2069 3454 pre·

642 3479 769 3570 dictis,
796 3479 835 3555 in
860 3496 1044 3587 quantum
1063 3479 1180 3586 tangit
1200 3477 1385 3554 decanum
1408 3495 1444 3554 ct
1464 3477 1671 3584 capitulum
1690 3477 1935 3584 supradictos.
1956 3479 2066 3569 Item,

642 3639 729 3688 cum
750 3610 840 3689 dicti
861 3609 1024 3688 decanus
1044 3625 1083 3688 et
1100 3605 1305 3716 capitulum
1326 3626 1537 3688 assererent
1556 3639 1596 3687 se
1614 3609 1755 3687 habere
1773 3609 1813 3686 in
1832 3609 1931 3688 vittis
1946 3627 1985 3686 et
1998 3627 2069 3688 ter

642 3742 781 3819 ritoriis
796 3742 973 3848 predictis
992 3741 1074 3818 loca
1093 3740 1309 3818 communia
1328 3770 1417 3820 cum
1432 3740 1532 3820 dicto
1546 3739 1684 3829 milite,
1701 3758 1738 3818 et
1751 3740 1867 3818 eciam
1877 3740 2068 3848 justiciam

644 3899 886 3950 communem
913 3871 952 3950 in
981 3871 1159 3980 predictis
1185 3871 1295 3962 locis,
1326 3888 1363 3951 et
1391 3899 1431 3950 se
1459 3900 1540 3950 esse
1568 3872 1609 3948 in
1635 3871 1769 3951 saisina
1796 3872 1894 3951 dicte
1917 3872 2068 3980 justicie

644 4001 871 4096 communis,
894 4019 932 4082 et
950 4001 1114 4082 utendi
1131 4031 1198 4082 seu
1218 4003 1364 4082 levandi
1379 4019 1418 4081 et
1434 4003 1683 4112 percipiendi,
1703 4031 1772 4108 per
1790 4030 1877 4081 suos
1894 4006 2068 4111 proprios

644 4131 861 4222 servientes,
877 4131 1117 4211 medietatem
1134 4135 1382 4212 emendarum
1399 4151 1438 4211 et
1456 4133 1619 4212 alierum
1633 4132 1802 4210 exituum
1822 4159 1890 4208 seu
1907 4160 2068 4238 proven·

643 4278 754 4338 tuum
775 4291 819 4339 ex
839 4263 938 4340 dicta
951 4263 1102 4369 justicia
1121 4266 1316 4344 communi
1336 4264 1661 4371 proveniencium3
1687 4277 1970 4369 assererentque
1990 4263 2094 4341 die.

643 4409 727 4469 tum
750 4393 912 4472 militem
938 4421 1003 4472 eos
1021 4395 1161 4503 injuste
1181 4413 1220 4472 et
1237 4395 1317 4472 sine
1338 4421 1447 4474 causa
1470 4394 1658 4503 impedire
1683 4395 1722 4472 in
1747 4393 1943 4500 predictis,
1963 4395 2069 4473 vide·

644 4522 732 4602 iicet
757 4525 1010 4632 apropriandc
1034 4526 1202 4632 predicta
1228 4527 1309 4604 loca
1336 4527 1570 4617 communie,
1603 4545 1642 4604 et
1666 4526 1820 4606 arbores
1845 4553 2068 4609 communes

644 4653 765 4732 scindi
786 4671 824 4736 et
846 4656 1031 4764 apportari
1058 4655 1245 4748 faciende,
1276 4675 1314 4736 et
1339 4657 1520 4736 emendas
1542 4683 1765 4738 communes
1790 4673 1828 4734 et
1851 4685 1998 4764 asperas
2015 4659 2069 4738 le-

643 4785 719 4862 vari
745 4786 932 4881 faciendo,
956 4804 995 4864 et
1020 4784 1090 4865 sibi
1111 4788 1406 4895 appropriando,
1429 4806 1469 4866 et
1491 4789 1619 4867 dando
1642 4807 1762 4869 terras
1775 4817 2002 4868 communes
2020 4791 2069 4868 ad

645 4943 800 4996 censum
824 4935 864 4996 et
888 4917 1139 5026 apropriando
1163 4919 1234 4998 sibi
1261 4921 1517 5000 emolumenta
1539 4921 1804 5028 preveniencia
1828 4947 1871 4998 es
1895 4919 2006 5008 inde,
2031 4939 2070 4998 et

645 5046 762 5124 eciam
786 5048 929 5156 plantas
948 5049 987 5126 in
1010 5049 1102 5128 locis
1126 5051 1393 5130 communibus
1416 5051 1625 5159 plantando
1647 5069 1688 5131 et
1703 5052 1778 5131 sibi
1796 5051 2066 5159 aprepriando,

644 5205 719 5284 que
740 5178 867 5256 omnin
887 5196 925 5256 et
943 5177 1089 5288 singula
1107 5182 1325 5261 communia
1343 5209 1422 5260 esse
1441 5181 1642 5272 deberent;
1660 5211 1782 5290 quare
1791 5183 1971 5290 petebant
1984 5211 2070 5288 pre-

645 5306 744 5385 dicta
763 5309 1035 5418 impedimenta
1053 5313 1233 5406 amoveri,
1257 5312 1359 5392 dicto
1373 5311 1495 5392 milite
1514 5315 1555 5391 in
1574 5315 1805 5393 centrarium
1825 5329 2011 5392 asserente
2032 5327 2070 5388 et

647 5437 795 5518 dicente
814 5469 854 5520 se
873 5443 1039 5548 predicta
1053 5444 1153 5552 juste
1173 5473 1284 5552 posse
1303 5444 1444 5540 secere,
1465 5462 1503 5524 et
1518 5474 1634 5525 omne
1648 5446 1947 5526 emolumentum
1964 5441 2069 5549 quod
