5817 7292
885 1106 959 1176 262
1464 1104 1554 1176 LES
1584 1103 1725 1176 OLIM.

660 1258 846 1322 Pscnrelt
888 1246 978 1324 dicti
1003 1245 1155 1353 majoris
1172 1233 1383 1352 judicatum
1401 1245 1631 1350 predictum,
1653 1272 1673 1319 a
1692 1272 1854 1350 quorum
1868 1243 2056 1352 judicato,
2077 1263 2265 1353 tamquam
2285 1279 2307 1328 a

720 1353 781 1395 lm.

884 1376 978 1454 falso
997 1395 1037 1453 et
1053 1403 1183 1482 pravo,
1205 1376 1328 1454 dictus
1343 1375 1505 1454 Jacobus
1523 1377 1570 1452 ad
1586 1392 1751 1453 nostram
1770 1375 1913 1454 curiam
1928 1377 2142 1484 appellavit:
2159 1379 2306 1459 Auditis

883 1508 998 1615 igitur
1018 1507 1128 1586 dictis
1143 1506 1314 1614 partibus
1330 1508 1370 1582 in
1390 1534 1501 1584 causa
1515 1506 1780 1613 appellacionis
1796 1507 1980 1614 predicte,
2003 1526 2041 1586 et
2053 1509 2141 1586 visis
2157 1539 2306 1616 proces·

882 1639 987 1716 sibus
1008 1657 1046 1716 et
1059 1638 1238 1746 judicatis
1260 1638 1455 1744 predictis,
1480 1666 1549 1744 per
1573 1637 1676 1714 curie
1697 1653 1823 1716 nostre
1842 1638 2051 1746 judicium,
2074 1640 2218 1718 dictum
2237 1640 2307 1720 fuit

881 1772 1070 1875 predictos
1090 1769 1338 1877 Reginaldum
1357 1787 1394 1846 et
1410 1769 1627 1848 Gnidonem
1648 1768 1746 1846 male
1757 1768 1964 1878 judicasse,
1982 1788 2020 1848 et
2036 1771 2180 1850 dictum
2200 1773 2306 1852 Jaco-

881 1902 975 1979 bum
997 1901 1096 1979 bene
1122 1900 1351 2008 appellmse,
1374 1919 1412 1979 et
1433 1901 1538 2008 quod
1563 1929 1673 1978 cause
1695 1901 1911 2008 principalis
1935 1902 2118 1980 dictarum
2139 1903 2306 2010 parcium

882 2033 1070 2139 cognicio,
1093 2034 1132 2109 in
1151 2050 1250 2111 statu
1274 2033 1411 2140 inquo
1432 2049 1509 2109 erat
1530 2059 1656 2109 coram
1675 2031 1777 2110 dicto
1797 2032 1938 2141 majore
1959 2034 2302 2123 Sancti-Mederici‚

879 2164 1035 2270 quando
1051 2163 1123 2241 tuit
1139 2164 1186 2242 ab
1204 2192 1249 2243 eo
1263 2164 1309 2240 ad
1326 2162 1697 2270 dictumcapitulurn
1711 2164 1919 2242 Parisiense
1933 2163 2174 2270 appellatum,
2190 2166 2228 2242 in
2241 2193 2304 2244 cu·

882 2296 935 2372 ria
950 2313 1077 2374 nostra
1093 2295 1315 2372 remanebit.

937 2431 1047 2505 Lune
1062 2444 1148 2533 post
1161 2427 1311 2505 octabas
1324 2426 1546 2533 Epiphanie.

939 2560 990 2636 Μ.
1008 2560 1040 2634 J.
1059 2559 1107 2635 de
1126 2558 1295 2666 Dyvione
1313 2557 1525 2670 reportavit.

939 2822 979 2896 L.
1010 2819 1179 2926 Apprisia
1203 2848 1272 2898 seu
1292 2819 1511 2897 informacio
1538 2819 1633 2896 facta
1658 2819 1707 2897 de
1732 2821 1909 2898 mandato
1930 2821 2140 2898 litterarum
2159 2820 2302 2900 domini

804 2961 812 2976 ⁰
881 2952 1009 3057 Regis,
1024 2951 1161 3029 ballivo
1181 2951 1390 3030 Senonensi
1406 2950 1649 3040 directarum,
1668 2975 1782 3058 super
1796 2951 1968 3059 dampnis
1983 2981 2059 3059 que
2078 2953 2171 3030 dicit
2185 2979 2225 3030 se
2239 2951 2304 3028 ha-

882 3082 1009 3160 buisse
1022 3084 1162 3190 Symon
1175 3083 1365 3189 Coquere,
1377 3081 1425 3158 de
1436 3082 1654 3171 Melsduno,
1667 3082 1706 3158 in
1720 3083 2149 3190 empcionereddituum
2160 3081 2304 3162 domini

882 3214 991 3319 Regis
1012 3214 1059 3290 de
1085 3213 1308 3303 Meleduno,
1330 3214 1406 3290 visa
1427 3231 1483 3290 est
1506 3241 1575 3318 per
1592 3213 1787 3319 magistros
1815 3214 1854 3292 in
1880 3243 2024 3291 camera
2048 3215 2304 3320 inquestarum

883 3342 1098 3448 deputatos,
1115 3360 1153 3420 et
1169 3343 1437 3421 ordinaverunt
1450 3344 1557 3451 quod
1573 3345 1799 3423 remittenda
1819 3362 1874 3422 est
1888 3344 2042 3422 domino
2057 3345 2147 3450 Regi
2167 3371 2236 3450 pro
2257 3373 2303 3422 eo

884 3472 972 3578 quia
996 3472 1091 3549 iacta
1112 3491 1169 3552 est
1187 3474 1236 3551 ad
1255 3474 1537 3553 informandum
1558 3477 1827 3554 conscienciam
1848 3476 1991 3553 domini
2012 3475 2141 3583 Regis,
2156 3503 2226 3552 nec
2245 3475 2304 3553 in-

882 3621 1034 3681 ventum
1052 3622 1108 3682 est
1122 3605 1227 3711 quod
1241 3623 1370 3714 gentes
1385 3635 1452 3684 sue
1472 3607 1609 3685 adhoc
1628 3608 1769 3686 suerint
1786 3623 1932 3696 vocate,
1949 3635 2020 3684 nec
2033 3607 2126 3684 facta
2144 3605 2217 3683 suit
2236 3633 2304 3712 per

881 3731 1061 3811 bailivum
1074 3737 1345 3828 senonensem,
1358 3738 1417 3815 cui
1434 3738 1498 3815 illa
1513 3738 1731 3818 informacio
1746 3736 1913 3816 iacienda
1928 3736 2000 3814 fuit
2014 3737 2224 3826 commissa,
2237 3735 2303 3814 sed

881 3863 979 3942 facta·
995 3864 1069 3943 suit
1086 3893 1155 3975 per
1174 3868 1282 3959 alios,
1300 3869 1360 3946 cui
1381 3869 1505 3948 dictus
1524 3869 1684 3948 ballivus
1703 3869 1776 3948 hoc
1797 3869 1992 3948 commisit.

937 3999 1045 4075 Luna
1064 4000 1242 4105 predicta.

936 4129 1111 4208 Bosettm
1125 4133 1338 4238 reportavit.

938 4381 998 4466 Lt'
1027 4391 1124 4469 Cum
1144 4393 1244 4470 inter
1257 4393 1493 4502 Margaritam
1515 4395 1562 4471 de
1577 4393 1769 4482 Hanania,
1792 4393 1960 4471 relictam
1976 4395 2017 4468 tt.
2035 4391 2228 4499 quondam
2243 4421 2303 4470 co·

881 4519 982 4598 mitis
997 4520 1285 4616 Attrebatensis,
1300 4553 1343 4600 er
1358 4553 1432 4600 una
1444 4541 1566 4630 parte,
1585 4541 1626 4602 et
1638 4525 1869 4613 Mathildim,
1886 4552 1987 4601 nunc
2002 4524 2227 4602 comitissam
2240 4525 2303 4600 Aa·

879 4649 1150 4742 trebatensem,
1166 4683 1211 4731 er
1224 4655 1356 4740 altera,
1374 4672 1476 4732 mota
1490 4655 1636 4748 fuisset,
1652 4656 1692 4732 in
1708 4657 1811 4732 curia
1825 4673 1968 4744 nostra,
1989 4654 2174 4732 discordia
2189 4680 2302 4757 super

880 4809 929 4860 eo
947 4784 1053 4890 quod
1077 4785 1228 4862 dicebat
1247 4785 1346 4862 dicta
1364 4787 1560 4894 Margarita
1578 4787 1685 4895 qnod
1707 4788 1830 4866 dictus
1848 4789 1891 4865 R.
1912 4786 2104 4893 quondam
2126 4784 2209 4891 ejus·
2223 4806 2302 4858 ma*

879 4913 991 5004 ritus,
1008 4934 1181 5022 tempore
1202 4943 1279 5025 qno
1293 4917 1372 5024 ipse
1384 4917 1530 4998 vivebat
1545 4935 1584 4994 et
1599 4915 1793 4997 constabat
1806 4918 2089 4996 matrimonium
2104 4915 2202 4992 inter
2219 4941 2301 5004 eos,

881 5059 919 5118 et
932 5052 1105 5152 tempore
1124 5075 1200 5154 quo
1209 5049 1297 5154 ‘ipse
1312 5049 1489 5138 decessit,
1512 5049 1676 5127 habebat
1690 5049 1798 5156 plur'a
1812 5049 1911 5128 bona
1925 5047 2098 5138 mobilia,
2115 5075 2190 5152 que
2204 5045 2304 5124 bona

882 5170 979 5248 dicta
993 5176 1178 5268 Madidis,
1195 5195 1239 5255 ut
1251 5179 1362 5256 heres
1376 5179 1538 5285 predicti
1553 5182 1594 5258 R.
1617 5209 1657 5258 se
1671 5179 1815 5258 medem
1829 5180 2048 5267 inmiscens,
2065 5179 2247 5258 habuerat
2266 5193 2305 5254 et

881 5302 1006 5380 adhuc
1030 5334 1149 5411 penes
1174 5339 1214 5388 se
1246 5310 1410 5388 habebat
1433 5311 1489 5389 vel
1510 5338 1580 5418 per
1597 5339 1681 5390 eam
1701 5311 1821 5390 stabat
1838 5311 2046 5417 quominus
2063 5339 2107 5388 aa
2130 5309 2302 5396 habaet,

882 5451 921 5511 et
933 5433 1184 5542 idoopetebat
1200 5442 1387 5520 dictorum
1397 5442 1588 5522 bonorum
1599 5443 1696 5521 inter
1708 5471 1770 5521 eas
1780 5442 2003 5520 divisionem
2018 5442 2103 5548 fieri
2118 5458 2157 5518 et
2170 5465 2303 5516 eorum
