5817 7292
1026 1041 1295 1145 snousrss
1322 1060 1384 1131 ιι
1412 1040 1617 1132 esoces
1958 1065 2033 1137 aas

612 1195 682 1273 suit
697 1197 768 1305 ipsi
783 1196 912 1273 comiti
927 1226 974 1275 ne
995 1198 1094 1304 ipsos
1105 1198 1265 1279 clericos
1283 1200 1332 1278 ad
1348 1200 1439 1279 alios
1458 1228 1623 1277 carceres
1640 1224 1708 1278 seu
1724 1203 1796 1279 alia
1816 1202 1898 1281 loca
1915 1221 2037 1285 trans-
2076 1217 2205 1271 Parnm
2216 1218 2259 1280 tv,

612 1326 742 1419 lerret3
762 1328 903 1436 quibus
923 1328 1100 1408 omuibus
1118 1330 1266 1437 spretis,
1289 1331 1411 1409 dictus
1434 1360 1562 1409 comes
1587 1349 1651 1410 aut
1678 1333 1759 1441 ejus
1783 1352 1914 1443 gentes
1932 1337 2034 1444 ipsos
2136 1308 2198 1351 Μ’

612 1455 766 1537 clericos
791 1477 1028 1537 extraxerunt
1051 1460 1098 1538 de
1123 1449 1358 1539 suo'carcere
1384 1479 1431 1539 et.
1445 1462 1493 1538 ad
1513 1462 1630 1539 alium
1649 1492 1834 1543 carcerem
1854 1495 1967 1544 suum
1984 1468 2032 1546 de

610 1590 810 1682 Danziaco,
833 1620 918 1668 cum
935 1590 1179 1669 multitudine
1196 1610 1440 1685 armatorum,
1458 1594 1664 1683 duxerunt,
1682 1610 1720 1671 et
1737 1624 1820 1685 eos,
1836 1617 1940 1676 metu
1957 1629 2034 1678 car-

611 1724 706 1799 ceris
721 1740 761 1800 et
774 1740 1070 1811 tormentorum,
1088 1723 1319 1801 induxerunt
1331 1724 1436 1831 quod
1451 1725 1541 1831 ipsi,
1554 1741 1620 1801 aut
1633 1724 1697 1800 alii
1712 1725 1864 1803 nomine
1880 1757 2033 1807 eorum-

610 1853 715 1947 dem,
733 1839 774 1935 se
788 1854 1014 1967 obligarent,
1033 1882 1119 1962 erga
1135 1854 1279 1933 dictum
1300 1856 1494 1945 comitem,
1515 1856 1555 1933 in
1568 1856 1675 1934 mille
1690 1872 1730 1933 et
1745 1856 1916 1934 ducentis
1928 1859 2033 1938 libris

610 1986 895 2103 PmsienQ3
918 2003 957 2063 et
975 2015 1060 2063 cum
1082 1986 1327 2093 postmodum
1354 1986 1553 2065 luissenta
1578 1988 1678 2064 dicto
1701 2014 1847 2064 carcere
1866 1986 2031 2079 liberati,

609 2113 785 2223 citatiquc
806 2133 931 2195 essent
946 2145 1070 2195 coram
1086 2114 1235 2194 officiali
1251 2116 1421 2223 predicto
1437 2118 1668 2223 superdicto
1683 2116 1780 2195 lacto
1794 2118 2032 2224 responderi,

609 2248 821 2353 prepositus
840 2248 1076 2327 Nivemensis
1095 2248 1242 2327 comitis
1262 2249 1464 2355 supradicti
1489 2250 1700 2327 Iohannem
1724 2250 1760 2328 la
1782 2250 1866 2329 Bise
1885 2251 2034 2356 predic-

607 2392 690 2454 tum
703 2406 770 2483 per
785 2407 941 2457 manum
954 2378 1068 2486 cepit,
1085 2394 1123 2456 et
1137 2408 1158 2456 a
1170 2378 1363 2485 presencia
1378 2378 1469 2458 dicti
1485 2379 1654 2459 officialis
1665 2381 1834 2471 extraxit,
1851 2400 1891 2459 et
1904 2411 2033 2460 secum

608 2506 714 2585 duxit
734 2538 782 2591 ne
802 2522 928 2588 coram
949 2511 1049 2589 dicto
1074 2508 1223 2588 officiali
1247 2511 1509 2619 responderet,
1531 2528 1575 2588 ut
1593 2510 1759 2601 dicebat,
1780 2514 1819 2589 in
1840 2530 2034 2622 contemp·

607 2653 690 2714 tum
711 2639 825 2745 garde
845 2658 971 2717 nostre
991 2669 1033 2717 ac
1051 2641 1323 2747 prohibitionis
1341 2642 1510 2747 predicte
1530 2659 1570 2719 et
1588 2642 1752 2749 episcopi
1771 2642 1930 2748 predicti
1949 2674 2034 2751 pre·

604 2766 809 2873 judicium,
839 2771 878 2847 in
904 2788 1030 2849 nostra
1055 2772 1183 2880 gardia
1206 2772 1357 2879 speciali
1383 2772 1589 2862 existentis3
1617 2800 1733 2879 quare
1754 2775 1907 2879 petebat
1929 2775 2032 2852 idem

609 2899 806 3007 episcopus
824 2901 1004 3008 premissa
1021 2931 1090 3010 per
1108 2931 1177 2981 nos
1196 2919 1453 3011 competenter
1472 2902 1686 2980 emendari:
1707 2904 1880 3011 lnquesta
1903 2904 2028 3015 igitur,

609 3058 722 3135 super
747 3032 938 3138 premissis
973 3033 1224 3113 demandato
1254 3036 1356 3111 curie
1384 3052 1511 3115 nosue
1537 3033 1632 3111 lacta
1664 3034 1741 3113 visa
1769 3052 1808 3113 et
1832 3036 2032 3145 diligenter

609 3160 830 3255 examinata,
847 3162 1166 3273 consideratisque
1178 3183 1318 3243 attente
1333 3166 1602 3272 omnibusque
1617 3165 1765 3243 inventa
1775 3184 1864 3245 sunt
1877 3196 1945 3274 per
1958 3168 2032 3243 dic-

607 3306 683 3367 tam
706 3292 919 3399 inquestam
942 3294 1170 3381 sufficienter
1193 3296 1363 3403 probate,
1384 3325 1454 3403 per
1475 3296 1578 3374 curie
1604 3313 1733 3375 nostre
1751 3295 1939 3404 judicium
1959 3298 2032 3375 dic-

606 3438 687 3499 tum
712 3422 784 3503 fuit
809 3427 915 3534 quod
940 3428 1062 3507 dictus
1087 3455 1212 3506 comes
1237 3428 1403 3507 resaisiet
1425 3428 1638 3536 predictum
1663 3429 1882 3535 episcopum
1903 3430 1950 3505 de
1969 3432 2031 3507 Jo-

607 3555 730 3631 banne
746 3556 932 3664 predicto,
950 3560 1021 3637 nisi
1032 3559 1111 3666 jam
1129 3559 1243 3637 flierit
1259 3560 1306 3637 de
1328 3558 1464 3653 eodem
1480 3560 1688 3650 resaisitus,
1705 3577 1743 3637 et
1754 3560 1890 3638 reddet
1905 3559 2031 3638 eidem

607 3685 782 3793 episcopo
795 3706 948 3767 centum
960 3690 1074 3768 libres
1085 3690 1324 3784 Parisienses,
1336 3718 1405 3796 pro
1420 3692 1581 3768 emenda
1591 3719 1674 3778 sua,
1688 3690 1839 3767 racione
1852 3690 1937 3765 lacti
1950 3720 2031 3796 pre-

607 3813 713 3903 dicti,
734 3844 775 3893 ac
792 3818 902 3896 nobis
922 3820 1205 3927 quadringintas
1222 3820 1337 3898 libras
1358 3819 1599 3911 Parisienses,
1619 3847 1688 3926 pro
1708 3818 1867 3893 emenda
1885 3836 2027 3910 nostra,

605 3944 755 4024 racione
773 3948 1048 4053 predictorum,
1075 3952 1113 4028 in
1139 3968 1324 4057 quantum
1344 3980 1414 4031 nos
1431 3966 1608 4057 tangtmt,
1629 3947 1831 4055 persolvet,
1853 3947 1952 4025 salvo
1972 3948 2029 4023 in-

604 4104 718 4182 super
746 4077 855 4158 dictis
883 4080 1060 4161 fratribus
1085 4082 1191 4189 quod
1221 4083 1290 4188 ipsi
1313 4099 1442 4160 contra
1473 4080 1617 4156 dictum
1640 4078 1817 4158 comitem
1838 4094 1878 4155 et
1898 4096 2029 4185 gentes

604 4236 689 4287 suas
703 4211 880 4318 prosequi
895 4208 1040 4289 valeant
1050 4212 1131 4320 jus,
1149 4212 1179 4291 si
1195 4209 1300 4319 quod
1315 4240 1354 4289 se
1371 4210 1526 4289 credant
1544 4210 1682 4288 habere
1703 4208 1852 4286 racione
1871 4209 2030 4315 premis-

604 4366 743 4417 sorum.

660 4474 767 4549 Luna
784 4484 869 4579 po‘st
888 4472 1036 4551 octabas
1056 4472 1275 4552 Candelose.

660 4602 766 4680 Creci
786 4604 999 4709 reportavit.

656 4862 846 4947 XXXVIII.
868 4870 966 4947 Cum
982 4868 1253 4977 significassent
1273 4869 1383 4948 nobis
1396 4868 1525 4949 Guido
1541 4870 1732 4959 Ouderdi,
1750 4870 1876 4963 miles,
1898 4888 1937 4950 et
1954 4872 2029 4981 ny-

600 4999 760 5077 mcricus
774 4996 961 5111 Oudardi,
979 5002 1149 5111 armiger,
1176 5003 1256 5111 ejus
1273 5030 1406 5109 nepos,
1423 5002 1545 5109 quod,
1563 5002 1654 5109 ipsis
1673 5030 1743 5108 per
1754 5002 1935 5081 ballivum
1949 5006 2029 5082 Tu-

599 5158 799 5209 ronensem
824 5133 955 5235 positis
983 5152 1021 5212 et
1043 5134 1288 5213 existentibus
1307 5135 1346 5210 in
1367 5152 1493 5212 nostra
1511 5132 1638 5243 gardia
1657 5133 1827 5242 speciali,
1848 5136 1957 5243 Ilugo
1978 5136 2026 5212 de

599 5260 768 5371 Bauceyo
789 5279 827 5340 et
845 5263 991 5355 Guido,
1011 5266 1093 5373 ejus
1113 5264 1237 5357 frater,
1258 5263 1442 5354 scutiferi,
1462 5263 1670 5371 etquidem
1689 5263 1751 5340 alii
1768 5291 1902 5342 eorum
1921 5292 2026 5341 com·

498 5376 502 5387 ⁶
601 5390 732 5495 plices,
754 5393 882 5498 plures
908 5396 1079 5505 injurias,
1103 5397 1308 5477 violencius
1332 5414 1369 5475 et
1393 5396 1556 5503 dampna
1575 5394 1850 5503 quamplurima
1875 5392 2025 5469 intulis-

685 5568 738 5608 ses
758 5568 842 5611 οιιιι.
866 5572 911 5614 ιιι.
1859 5548 1899 5615 5ίι
