5817 7292
864 1087 946 1177 tut,
1288 1150 1291 1159 .
1442 1092 1533 1163 Lus
1558 1089 1703 1169 omn.

626 1240 756 1375 Pnicpmrr
776 1238 820 1299 IV.
917 1230 1009 1307 XIII.
1040 1232 1082 1307 ln
1103 1256 1214 1307 ceusu
1234 1230 1428 1338 cujusdam
1451 1229 1718 1337 appellacionis
1737 1228 1785 1305 ad
1808 1246 1976 1307 nostram
2000 1230 2141 1307 curiam
2165 1232 2283 1311 inter·

861 1361 982 1468 posite
998 1389 1018 1436 a
1029 1360 1200 1469 judicato
1220 1360 1421 1437 custodum
1443 1360 1698 1437 nundinarum
1712 1359 1932 1465 Campauie‚
1952 1359 2049 1438 sacto
2064 1362 2164 1439 inter
2177 1363 2286 1440 relic·

858 1510 912 1571 tas
933 1490 1084 1600 Nicolay
1101 1490 1304 1595 Chapelier
1322 1510 1361 1567 et
1378 1492 1560 1569 Iohannis
1581 1492 1630 1568 de
1649 1490 1767 1569 Marla
1787 1492 2073 1569 defunctorum:
2089 1493 2187 1572 Visis
2207 1494 2286 1571 dic-

854 1642 987 1703 tarum·
1000 1623 1167 1730 parcium
1187 1622 1424 1727 processibus
1444 1638 1482 1699 et
1490 1622 1663 1729 judicato
1682 1621 1872 1728 predicto,
1892 1623 2056 1730 predicta
2070 1624 2284 1731 judicatum

858 1775 895 1833 et
907 1754 1130 1864 appellacio,
1148 1782 1216 1861 per
1232 1752 1333 1830 curie
1348 1770 1475 1831 nostre
1485 1752 1693 1860 judicium,
1709 1738 2042 1832 suerunt‘totaliter
2053 1753 2233 1845 anullata;
2246 1775 2285 1833 et

856 1888 983 1965 audiet
1001 1904 1127 1965 nostra
1142 1884 1243 1963 curia
1262 1884 1376 1961 dictas
1394 1901 1519 1991 partes
1534 1914 1649 1992 super
1662 1914 1793 1963 earum
1806 1885 2001 1994 principali
2015 1889 2225 1993 questione.

910 2018 1108 2097 Dominica
1131 2032 1216 2093 ante
1238 2015 1499 2095 Candelosam.

911 2285 1003 2363 XIV.
1033 2284 1120 2363 Vis'a
1139 2282 1311 2389 inquesta
1339 2278 1385 2357 de
1414 2279 1591 2357 mandato
1617 2279 1719 2357 curie
1745 2297 1891 2374 nostre,
1918 2280 2056 2358 vocatis
2083 2299 2121 2358 et
2144 2281 2282 2360 auditis

855 2415 1044 2523 partibus,
1066 2411 1176 2503 sacta,
1198 2411 1393 2487 inventum
1413 2428 1471 2487 est
1492 2408 1722 2489 sufficienter
1740 2410 1943 2516 probatum
1962 2413 2085 2519 quod,
2113 2414 2282 2506 incausa

856 2564 957 2623 mota
978 2570 1103 2622 coram
1129 2540 1284 2619 domino
1310 2540 1690 2619 Montis-Moronciaci
1709 2571 1779 2619 seu
1798 2542 1879 2649 ejus
1899 2544 2018 2634 curia,
2039 2543 2138 2620 iuter
2158 2544 2282 2621 domi-

855 2704 945 2755 uum
968 2676 1015 2753 de
1035 2672 1292 2762 Hercu-Villa,
1314 2702 1358 2749 ex
1377 2700 1454 2749 una
1473 2690 1603 2780 parte,
1625 2691 1663 2751 et
1681 2672 1949 2752 Bouchardum
1969 2672 2016 2750 de
2036 2673 2160 2762 laval,
2180 2674 2283 2750 mili-

854 2827 949 2900 tem,
969 2836 1010 2884 ex
1029 2806 1161 2893 altera,
1184 2804 1231 2883 lis
1246 2802 1352 2883 luita
1367 2803 1476 2881 dictis
1490 2804 1661 2912 partibus
1681 2822 1886 2883 contestata
1903 2822 2105 2916 autequam
2120 2806 2284 2883 serviens

855 2938 982 3015 ballivi
1002 2936 1290 3015 Silvanectensis
1309 2934 1502 3013 inhiberet
1529 2937 1631 3014 dicto
1653 2937 1810 3015 domino
1830 2966 1877 3015 ne
1898 2938 1977 3045 ipse
2002 2937 2225 3043 procederet
2244 2938 2282 3013 in

857 3100 965 3149 causa
983 3068 1160 3176 predicta.

914 3201 1090 3280 Mercurii
1110 3217 1196 3307 post
1215 3200 1446 3307 quindenam
1464 3197 1686 3277 Candelose.
1809 3256 1812 3259 -

913 3468 989 3547 XV.
1021 3467 1117 3546 Cum
1143 3496 1163 3543 a
1189 3465 1357 3572 quodam
1379 3462 1550 3570 judicato
1581 3490 1650 3569 per
1672 3461 1853 3541 ballivum
1880 3463 2160 3570 Lingonensem
2184 3462 2281 3541 lacto

858 3614 985 3675 contra
1004 3598 1178 3675 homines
1196 3594 1418 3671 thesaurarii
1446 3594 1696 3701 Lingoneusis
1721 3624 1790 3700 pro
1810 3593 2032 3672 Theohaldo
2057 3594 2218 3672 Comere
2244 3613 2282 3673 et

855 3730 1060 3822 Garnerio,
1084 3731 1163 3838 ejus
1184 3756 1345 3837 genero,
1368 3728 1518 3804 racione
1537 3727 1700 3805 ventarie
1717 3728 1983 3836 Lingonensis‚
2005 3756 2117 3834 quam
2139 3727 2211 3834 ipsi
2228 3728 2283 3803 al-

854 3862 1092 3941 firmaverant
1112 3863 1159 3939 ab
1176 3861 1352 3969 episcopo
1370 3860 1620 3969 Lingonensi‚
1642 3860 1732 3937 dicti
1750 3860 1941 3952 homines,
1958 3878 2137 3967 tanquam
2152 3888 2173 3935 a
2188 3859 2282 3937 falso

855 4011 892 4070 et
919 4022 1050 4100 pravo,
1082 3992 1130 4069 ad
1154 4009 1321 4071 nostram
1349 3992 1492 4069 curiam
1514 3990 1785 4097 appellassent,
1813 4009 1871 4084 et,
1893 4010 2048 4100 propter
2076 3992 2281 4099 quemdam

854 4122 1061 4215 desectum,
1084 4154 1200 4232 quem
1220 4125 1261 4200 in
1282 4122 1380 4200 dicta
1400 4150 1508 4198 causa
1528 4119 1794 4228 appellacionis
1813 4121 1980 4199 fecerant
2003 4122 2179 4200 homiues
2197 4151 2283 4227 pre·

855 4257 966 4347 dicti,
994 4257 1214 4335 mandatum
1235 4255 1367 4333 luisset
1391 4252 1530 4331 ballivo
1555 4254 1763 4332 Senonensi
1789 4272 1835 4330 ut
1858 4256 1938 4361 ipse
1967 4255 2110 4332 dictum
2135 4254 2282 4362 judica·

854 4403 937 4462 tum
953 4386 1092 4464 laceret
1107 4387 1322 4465 execucioui
1336 4386 1522 4477 mandari,
1540 4383 1721 4491 factisque
1737 4413 1851 4492 super
1865 4386 1939 4464 hoc
1953 4386 2053 4463 inter
2070 4386 2187 4463 dictas
2201 4415 2284 4492 par·

854 4533 911 4592 tes
930 4516 1159 4622 quibusdam
1179 4516 1419 4621 processi-hus
1440 4543 1565 4591 coram
1584 4515 1724 4593 ballivo
1745 4516 1956 4594 Senonensi
1976 4517 2033 4595 vel
2052 4518 2134 4625 ejus
2153 4516 2282 4595 locum

855 4662 1026 4734 tenente,
1049 4646 1255 4753 aquodam
1277 4645 1469 4754 judicate,
1490 4674 1560 4753 per
1578 4646 1721 4724 dictum
1743 4647 1924 4725 ballivum
1944 4648 2212 4755 senonensem
2222 4645 2281 4723 vel

856 4775 937 4880 ejus
951 4774 1077 4854 locum
1091 4791 1285 4853 tenentem
1301 4774 1417 4863 lactc,
1435 4804 1548 4884 super
1562 4775 1634 4854 hoc
1651 4779 1699 4854 ad
1715 4806 1784 4856 uos
1798 4779 1931 4856 iterato
1947 4777 2174 4885 appellatum
2189 4775 2282 4853 luis-

855 4924 932 4984 set:
948 4908 1139 5000 Tandem,
1155 4907 1242 4985 visis
1261 4906 1501 5017 processibus
1521 4925 1559 4985 et
1571 4908 1750 5017 judicatis
1767 4908 1964 5015 predictis,
1988 4924 2026 4985 et
2044 4906 2183 4983 auditis
2198 4934 2282 5011 par-

857 5038 958 5115 cium
979 5038 1193 5116 racionibus
1212 5037 1302 5116 hinc
1322 5056 1360 5116 et
1379 5038 1485 5130 inde,
1507 5067 1576 5145 per
1594 5039 1697 5117 curie
1716 5056 1843 5117 nostre
1857 5038 2064 5147 judicium,
2086 5037 2176 5114 dicti
2195 5066 2283 5145 pro-

856 5196 982 5247 cessus
997 5186 1035 5247 et
1044 5167 1255 5279 judicatum
1270 5170 1398 5249 ballivi
1415 5171 1646 5249 Senonensis
1661 5189 1699 5248 et
1714 5171 1795 5279 ejus
1811 5169 1937 5247 locum
1951 5169 2115 5247 tenentis
2129 5170 2281 5247 luerunt

855 5302 1021 5383 totaliter
1047 5299 1218 5393 anullati,
1244 5318 1282 5379 et
1304 5301 1446 5380 dictum
1470 5302 1543 5381 suit
1564 5303 1671 5411 quod
1684 5301 1895 5413 judicatum
1917 5300 2129 5407 predictum
2152 5299 2279 5379 ballivi

857 5434 1126 5545 Lingoneusis‚
1149 5434 1187 5511 in
1209 5450 1393 5541 quantum
1413 5451 1470 5511 est
1489 5464 1557 5541 pro
1577 5433 1767 5524 ventariis,
1790 5430 2031 5510 mandabitur
2049 5432 2278 5511 erecucioni.
