5817 7292
1059 1123 1326 1235 mvoutrns
1351 1144 1416 1216 cr
1441 1128 1649 1220 procas.
1773 1129 1777 1138 '
1992 1151 2061 1222 197

643 1287 757 1366 illatis
775 1286 824 1365 ab
845 1287 944 1393 ipso,
965 1285 1038 1364 sibi
1063 1286 1339 1366 sentencialiter
1361 1287 1658 1394 condempnari:
1678 1290 1866 1379 Tandem,
1892 1293 2063 1396 inquesta
2104 1297 2232 1354 Parrum
2247 1299 2291 1360 W·

644 1446 758 1525 super
771 1417 846 1496 hiis
864 1414 975 1506 facta,
991 1416 1068 1494 visa
1080 1434 1120 1494 et
1139 1417 1338 1525 diligenter
1356 1418 1582 1508 examinata,
1599 1419 1757 1524 predicti
1778 1421 2024 1499 defendentes
2045 1449 2064 1496 a
2168 1389 2229 1432 Μ’

643 1548 812 1654 predicta
825 1547 917 1626 dicti
933 1546 1085 1654 Nicolay
1099 1547 1306 1654 peticione,
1323 1566 1362 1626 et
1375 1549 1455 1655 ipae
1470 1549 1644 1628 Nicolaus
1658 1579 1679 1626 a
1695 1551 1884 1656 peticione
1898 1552 2064 1658 predicta

645 1677 833 1756 dictorum
853 1676 1162 1769 desendencium,
1180 1707 1251 1784 per
1267 1681 1370 1758 curie
1387 1697 1514 1759 nostre
1523 1681 1729 1788 judicium,
1749 1681 1902 1758 fuerunt
1917 1698 2067 1758 sentcn-

643 1807 788 1886 cialiter
806 1807 980 1886 absoluti.

699 1940 799 2016 lovis
812 1957 899 2046 post
915 1939 1267 2018 Sanctum-Lucam.

698 2067 1039 2147 Sanctus-Obertus
1052 2071 1264 2176 reportavit.

697 2333 788 2409 xvl.
819 2333 994 2439 lnquesta
1011 2333 1105 2410 sacta
1119 2350 1248 2411 contra
1266 2332 1469 2440 majorem,
1486 2335 1634 2442 juratos
1654 2352 1692 2412 et
1708 2336 1960 2413 communiam
1977 2337 2064 2412 dm·

639 2462 857 2553 bianenses,
888 2491 1003 2569 super
1027 2491 1195 2542 rescussa
1226 2480 1399 2571 quatuor.
1420 2463 1703 2543 malefactorum
1732 2466 1990 2555 bannitorum,
2026 2485 2064 2565 et

640 2622 753 2700 super
768 2593 965 2671 dirucione
979 2594 1231 2699 quarumdam
1248 2595 1469 2683 domorum,
1493 2611 1561 2672 etc.
1577 2595 1745 2702 judicata
1761 2594 1848 2684 luit,
1873 2613 1910 2672 et
1933 2615 2063 2702 postea

640 2725 825 2801 declarata
836 2723 911 2801 fnit
933 2724 1229 2830 condempnacio
1248 2724 1297 2802 de
1315 2725 1445 2831 viginti
1466 2724 1583 2802 millia
1598 2725 1781 2803 librarum
1800 2727 2062 2804 Parisiensium

638 2853 740 2930 bone
756 2869 923 2931 monete.
1291 2863 1294 2871 '

695 2982 872 3062 Mercurii
892 3001 978 3090 post
995 2985 1230 3062 Nativitatem
1247 2985 1414 3063 Domini.

695 3115 899 3193 Plaisianus
914 3132 952 3192 et
965 3116 1005 3192 P.
1026 3117 1073 3193 de
1092 3115 1177 3194 Dici
1196 3133 1492 3221 reportaverunt.

693 3246 815 3353 Hujus
822 3245 1035 3353 judicatum
1050 3262 1089 3322 et
1102 3246 1184 3352 ejus
1196 3243 1403 3324 declaracio
1418 3247 1558 3323 suntin
1573 3247 1697 3324 rotulo
1711 3249 1825 3354 hujus
1840 3249 2059 3353 parlamenti

636 3378 732 3454 circa
751 3377 934 3456 medium.

692 3643 800 3720 XVlI.
830 3642 928 3720 Cum
950 3642 1049 3720 inter
1071 3669 1142 3720 nos
1164 3660 1203 3720 et
1223 3643 1434 3721 lohannem
1458 3643 1506 3719 de
1531 3643 1723 3730 Hamello,
1746 3645 1995 3752 armigerum,
2019 3675 2061 3721 er

636 3800 710 3849 una
730 3789 852 3877 parte,
875 3790 913 3850 et
930 3773 1145 3851 Tarardum
1163 3774 1212 3851 de
1231 3773 1534 3863 Ribodi-Monte,
1557 3773 1734 3861 militem,
1758 3803 1801 3850 ex
1825 3774 1957 3866 altera,
1975 3805 2061 3850 con·

636 3903 817 3979 troversia
834 3919 1045 4008 verteretur
1065 3931 1180 4010 super
1202 3931 1248 3981 eo
1267 3904 1373 4010 quod
1392 3905 1519 3982 dictus
1544 3905 1704 4012 armiger
1723 3904 1872 3982 dicebat
1898 3923 1934 3982 et
1958 3933 2062 3980 avoa-

637 4032 701 4107 bat
726 4030 882 4111 leodum
908 4037 1056 4113 comitis
1083 4035 1132 4113 de
1156 4037 1327 4113 Macariis
1352 4064 1468 4143 super
1492 4036 1684 4113 Ysarama
1710 4034 1819 4113 nobis
1845 4036 2060 4112 immediate

637 4188 804 4252 movere,
826 4164 929 4242 dicto
954 4166 1125 4244 Taxardo
1145 4166 1185 4241 in
1205 4164 1435 4244 contrarium
1455 4183 1644 4244 asserente
1668 4165 1811 4242 dictum
1838 4165 1992 4243 feodum
2016 4170 2060 4244 al)

636 4292 717 4397 ipso
739 4294 959 4372 immediate
982 4295 1121 4387 teneri,
1145 4296 1331 4403 quosdam
1354 4323 1467 4402 super
1490 4296 1563 4372 hiis
1586 4295 1847 4402 deputavimus
1871 4296 2060 4374 auditores

636 4441 695 4512 ut,
721 4425 860 4502 vocatis
882 4424 1018 4501 ballivo
1038 4453 1108 4503 seu
1138 4427 1338 4506 defensore
1361 4444 1493 4506 nostro
1508 4455 1586 4533 pro
1601 4426 1738 4517 nobis,
1768 4427 1868 4508 dict'o
1889 4429 2058 4523 lohanne

617 4583 677 4632 -ac
691 4556 796 4634 dicto
817 4555 1047 4635 Taxardoet
1066 4556 1149 4634 aliis
1170 4557 1389 4648 evocandis,
1416 4557 1464 4634 de
1490 4575 1619 4636 aomo
1633 4571 1689 4634 et.
1704 4557 1796 4636 dicti
1813 4557 1995 4636 loliarmis
2019 4589 2058 4636 ar

635 4688 726 4768 dicti
746 4687 907 4765 Taxardi
927 4688 1034 4796 jure,
1061 4715 1176 4794 super
1195 4689 1526 4798 hocinquirercnt
1544 4689 1756 4768 veritatem:
1779 4690 1863 4768 Visa
1887 4691 2001 4798 igitur
2021 4709 2058 4768 et

633 4817 836 4925 diligenter
851 4817 1056 4896 examinata
1075 4816 1248 4924 inquesta
1267 4847 1382 4928 super
1399 4821 1474 4899 hoc
1492 4818 1605 4912 lacta,
1627 4821 1780 4924 quiade
1800 4823 1982 4900 citacione
2002 4821 2058 4898 val

543 4961 550 4974 '
633 4954 832 5030 vocacione
857 4949 1027 5058 parcium
1054 4966 1093 5027 et
1123 4979 1288 5053 quornm
1311 4952 1505 5040 intererat,
1537 4957 1648 5030 etex
1675 4969 1779 5061 parte
1808 4955 1915 5062 cnjus
1943 4971 2057 5030 testes

632 5081 807 5186 producti
826 5081 983 5170 fraenat,
1009 5109 1087 5159 non
1106 5083 1309 5189 apparebat
1330 5111 1400 5191 per
1422 5084 1635 5190 inquestam
1657 5084 1884 5190 predictam,
1910 5102 1948 5161 et
1967 5085 2057 5190 quia

630 5211 760 5318 plures
792 5241 837 5292 ex
869 5212 1029 5292 testibus
1054 5213 1095 5290 in
1126 5242 1171 5290 ea
1195 5214 1394 5319 productis
1424 5214 1550 5292 minus
1573 5215 1815 5316 sufficienter
1845 5217 2056 5322 interrogati

632 5341 793 5437 fuerant,
805 5344 1097 5451 pronunciatum
1107 5343 1198 5435 mia,
1212 5371 1282 5453 per
1293 5345 1397 5423 curie
1406 5362 1534 5424 nostre
1542 5346 1747 5454 judicium,
1764 5347 1878 5426 feodo
1887 5345 2056 5453 predicto

633 5472 673 5547 in
691 5503 807 5553 manu
824 5495 952 5557 nostra
968 5494 1204 5568 remanente,
1225 5478 1256 5554 si
1277 5477 1325 5556 ad
1340 5505 1498 5558 manum
1516 5498 1683 5558 nostram
1705 5498 1835 5585 captus
1854 5478 1945 5568 fuit,
1963 5474 2056 5550 alio-
