<?xml version="1.0" encoding="UTF-8"?>
<!DOCTYPE html PUBLIC "-//W3C//DTD XHTML 1.0 Transitional//EN"
    "http://www.w3.org/TR/xhtml1/DTD/xhtml1-transitional.dtd">
<html xmlns="http://www.w3.org/1999/xhtml" xml:lang="en" lang="en">
 <head>
  <title>
</title>
<meta http-equiv="Content-Type" content="text/html;charset=utf-8" />
  <meta name='ocr-system' content='tesseract 3.04.00' />
  <meta name='ocr-capabilities' content='ocr_page ocr_carea ocr_par ocr_line ocrx_word'/>
</head>
<body>
  <div class='ocr_page' id='page_1' title='image "./lesolimouregist00pargoog_0536.png"; bbox 0 0 5817 7292; ppageno 0'>
   <div class='ocr_carea' id='block_1_1' title="bbox 888 1102 1901 1180">
    <p class='ocr_par' dir='ltr' id='par_1_1' title="bbox 888 1102 1901 1180">
     <span class='ocr_line' id='line_1_1' title="bbox 888 1102 1901 1180; baseline -0.011 -1"><span class='ocrx_word' id='word_1_1' title='bbox 888 1106 959 1180; x_wconf 67' lang='lat'>{132</span> <span class='ocrx_word' id='word_1_2' title='bbox 1468 1102 1558 1174; x_wconf 83' lang='lat' dir='ltr'>LES</span> <span class='ocrx_word' id='word_1_3' title='bbox 1588 1102 1728 1175; x_wconf 77' lang='lat' dir='ltr'>ont-M.</span> <span class='ocrx_word' id='word_1_4' title='bbox 1794 1110 1799 1121; x_wconf 85' lang='lat'><em>&#39;</em></span> <span class='ocrx_word' id='word_1_5' title='bbox 1897 1160 1901 1168; x_wconf 89' lang='lat'><strong>.</strong></span> 
     </span>
    </p>
   </div>
   <div class='ocr_carea' id='block_1_2' title="bbox 661 1244 2309 1873">
    <p class='ocr_par' dir='ltr' id='par_1_2' title="bbox 661 1244 2309 1873">
     <span class='ocr_line' id='line_1_2' title="bbox 661 1244 2309 1352; baseline 0.001 -23"><span class='ocrx_word' id='word_1_6' title='bbox 661 1263 790 1316; x_wconf 71' lang='lat' dir='ltr'>Parnm</span> <span class='ocrx_word' id='word_1_7' title='bbox 804 1262 844 1325; x_wconf 69' lang='grc' dir='ltr'>Ν,</span> <span class='ocrx_word' id='word_1_8' title='bbox 886 1248 1062 1327; x_wconf 88' lang='lat' dir='ltr'>mandato</span> <span class='ocrx_word' id='word_1_9' title='bbox 1079 1250 1181 1325; x_wconf 90' lang='lat' dir='ltr'>curie</span> <span class='ocrx_word' id='word_1_10' title='bbox 1194 1263 1339 1334; x_wconf 89' lang='lat' dir='ltr'>nostre,</span> <span class='ocrx_word' id='word_1_11' title='bbox 1359 1246 1496 1323; x_wconf 87' lang='lat' dir='ltr'>vocatis</span> <span class='ocrx_word' id='word_1_12' title='bbox 1511 1245 1697 1352; x_wconf 88' lang='lat' dir='ltr'>partibus,</span> <span class='ocrx_word' id='word_1_13' title='bbox 1715 1244 1824 1331; x_wconf 87' lang='lat' dir='ltr'>facta,</span> <span class='ocrx_word' id='word_1_14' title='bbox 1842 1247 1910 1350; x_wconf 85' lang='lat' dir='ltr'>per</span> <span class='ocrx_word' id='word_1_15' title='bbox 1924 1245 2044 1351; x_wconf 86' lang='lat' dir='ltr'>ipsius</span> <span class='ocrx_word' id='word_1_16' title='bbox 2061 1249 2166 1328; x_wconf 86' lang='lat' dir='ltr'>curie</span> <span class='ocrx_word' id='word_1_17' title='bbox 2183 1271 2309 1331; x_wconf 87' lang='lat' dir='ltr'>nostre</span> 
     </span>
     <span class='ocr_line' id='line_1_3' title="bbox 880 1376 2309 1493; baseline 0.003 -36"><span class='ocrx_word' id='word_1_18' title='bbox 880 1380 1066 1489; x_wconf 85' lang='lat' dir='ltr'>judicium</span> <span class='ocrx_word' id='word_1_19' title='bbox 1093 1380 1235 1456; x_wconf 91' lang='lat' dir='ltr'>dictum</span> <span class='ocrx_word' id='word_1_20' title='bbox 1263 1376 1332 1453; x_wconf 84' lang='lat' dir='ltr'>suit</span> <span class='ocrx_word' id='word_1_21' title='bbox 1357 1376 1642 1454; x_wconf 84' lang='lat' dir='ltr'><strong>ordinacionem</strong></span> <span class='ocrx_word' id='word_1_22' title='bbox 1668 1393 1831 1453; x_wconf 87' lang='lat' dir='ltr'>nostram</span> <span class='ocrx_word' id='word_1_23' title='bbox 1858 1380 1974 1482; x_wconf 83' lang='lat' dir='ltr'>super</span> <span class='ocrx_word' id='word_1_24' title='bbox 1995 1378 2183 1487; x_wconf 85' lang='lat' dir='ltr'>burgesiis</span> <span class='ocrx_word' id='word_1_25' title='bbox 2206 1386 2309 1493; x_wconf 86' lang='lat' dir='ltr'>regni</span> 
     </span>
     <span class='ocr_line' id='line_1_4' title="bbox 885 1506 2285 1589; baseline -0.01 0"><span class='ocrx_word' id='word_1_26' title='bbox 885 1512 1003 1589; x_wconf 85' lang='lat' dir='ltr'><strong>nostri</strong></span> <span class='ocrx_word' id='word_1_27' title='bbox 1029 1510 1168 1587; x_wconf 86' lang='lat' dir='ltr'>editam</span> <span class='ocrx_word' id='word_1_28' title='bbox 1189 1508 1324 1587; x_wconf 85' lang='lat' dir='ltr'>servari</span> <span class='ocrx_word' id='word_1_29' title='bbox 1346 1506 1499 1584; x_wconf 85' lang='lat' dir='ltr'>debere.</span> <span class='ocrx_word' id='word_1_30' title='bbox 2278 1506 2285 1514; x_wconf 79' lang='grc'><strong>’</strong></span> 
     </span>
     <span class='ocr_line' id='line_1_5' title="bbox 942 1638 1465 1747; baseline -0.011 -28"><span class='ocrx_word' id='word_1_31' title='bbox 942 1642 1071 1719; x_wconf 89' lang='lat' dir='ltr'>Martis</span> <span class='ocrx_word' id='word_1_32' title='bbox 1094 1655 1180 1747; x_wconf 86' lang='lat' dir='ltr'>post</span> <span class='ocrx_word' id='word_1_33' title='bbox 1200 1638 1465 1717; x_wconf 82' lang='lat' dir='ltr'>Reminiscere.</span> 
     </span>
     <span class='ocr_line' id='line_1_6' title="bbox 938 1768 1603 1873; baseline -0.011 -23"><span class='ocrx_word' id='word_1_34' title='bbox 938 1774 1111 1850; x_wconf 88' lang='lat' dir='ltr'>Decanus</span> <span class='ocrx_word' id='word_1_35' title='bbox 1130 1771 1178 1847; x_wconf 87' lang='lat' dir='ltr'>de</span> <span class='ocrx_word' id='word_1_36' title='bbox 1200 1768 1365 1848; x_wconf 88' lang='lat' dir='ltr'>Cassello</span> <span class='ocrx_word' id='word_1_37' title='bbox 1388 1769 1603 1873; x_wconf 74' lang='lat' dir='ltr'><strong>reportavit.</strong></span> 
     </span>
    </p>
   </div>
   <div class='ocr_carea' id='block_1_3' title="bbox 722 1356 784 1397">
    <p class='ocr_par' dir='ltr' id='par_1_3' title="bbox 722 1356 784 1397">
     <span class='ocr_line' id='line_1_7' title="bbox 722 1356 784 1397; baseline 0 -1"><span class='ocrx_word' id='word_1_38' title='bbox 722 1356 784 1397; x_wconf 67' lang='grc'><strong>1809.</strong></span> 
     </span>
    </p>
   </div>
   <div class='ocr_carea' id='block_1_4' title="bbox 881 2032 2312 4634">
    <p class='ocr_par' dir='ltr' id='par_1_4' title="bbox 881 2032 2312 4374">
     <span class='ocr_line' id='line_1_8' title="bbox 941 2032 2312 2145; baseline 0.003 -33"><span class='ocrx_word' id='word_1_39' title='bbox 941 2037 1030 2113; x_wconf 85' lang='lat' dir='ltr'>XLI.</span> <span class='ocrx_word' id='word_1_40' title='bbox 1063 2035 1144 2113; x_wconf 75' lang='lat' dir='ltr'>lite</span> <span class='ocrx_word' id='word_1_41' title='bbox 1164 2051 1265 2113; x_wconf 85' lang='lat' dir='ltr'>mota</span> <span class='ocrx_word' id='word_1_42' title='bbox 1282 2062 1404 2111; x_wconf 88' lang='lat' dir='ltr'>coram</span> <span class='ocrx_word' id='word_1_43' title='bbox 1421 2032 1613 2139; x_wconf 89' lang='lat' dir='ltr'>preposito</span> <span class='ocrx_word' id='word_1_44' title='bbox 1627 2032 1824 2110; x_wconf 85' lang='lat' dir='ltr'>Parisiensi</span> <span class='ocrx_word' id='word_1_45' title='bbox 1842 2034 1942 2111; x_wconf 87' lang='lat' dir='ltr'>inter</span> <span class='ocrx_word' id='word_1_46' title='bbox 1961 2033 2123 2113; x_wconf 79' lang='lat' dir='ltr'>Aalidim</span> <span class='ocrx_word' id='word_1_47' title='bbox 2139 2039 2312 2145; x_wconf 83' lang='lat' dir='ltr'>llegrate·</span> 
     </span>
     <span class='ocr_line' id='line_1_9' title="bbox 885 2162 2306 2275; baseline 0.002 -32"><span class='ocrx_word' id='word_1_48' title='bbox 885 2168 995 2256; x_wconf 89' lang='lat' dir='ltr'>riam,</span> <span class='ocrx_word' id='word_1_49' title='bbox 1023 2194 1067 2244; x_wconf 80' lang='lat' dir='ltr'>ex</span> <span class='ocrx_word' id='word_1_50' title='bbox 1089 2194 1163 2243; x_wconf 88' lang='lat' dir='ltr'>una</span> <span class='ocrx_word' id='word_1_51' title='bbox 1186 2182 1308 2272; x_wconf 82' lang='lat' dir='ltr'>parte,</span> <span class='ocrx_word' id='word_1_52' title='bbox 1332 2182 1370 2241; x_wconf 85' lang='lat' dir='ltr'>et</span> <span class='ocrx_word' id='word_1_53' title='bbox 1389 2163 1640 2243; x_wconf 89' lang='lat' dir='ltr'>Guillelmum</span> <span class='ocrx_word' id='word_1_54' title='bbox 1665 2164 1713 2241; x_wconf 87' lang='lat' dir='ltr'>de</span> <span class='ocrx_word' id='word_1_55' title='bbox 1738 2162 1900 2272; x_wconf 82' lang='lat' dir='ltr'>Plexeyo</span> <span class='ocrx_word' id='word_1_56' title='bbox 1925 2182 1962 2243; x_wconf 86' lang='lat' dir='ltr'>et</span> <span class='ocrx_word' id='word_1_57' title='bbox 1986 2167 2067 2274; x_wconf 87' lang='lat' dir='ltr'>ejus</span> <span class='ocrx_word' id='word_1_58' title='bbox 2084 2169 2306 2275; x_wconf 81' lang='lat' dir='ltr'>gerandum,</span> 
     </span>
     <span class='ocr_line' id='line_1_10' title="bbox 887 2294 2309 2408; baseline -0.006 -32"><span class='ocrx_word' id='word_1_59' title='bbox 887 2328 929 2376; x_wconf 84' lang='lat' dir='ltr'>ex</span> <span class='ocrx_word' id='word_1_60' title='bbox 944 2299 1073 2389; x_wconf 90' lang='lat' dir='ltr'>altera,</span> <span class='ocrx_word' id='word_1_61' title='bbox 1092 2296 1205 2405; x_wconf 83' lang='lat' dir='ltr'>super</span> <span class='ocrx_word' id='word_1_62' title='bbox 1219 2298 1354 2375; x_wconf 42' lang='lat' dir='ltr'>wsaisina</span> <span class='ocrx_word' id='word_1_63' title='bbox 1374 2294 1570 2402; x_wconf 88' lang='lat' dir='ltr'>cujusdam</span> <span class='ocrx_word' id='word_1_64' title='bbox 1588 2295 1726 2374; x_wconf 90' lang='lat' dir='ltr'>domus</span> <span class='ocrx_word' id='word_1_65' title='bbox 1746 2325 1821 2403; x_wconf 91' lang='lat' dir='ltr'>que</span> <span class='ocrx_word' id='word_1_66' title='bbox 1837 2313 1989 2375; x_wconf 86' lang='lat' dir='ltr'>vocatur</span> <span class='ocrx_word' id='word_1_67' title='bbox 2007 2298 2144 2376; x_wconf 90' lang='lat' dir='ltr'>domus</span> <span class='ocrx_word' id='word_1_68' title='bbox 2162 2299 2208 2376; x_wconf 90' lang='lat' dir='ltr'>ad</span> <span class='ocrx_word' id='word_1_69' title='bbox 2223 2299 2309 2408; x_wconf 77' lang='lat' dir='ltr'>cig.</span> 
     </span>
     <span class='ocr_line' id='line_1_11' title="bbox 885 2426 2306 2537; baseline 0 -29"><span class='ocrx_word' id='word_1_70' title='bbox 885 2460 977 2508; x_wconf 89' lang='lat' dir='ltr'>nnm</span> <span class='ocrx_word' id='word_1_71' title='bbox 995 2448 1034 2508; x_wconf 88' lang='lat' dir='ltr'>et</span> <span class='ocrx_word' id='word_1_72' title='bbox 1052 2431 1253 2517; x_wconf 85' lang='lat' dir='ltr'>Pavonem,</span> <span class='ocrx_word' id='word_1_73' title='bbox 1274 2428 1345 2505; x_wconf 89' lang='lat' dir='ltr'>site</span> <span class='ocrx_word' id='word_1_74' title='bbox 1366 2428 1407 2504; x_wconf 92' lang='lat' dir='ltr'>in</span> <span class='ocrx_word' id='word_1_75' title='bbox 1420 2428 1501 2504; x_wconf 92' lang='lat' dir='ltr'>vico</span> <span class='ocrx_word' id='word_1_76' title='bbox 1517 2426 1566 2504; x_wconf 89' lang='lat' dir='ltr'>de</span> <span class='ocrx_word' id='word_1_77' title='bbox 1587 2426 1623 2502; x_wconf 90' lang='lat' dir='ltr'>la</span> <span class='ocrx_word' id='word_1_78' title='bbox 1642 2428 1781 2533; x_wconf 84' lang='lat' dir='ltr'>Harpe,</span> <span class='ocrx_word' id='word_1_79' title='bbox 1804 2427 1995 2537; x_wconf 82' lang='lat' dir='ltr'>contigue,</span> <span class='ocrx_word' id='word_1_80' title='bbox 2015 2458 2059 2506; x_wconf 81' lang='lat' dir='ltr'>ex</span> <span class='ocrx_word' id='word_1_81' title='bbox 2079 2457 2157 2507; x_wconf 90' lang='lat' dir='ltr'>uno</span> <span class='ocrx_word' id='word_1_82' title='bbox 2174 2431 2306 2520; x_wconf 84' lang='lat' dir='ltr'>latere,</span> 
     </span>
     <span class='ocr_line' id='line_1_12' title="bbox 886 2556 2307 2669; baseline -0.003 -28"><span class='ocrx_word' id='word_1_83' title='bbox 886 2564 1016 2641; x_wconf 87' lang='lat' dir='ltr'>domui</span> <span class='ocrx_word' id='word_1_84' title='bbox 1031 2556 1205 2669; x_wconf 60' lang='lat' dir='ltr'>Sy&#39;monis</span> <span class='ocrx_word' id='word_1_85' title='bbox 1220 2560 1268 2637; x_wconf 92' lang='lat' dir='ltr'>de</span> <span class='ocrx_word' id='word_1_86' title='bbox 1287 2558 1494 2666; x_wconf 84' lang='lat' dir='ltr'>Magduno‚</span> <span class='ocrx_word' id='word_1_87' title='bbox 1513 2576 1566 2645; x_wconf 87' lang='lat' dir='ltr'>et,</span> <span class='ocrx_word' id='word_1_88' title='bbox 1584 2586 1628 2636; x_wconf 81' lang='lat' dir='ltr'>ex</span> <span class='ocrx_word' id='word_1_89' title='bbox 1646 2558 1719 2637; x_wconf 93' lang='lat' dir='ltr'>alio</span> <span class='ocrx_word' id='word_1_90' title='bbox 1735 2557 1867 2649; x_wconf 81' lang='lat' dir='ltr'>latere,</span> <span class='ocrx_word' id='word_1_91' title='bbox 1887 2560 2133 2639; x_wconf 82' lang='lat' dir='ltr'>domuiPetri</span> <span class='ocrx_word' id='word_1_92' title='bbox 2149 2560 2307 2651; x_wconf 89' lang='lat' dir='ltr'>Olearii,</span> 
     </span>
     <span class='ocr_line' id='line_1_13' title="bbox 885 2670 2309 2799; baseline -0.002 -27"><span class='ocrx_word' id='word_1_93' title='bbox 885 2720 1056 2799; x_wconf 87' lang='lat' dir='ltr'>supereo</span> <span class='ocrx_word' id='word_1_94' title='bbox 1070 2690 1339 2799; x_wconf 85' lang='lat' dir='ltr'>quoddicebat</span> <span class='ocrx_word' id='word_1_95' title='bbox 1354 2688 1452 2767; x_wconf 87' lang='lat' dir='ltr'>dicta</span> <span class='ocrx_word' id='word_1_96' title='bbox 1467 2670 1611 2766; x_wconf 77' lang='lat' dir='ltr'>dalidis</span> <span class='ocrx_word' id='word_1_97' title='bbox 1624 2720 1664 2766; x_wconf 89' lang='lat' dir='ltr'>se</span> <span class='ocrx_word' id='word_1_98' title='bbox 1680 2718 1761 2768; x_wconf 88' lang='lat' dir='ltr'>esse</span> <span class='ocrx_word' id='word_1_99' title='bbox 1777 2707 1816 2768; x_wconf 87' lang='lat' dir='ltr'>et</span> <span class='ocrx_word' id='word_1_100' title='bbox 1827 2690 1941 2769; x_wconf 79' lang='lat' dir='ltr'>luisse</span> <span class='ocrx_word' id='word_1_101' title='bbox 1955 2692 1995 2767; x_wconf 90' lang='lat' dir='ltr'>in</span> <span class='ocrx_word' id='word_1_102' title='bbox 2010 2692 2144 2769; x_wconf 81' lang='lat' dir='ltr'>saisina</span> <span class='ocrx_word' id='word_1_103' title='bbox 2159 2692 2309 2799; x_wconf 82' lang='lat' dir='ltr'>pacifica</span> 
     </span>
     <span class='ocr_line' id='line_1_14' title="bbox 886 2820 2310 2929; baseline -0.001 -28"><span class='ocrx_word' id='word_1_104' title='bbox 886 2824 984 2901; x_wconf 85' lang='lat' dir='ltr'>dicte</span> <span class='ocrx_word' id='word_1_105' title='bbox 997 2824 1152 2910; x_wconf 70' lang='lat' dir='ltr'>domus,</span> <span class='ocrx_word' id='word_1_106' title='bbox 1165 2840 1336 2928; x_wconf 82' lang='lat' dir='ltr'>tempore</span> <span class='ocrx_word' id='word_1_107' title='bbox 1349 2850 1427 2928; x_wconf 90' lang='lat' dir='ltr'>qno</span> <span class='ocrx_word' id='word_1_108' title='bbox 1439 2820 1628 2899; x_wconf 86' lang='lat' dir='ltr'>Robertus</span> <span class='ocrx_word' id='word_1_109' title='bbox 1638 2821 2310 2929; x_wconf 83' lang='lat' dir='ltr'>llenardi,aquodictusGuillelmus</span> 
     </span>
     <span class='ocr_line' id='line_1_15' title="bbox 886 2946 2311 3060; baseline -0.001 -28"><span class='ocrx_word' id='word_1_110' title='bbox 886 2956 933 3033; x_wconf 93' lang='lat' dir='ltr'>de</span> <span class='ocrx_word' id='word_1_111' title='bbox 952 2955 1112 3060; x_wconf 81' lang='lat' dir='ltr'>Plexeyo</span> <span class='ocrx_word' id='word_1_112' title='bbox 1129 2952 1278 3032; x_wconf 81' lang='lat' dir='ltr'>dicebat</span> <span class='ocrx_word' id='word_1_113' title='bbox 1293 2980 1332 3029; x_wconf 86' lang='lat' dir='ltr'>se</span> <span class='ocrx_word' id='word_1_114' title='bbox 1347 2946 1487 3029; x_wconf 83' lang='lat' dir='ltr'>habere</span> <span class='ocrx_word' id='word_1_115' title='bbox 1508 2980 1658 3030; x_wconf 86' lang='lat' dir='ltr'>causam</span> <span class='ocrx_word' id='word_1_116' title='bbox 1671 2953 1710 3028; x_wconf 90' lang='lat' dir='ltr'>in</span> <span class='ocrx_word' id='word_1_117' title='bbox 1722 2953 1821 3029; x_wconf 86' lang='lat' dir='ltr'>dicta</span> <span class='ocrx_word' id='word_1_118' title='bbox 1834 2953 1988 3045; x_wconf 81' lang='lat' dir='ltr'>saisina,</span> <span class='ocrx_word' id='word_1_119' title='bbox 2005 2952 2203 3059; x_wconf 82' lang='lat' dir='ltr'>impedivit</span> <span class='ocrx_word' id='word_1_120' title='bbox 2217 2980 2311 3031; x_wconf 79' lang='lat' dir='ltr'>earn</span> 
     </span>
     <span class='ocr_line' id='line_1_16' title="bbox 885 3084 2311 3193; baseline -0.001 -30"><span class='ocrx_word' id='word_1_121' title='bbox 885 3086 991 3178; x_wconf 85' lang='lat' dir='ltr'>dem;</span> <span class='ocrx_word' id='word_1_122' title='bbox 1015 3087 1116 3164; x_wconf 85' lang='lat' dir='ltr'>dicto</span> <span class='ocrx_word' id='word_1_123' title='bbox 1137 3085 1345 3165; x_wconf 89' lang='lat' dir='ltr'>Guillelmo</span> <span class='ocrx_word' id='word_1_124' title='bbox 1371 3085 1418 3161; x_wconf 89' lang='lat' dir='ltr'>de</span> <span class='ocrx_word' id='word_1_125' title='bbox 1439 3085 1599 3193; x_wconf 83' lang='lat' dir='ltr'>Plexeyo</span> <span class='ocrx_word' id='word_1_126' title='bbox 1624 3085 1664 3160; x_wconf 90' lang='lat' dir='ltr'>in</span> <span class='ocrx_word' id='word_1_127' title='bbox 1688 3086 1918 3162; x_wconf 89' lang='lat' dir='ltr'>contrarium</span> <span class='ocrx_word' id='word_1_128' title='bbox 1940 3084 2088 3163; x_wconf 85' lang='lat' dir='ltr'>dicente</span> <span class='ocrx_word' id='word_1_129' title='bbox 2107 3085 2213 3191; x_wconf 85' lang='lat' dir='ltr'>quod</span> <span class='ocrx_word' id='word_1_130' title='bbox 2232 3086 2311 3193; x_wconf 86' lang='lat' dir='ltr'>ipse</span> 
     </span>
     <span class='ocr_line' id='line_1_17' title="bbox 886 3214 2309 3324; baseline -0.001 -29"><span class='ocrx_word' id='word_1_131' title='bbox 886 3234 924 3295; x_wconf 89' lang='lat' dir='ltr'>et</span> <span class='ocrx_word' id='word_1_132' title='bbox 944 3217 1000 3293; x_wconf 90' lang='lat' dir='ltr'>illi</span> <span class='ocrx_word' id='word_1_133' title='bbox 1026 3247 1047 3294; x_wconf 89' lang='lat' dir='ltr'>a</span> <span class='ocrx_word' id='word_1_134' title='bbox 1067 3216 1206 3324; x_wconf 86' lang='lat' dir='ltr'>quibus</span> <span class='ocrx_word' id='word_1_135' title='bbox 1228 3216 1307 3322; x_wconf 88' lang='lat' dir='ltr'>ipse</span> <span class='ocrx_word' id='word_1_136' title='bbox 1329 3214 1444 3292; x_wconf 89' lang='lat' dir='ltr'>babet</span> <span class='ocrx_word' id='word_1_137' title='bbox 1465 3243 1630 3306; x_wconf 90' lang='lat' dir='ltr'>causam,</span> <span class='ocrx_word' id='word_1_138' title='bbox 1655 3231 1761 3293; x_wconf 85' lang='lat' dir='ltr'>erant</span> <span class='ocrx_word' id='word_1_139' title='bbox 1780 3232 1820 3292; x_wconf 87' lang='lat' dir='ltr'>ct</span> <span class='ocrx_word' id='word_1_140' title='bbox 1840 3214 1987 3293; x_wconf 84' lang='lat' dir='ltr'>fuerant</span> <span class='ocrx_word' id='word_1_141' title='bbox 2005 3217 2043 3291; x_wconf 94' lang='lat' dir='ltr'>in</span> <span class='ocrx_word' id='word_1_142' title='bbox 2061 3215 2195 3293; x_wconf 84' lang='lat' dir='ltr'>saisina</span> <span class='ocrx_word' id='word_1_143' title='bbox 2211 3215 2309 3293; x_wconf 84' lang='lat' dir='ltr'>dicte</span> 
     </span>
     <span class='ocr_line' id='line_1_18' title="bbox 886 3345 2307 3454; baseline -0.001 -30"><span class='ocrx_word' id='word_1_144' title='bbox 886 3348 1023 3425; x_wconf 86' lang='lat' dir='ltr'>domus</span> <span class='ocrx_word' id='word_1_145' title='bbox 1032 3346 1183 3453; x_wconf 83' lang='lat' dir='ltr'>pacifica</span> <span class='ocrx_word' id='word_1_146' title='bbox 1197 3363 1234 3423; x_wconf 85' lang='lat' dir='ltr'>et</span> <span class='ocrx_word' id='word_1_147' title='bbox 1241 3347 1345 3454; x_wconf 86' lang='lat' dir='ltr'>justo</span> <span class='ocrx_word' id='word_1_148' title='bbox 1355 3345 1741 3452; x_wconf 79' lang='lat' dir='ltr'>titulo,erplectando</span> <span class='ocrx_word' id='word_1_149' title='bbox 1753 3346 1932 3437; x_wconf 69' lang='lat' dir='ltr'>eandem,</span> <span class='ocrx_word' id='word_1_150' title='bbox 1947 3346 2070 3434; x_wconf 83' lang='lat' dir='ltr'>dictus</span> <span class='ocrx_word' id='word_1_151' title='bbox 2078 3345 2307 3451; x_wconf 86' lang='lat' dir='ltr'>prepositus,</span> 
     </span>
     <span class='ocr_line' id='line_1_19' title="bbox 886 3476 2308 3585; baseline -0.002 -29"><span class='ocrx_word' id='word_1_152' title='bbox 886 3478 1024 3557; x_wconf 90' lang='lat' dir='ltr'>auditis</span> <span class='ocrx_word' id='word_1_153' title='bbox 1039 3477 1225 3584; x_wconf 88' lang='lat' dir='ltr'>partibus,</span> <span class='ocrx_word' id='word_1_154' title='bbox 1242 3506 1311 3585; x_wconf 90' lang='lat' dir='ltr'>per</span> <span class='ocrx_word' id='word_1_155' title='bbox 1318 3477 1530 3585; x_wconf 83' lang='lat' dir='ltr'>judicatum</span> <span class='ocrx_word' id='word_1_156' title='bbox 1543 3506 1671 3566; x_wconf 90' lang='lat' dir='ltr'>suum,</span> <span class='ocrx_word' id='word_1_157' title='bbox 1689 3477 1861 3555; x_wconf 87' lang='lat' dir='ltr'>saisinam</span> <span class='ocrx_word' id='word_1_158' title='bbox 1876 3477 1976 3555; x_wconf 87' lang='lat' dir='ltr'>dicte</span> <span class='ocrx_word' id='word_1_159' title='bbox 1991 3476 2128 3556; x_wconf 90' lang='lat' dir='ltr'>domus</span> <span class='ocrx_word' id='word_1_160' title='bbox 2139 3476 2308 3582; x_wconf 85' lang='lat' dir='ltr'>predicto</span> 
     </span>
     <span class='ocr_line' id='line_1_20' title="bbox 887 3605 2308 3717; baseline -0.001 -32"><span class='ocrx_word' id='word_1_161' title='bbox 887 3607 1091 3709; x_wconf 85' lang='lat' dir='ltr'>Guillelmo</span> <span class='ocrx_word' id='word_1_162' title='bbox 1112 3608 1352 3716; x_wconf 86' lang='lat' dir='ltr'>adjudicavit,</span> <span class='ocrx_word' id='word_1_163' title='bbox 1376 3609 1576 3717; x_wconf 82' lang='lat' dir='ltr'>questione</span> <span class='ocrx_word' id='word_1_164' title='bbox 1595 3608 1830 3715; x_wconf 86' lang='lat' dir='ltr'>proprietatis</span> <span class='ocrx_word' id='word_1_165' title='bbox 1854 3608 1955 3685; x_wconf 83' lang='lat' dir='ltr'>dicte</span> <span class='ocrx_word' id='word_1_166' title='bbox 1983 3608 2121 3685; x_wconf 89' lang='lat' dir='ltr'>domus</span> <span class='ocrx_word' id='word_1_167' title='bbox 2139 3605 2308 3715; x_wconf 85' lang='lat' dir='ltr'>predicte</span> 
     </span>
     <span class='ocr_line' id='line_1_21' title="bbox 886 3726 2310 3848; baseline -0.001 -31"><span class='ocrx_word' id='word_1_168' title='bbox 886 3738 1008 3817; x_wconf 78' lang='lat' dir='ltr'>elalidi</span> <span class='ocrx_word' id='word_1_169' title='bbox 1031 3758 1230 3831; x_wconf 78' lang='lat' dir='ltr'>reservata3</span> <span class='ocrx_word' id='word_1_170' title='bbox 1253 3769 1273 3816; x_wconf 91' lang='lat' dir='ltr'>a</span> <span class='ocrx_word' id='word_1_171' title='bbox 1293 3768 1370 3847; x_wconf 92' lang='lat' dir='ltr'>quo</span> <span class='ocrx_word' id='word_1_172' title='bbox 1385 3726 1572 3848; x_wconf 88' lang='lat' dir='ltr'>judicato,</span> <span class='ocrx_word' id='word_1_173' title='bbox 1594 3754 1774 3846; x_wconf 83' lang='lat' dir='ltr'>tanquam</span> <span class='ocrx_word' id='word_1_174' title='bbox 1798 3738 1891 3817; x_wconf 85' lang='lat' dir='ltr'>lalso</span> <span class='ocrx_word' id='word_1_175' title='bbox 1911 3756 1949 3816; x_wconf 93' lang='lat' dir='ltr'>et</span> <span class='ocrx_word' id='word_1_176' title='bbox 1970 3767 2100 3845; x_wconf 83' lang='lat' dir='ltr'>pravo,</span> <span class='ocrx_word' id='word_1_177' title='bbox 2123 3738 2220 3815; x_wconf 88' lang='lat' dir='ltr'>dicta</span> <span class='ocrx_word' id='word_1_178' title='bbox 2239 3738 2310 3815; x_wconf 77' lang='lat' dir='ltr'>Aa·</span> 
     </span>
     <span class='ocr_line' id='line_1_22' title="bbox 885 3868 2308 3977; baseline -0.002 -29"><span class='ocrx_word' id='word_1_179' title='bbox 885 3870 973 3951; x_wconf 72' lang='lat' dir='ltr'>lidia</span> <span class='ocrx_word' id='word_1_180' title='bbox 998 3872 1046 3949; x_wconf 93' lang='lat' dir='ltr'>ad</span> <span class='ocrx_word' id='word_1_181' title='bbox 1070 3886 1237 3950; x_wconf 89' lang='lat' dir='ltr'>nostram</span> <span class='ocrx_word' id='word_1_182' title='bbox 1261 3872 1404 3949; x_wconf 88' lang='lat' dir='ltr'>curiam</span> <span class='ocrx_word' id='word_1_183' title='bbox 1429 3870 1653 3977; x_wconf 86' lang='lat' dir='ltr'>appellavit:</span> <span class='ocrx_word' id='word_1_184' title='bbox 1673 3871 1762 3952; x_wconf 89' lang='lat' dir='ltr'>Viso</span> <span class='ocrx_word' id='word_1_185' title='bbox 1786 3870 1901 3977; x_wconf 85' lang='lat' dir='ltr'>igitur</span> <span class='ocrx_word' id='word_1_186' title='bbox 1920 3896 2097 3977; x_wconf 90' lang='lat' dir='ltr'>processu</span> <span class='ocrx_word' id='word_1_187' title='bbox 2121 3868 2308 3976; x_wconf 86' lang='lat' dir='ltr'>predicto,</span> 
     </span>
     <span class='ocr_line' id='line_1_23' title="bbox 886 3998 2308 4112; baseline -0.003 -33"><span class='ocrx_word' id='word_1_188' title='bbox 886 4032 953 4109; x_wconf 88' lang='lat' dir='ltr'>per</span> <span class='ocrx_word' id='word_1_189' title='bbox 978 4003 1081 4079; x_wconf 87' lang='lat' dir='ltr'>curie</span> <span class='ocrx_word' id='word_1_190' title='bbox 1101 4022 1227 4081; x_wconf 86' lang='lat' dir='ltr'>nostre</span> <span class='ocrx_word' id='word_1_191' title='bbox 1243 4003 1431 4112; x_wconf 84' lang='lat' dir='ltr'>judicium</span> <span class='ocrx_word' id='word_1_192' title='bbox 1455 4004 1598 4106; x_wconf 86' lang='lat' dir='ltr'>dictum</span> <span class='ocrx_word' id='word_1_193' title='bbox 1626 4000 1698 4078; x_wconf 88' lang='lat' dir='ltr'>luit</span> <span class='ocrx_word' id='word_1_194' title='bbox 1724 4000 1939 4107; x_wconf 90' lang='lat' dir='ltr'>predictum</span> <span class='ocrx_word' id='word_1_195' title='bbox 1960 3999 2192 4107; x_wconf 88' lang='lat' dir='ltr'>prepositum</span> <span class='ocrx_word' id='word_1_196' title='bbox 2211 3998 2308 4075; x_wconf 85' lang='lat' dir='ltr'>bene</span> 
     </span>
     <span class='ocr_line' id='line_1_24' title="bbox 881 4130 2309 4240; baseline -0.001 -31"><span class='ocrx_word' id='word_1_197' title='bbox 881 4132 1069 4239; x_wconf 86' lang='lat' dir='ltr'>judicasse</span> <span class='ocrx_word' id='word_1_198' title='bbox 1087 4152 1125 4212; x_wconf 88' lang='lat' dir='ltr'>et</span> <span class='ocrx_word' id='word_1_199' title='bbox 1139 4136 1278 4215; x_wconf 88' lang='lat' dir='ltr'>dictam</span> <span class='ocrx_word' id='word_1_200' title='bbox 1291 4134 1454 4213; x_wconf 86' lang='lat' dir='ltr'>Aalidim</span> <span class='ocrx_word' id='word_1_201' title='bbox 1472 4134 1570 4211; x_wconf 88' lang='lat' dir='ltr'>male</span> <span class='ocrx_word' id='word_1_202' title='bbox 1586 4132 1807 4240; x_wconf 85' lang='lat' dir='ltr'>appellasse,</span> <span class='ocrx_word' id='word_1_203' title='bbox 1824 4149 1863 4211; x_wconf 92' lang='lat' dir='ltr'>et</span> <span class='ocrx_word' id='word_1_204' title='bbox 1874 4132 1986 4238; x_wconf 88' lang='lat' dir='ltr'>-quod</span> <span class='ocrx_word' id='word_1_205' title='bbox 2000 4133 2081 4239; x_wconf 89' lang='lat' dir='ltr'>ipsa</span> <span class='ocrx_word' id='word_1_206' title='bbox 2098 4130 2172 4209; x_wconf 92' lang='lat' dir='ltr'>hoc</span> <span class='ocrx_word' id='word_1_207' title='bbox 2187 4156 2309 4208; x_wconf 54' lang='lat' dir='ltr'>emen*</span> 
     </span>
     <span class='ocr_line' id='line_1_25' title="bbox 887 4261 2138 4374; baseline -0.001 -36"><span class='ocrx_word' id='word_1_208' title='bbox 887 4261 1005 4352; x_wconf 88' lang='lat' dir='ltr'>dabit,</span> <span class='ocrx_word' id='word_1_209' title='bbox 1028 4280 1067 4341; x_wconf 92' lang='lat' dir='ltr'>et</span> <span class='ocrx_word' id='word_1_210' title='bbox 1084 4266 1188 4371; x_wconf 89' lang='lat' dir='ltr'>quod</span> <span class='ocrx_word' id='word_1_211' title='bbox 1203 4266 1347 4343; x_wconf 89' lang='lat' dir='ltr'>dictum</span> <span class='ocrx_word' id='word_1_212' title='bbox 1358 4265 1573 4374; x_wconf 86' lang='lat' dir='ltr'>judicatum</span> <span class='ocrx_word' id='word_1_213' title='bbox 1593 4264 1836 4343; x_wconf 87' lang='lat' dir='ltr'>mandabitur</span> <span class='ocrx_word' id='word_1_214' title='bbox 1853 4261 2082 4341; x_wconf 83' lang='lat' dir='ltr'>execncioni.</span> <span class='ocrx_word' id='word_1_215' title='bbox 2135 4368 2138 4371; x_wconf 8' lang='grc' dir='ltr'><em>Δ</em></span> 
     </span>
    </p>

    <p class='ocr_par' dir='ltr' id='par_1_5' title="bbox 942 4394 1460 4502">
     <span class='ocr_line' id='line_1_26' title="bbox 942 4394 1460 4502; baseline 0.004 -31"><span class='ocrx_word' id='word_1_216' title='bbox 942 4394 1071 4473; x_wconf 78' lang='lat' dir='ltr'>Martis</span> <span class='ocrx_word' id='word_1_217' title='bbox 1089 4414 1174 4502; x_wconf 88' lang='lat' dir='ltr'>post</span> <span class='ocrx_word' id='word_1_218' title='bbox 1193 4397 1460 4477; x_wconf 82' lang='lat' dir='ltr'>Reminiscere.</span> 
     </span>
    </p>

    <p class='ocr_par' dir='ltr' id='par_1_6' title="bbox 939 4524 1648 4634">
     <span class='ocr_line' id='line_1_27' title="bbox 939 4524 1648 4634; baseline 0 -31"><span class='ocrx_word' id='word_1_219' title='bbox 939 4524 1110 4607; x_wconf 86' lang='lat' dir='ltr'>Decanus</span> <span class='ocrx_word' id='word_1_220' title='bbox 1129 4525 1178 4605; x_wconf 91' lang='lat' dir='ltr'>de</span> <span class='ocrx_word' id='word_1_221' title='bbox 1197 4527 1359 4609; x_wconf 88' lang='lat' dir='ltr'>Cassello</span> <span class='ocrx_word' id='word_1_222' title='bbox 1377 4528 1590 4634; x_wconf 77' lang='lat' dir='ltr'>reportavit,</span> <span class='ocrx_word' id='word_1_223' title='bbox 1644 4536 1648 4541; x_wconf 84' lang='grc'><strong>’</strong></span> 
     </span>
    </p>
   </div>
   <div class='ocr_carea' id='block_1_5' title="bbox 867 4788 2336 5428">
    <p class='ocr_par' dir='ltr' id='par_1_7' title="bbox 867 4788 2336 5428">
     <span class='ocr_line' id='line_1_28' title="bbox 938 4788 2336 4901; baseline -0.003 -34"><span class='ocrx_word' id='word_1_224' title='bbox 938 4790 1046 4869; x_wconf 89' lang='lat' dir='ltr'><strong>XLII.</strong></span> <span class='ocrx_word' id='word_1_225' title='bbox 1077 4791 1135 4870; x_wconf 89' lang='lat' dir='ltr'>De</span> <span class='ocrx_word' id='word_1_226' title='bbox 1160 4792 1298 4872; x_wconf 87' lang='lat' dir='ltr'>debato</span> <span class='ocrx_word' id='word_1_227' title='bbox 1318 4793 1421 4901; x_wconf 90' lang='lat' dir='ltr'>quod</span> <span class='ocrx_word' id='word_1_228' title='bbox 1442 4794 1482 4871; x_wconf 94' lang='lat' dir='ltr'>in</span> <span class='ocrx_word' id='word_1_229' title='bbox 1502 4822 1612 4872; x_wconf 87' lang='lat' dir='ltr'>causa</span> <span class='ocrx_word' id='word_1_230' title='bbox 1632 4791 1896 4899; x_wconf 90' lang='lat' dir='ltr'>appellacionis</span> <span class='ocrx_word' id='word_1_231' title='bbox 1911 4808 1989 4867; x_wconf 86' lang='lat' dir='ltr'>erat</span> <span class='ocrx_word' id='word_1_232' title='bbox 2006 4789 2104 4867; x_wconf 86' lang='lat' dir='ltr'>inter</span> <span class='ocrx_word' id='word_1_233' title='bbox 2119 4788 2307 4865; x_wconf 87' lang='lat' dir='ltr'>Tbomam</span> <span class='ocrx_word' id='word_1_234' title='bbox 2332 4890 2336 4896; x_wconf 17' lang='grc' dir='ltr'><strong><em>ι</em></strong></span> 
     </span>
     <span class='ocr_line' id='line_1_29' title="bbox 884 4920 2311 5031; baseline -0.001 -35"><span class='ocrx_word' id='word_1_235' title='bbox 884 4920 1052 5010; x_wconf 86' lang='lat' dir='ltr'>Dariani,</span> <span class='ocrx_word' id='word_1_236' title='bbox 1084 4922 1149 5029; x_wconf 89' lang='lat' dir='ltr'>qui</span> <span class='ocrx_word' id='word_1_237' title='bbox 1180 4924 1428 5031; x_wconf 83' lang='lat' dir='ltr'>appellaverat</span> <span class='ocrx_word' id='word_1_238' title='bbox 1455 4956 1478 5003; x_wconf 89' lang='lat' dir='ltr'>a</span> <span class='ocrx_word' id='word_1_239' title='bbox 1505 4926 1613 5003; x_wconf 89' lang='lat' dir='ltr'>curia</span> <span class='ocrx_word' id='word_1_240' title='bbox 1641 4922 1801 5002; x_wconf 89' lang='lat' dir='ltr'>seculari</span> <span class='ocrx_word' id='word_1_241' title='bbox 1832 4922 1997 5030; x_wconf 86' lang='lat' dir='ltr'>episcopi</span> <span class='ocrx_word' id='word_1_242' title='bbox 2023 4921 2229 5000; x_wconf 86' lang='lat' dir='ltr'>Leonensis</span> <span class='ocrx_word' id='word_1_243' title='bbox 2257 4920 2311 4996; x_wconf 89' lang='lat' dir='ltr'>ad</span> 
     </span>
     <span class='ocr_line' id='line_1_30' title="bbox 885 5049 2310 5163; baseline 0.001 -36"><span class='ocrx_word' id='word_1_244' title='bbox 885 5049 1083 5129; x_wconf 85' lang='lat' dir='ltr'>dominum</span> <span class='ocrx_word' id='word_1_245' title='bbox 1104 5054 1261 5160; x_wconf 84' lang='lat' dir='ltr'>Regem,</span> <span class='ocrx_word' id='word_1_246' title='bbox 1286 5085 1329 5133; x_wconf 85' lang='lat' dir='ltr'>ex</span> <span class='ocrx_word' id='word_1_247' title='bbox 1356 5085 1433 5135; x_wconf 88' lang='lat' dir='ltr'>una</span> <span class='ocrx_word' id='word_1_248' title='bbox 1455 5074 1578 5163; x_wconf 87' lang='lat' dir='ltr'>parte,</span> <span class='ocrx_word' id='word_1_249' title='bbox 1602 5073 1643 5133; x_wconf 91' lang='lat' dir='ltr'>et</span> <span class='ocrx_word' id='word_1_250' title='bbox 1666 5056 1833 5133; x_wconf 91' lang='lat' dir='ltr'>Yvouem</span> <span class='ocrx_word' id='word_1_251' title='bbox 1862 5055 2021 5135; x_wconf 86' lang='lat' dir='ltr'>Parvum</span> <span class='ocrx_word' id='word_1_252' title='bbox 2050 5069 2090 5129; x_wconf 85' lang='lat' dir='ltr'>et</span> <span class='ocrx_word' id='word_1_253' title='bbox 2114 5052 2196 5161; x_wconf 81' lang='lat' dir='ltr'>ejus</span> <span class='ocrx_word' id='word_1_254' title='bbox 2217 5079 2310 5128; x_wconf 85' lang='lat' dir='ltr'>uxo-</span> 
     </span>
     <span class='ocr_line' id='line_1_31' title="bbox 884 5182 2310 5293; baseline 0 -34"><span class='ocrx_word' id='word_1_255' title='bbox 884 5209 983 5274; x_wconf 88' lang='lat' dir='ltr'>rem,</span> <span class='ocrx_word' id='word_1_256' title='bbox 1005 5211 1172 5261; x_wconf 87' lang='lat' dir='ltr'>sororem</span> <span class='ocrx_word' id='word_1_257' title='bbox 1193 5183 1283 5261; x_wconf 85' lang='lat' dir='ltr'>dicti</span> <span class='ocrx_word' id='word_1_258' title='bbox 1300 5187 1466 5281; x_wconf 91' lang='lat' dir='ltr'>Tbome,</span> <span class='ocrx_word' id='word_1_259' title='bbox 1489 5217 1533 5266; x_wconf 83' lang='lat' dir='ltr'>ex</span> <span class='ocrx_word' id='word_1_260' title='bbox 1552 5187 1685 5277; x_wconf 86' lang='lat' dir='ltr'>altera,</span> <span class='ocrx_word' id='word_1_261' title='bbox 1703 5215 1817 5293; x_wconf 90' lang='lat' dir='ltr'>super</span> <span class='ocrx_word' id='word_1_262' title='bbox 1837 5214 1883 5264; x_wconf 89' lang='lat' dir='ltr'>eo</span> <span class='ocrx_word' id='word_1_263' title='bbox 1903 5184 2007 5292; x_wconf 90' lang='lat' dir='ltr'>quod</span> <span class='ocrx_word' id='word_1_264' title='bbox 2023 5182 2113 5261; x_wconf 91' lang='lat' dir='ltr'>dicti</span> <span class='ocrx_word' id='word_1_265' title='bbox 2132 5183 2310 5292; x_wconf 82' lang='lat' dir='ltr'>conjuges</span> 
     </span>
     <span class='ocr_line' id='line_1_32' title="bbox 867 5312 2308 5428; baseline -0.003 -36"><span class='ocrx_word' id='word_1_266' title='bbox 867 5312 1061 5422; x_wconf 88' lang='lat' dir='ltr'>petebant</span> <span class='ocrx_word' id='word_1_267' title='bbox 1076 5344 1097 5391; x_wconf 92' lang='lat' dir='ltr'>a</span> <span class='ocrx_word' id='word_1_268' title='bbox 1117 5314 1218 5395; x_wconf 90' lang='lat' dir='ltr'>dicto</span> <span class='ocrx_word' id='word_1_269' title='bbox 1234 5316 1444 5424; x_wconf 84' lang='lat' dir='ltr'>appellante</span> <span class='ocrx_word' id='word_1_270' title='bbox 1459 5336 1631 5428; x_wconf 84' lang='lat' dir='ltr'>quartam</span> <span class='ocrx_word' id='word_1_271' title='bbox 1646 5336 1792 5426; x_wconf 87' lang='lat' dir='ltr'>partem</span> <span class='ocrx_word' id='word_1_272' title='bbox 1809 5319 1848 5393; x_wconf 91' lang='lat' dir='ltr'>in</span> <span class='ocrx_word' id='word_1_273' title='bbox 1868 5334 1969 5395; x_wconf 88' lang='lat' dir='ltr'>terra</span> <span class='ocrx_word' id='word_1_274' title='bbox 1987 5313 2158 5422; x_wconf 80' lang='lat' dir='ltr'>portabili</span> <span class='ocrx_word' id='word_1_275' title='bbox 2171 5313 2308 5421; x_wconf 80' lang='lat' dir='ltr'>quoad</span> 
     </span>
    </p>
   </div>
   <div class='ocr_carea' id='block_1_6' title="bbox 882 5442 2309 5557">
    <p class='ocr_par' dir='ltr' id='par_1_8' title="bbox 882 5442 2309 5557">
     <span class='ocr_line' id='line_1_33' title="bbox 882 5442 2309 5557; baseline -0.006 -31"><span class='ocrx_word' id='word_1_276' title='bbox 882 5444 982 5551; x_wconf 88' lang='lat' dir='ltr'>ipsos</span> <span class='ocrx_word' id='word_1_277' title='bbox 993 5444 1178 5557; x_wconf 84' lang='lat' dir='ltr'>conjuges</span> <span class='ocrx_word' id='word_1_278' title='bbox 1196 5464 1232 5527; x_wconf 90' lang='lat' dir='ltr'>et</span> <span class='ocrx_word' id='word_1_279' title='bbox 1245 5448 1448 5542; x_wconf 86' lang='lat' dir='ltr'>Thomam,</span> <span class='ocrx_word' id='word_1_280' title='bbox 1461 5469 1505 5527; x_wconf 88' lang='lat' dir='ltr'>ut</span> <span class='ocrx_word' id='word_1_281' title='bbox 1519 5450 1669 5539; x_wconf 85' lang='lat' dir='ltr'>dicitur,</span> <span class='ocrx_word' id='word_1_282' title='bbox 1688 5447 1915 5556; x_wconf 85' lang='lat' dir='ltr'>pertinebat,</span> <span class='ocrx_word' id='word_1_283' title='bbox 1933 5474 1976 5523; x_wconf 82' lang='lat' dir='ltr'>ex</span> <span class='ocrx_word' id='word_1_284' title='bbox 1991 5444 2226 5523; x_wconf 89' lang='lat' dir='ltr'>successione</span> <span class='ocrx_word' id='word_1_285' title='bbox 2241 5442 2309 5521; x_wconf 91' lang='lat' dir='ltr'>de·</span> 
     </span>
    </p>
   </div>
   <div class='ocr_carea' id='block_1_7' title="bbox 0 0 2917 7284">
    <p class='ocr_par' dir='ltr' id='par_1_9' title="bbox 0 0 2917 7284">
     <span class='ocr_line' id='line_1_34' title="bbox 0 0 2917 7284; baseline 0 0"><span class='ocrx_word' id='word_1_286' title='bbox 0 0 2917 7284; x_wconf 95' lang='lat' dir='ltr'> </span> 
     </span>
    </p>
   </div>
  </div>
 </body>
</html>
