<?xml version="1.0" encoding="UTF-8"?>
<!DOCTYPE html PUBLIC "-//W3C//DTD XHTML 1.0 Transitional//EN"
    "http://www.w3.org/TR/xhtml1/DTD/xhtml1-transitional.dtd">
<html xmlns="http://www.w3.org/1999/xhtml" xml:lang="en" lang="en">
 <head>
  <title>
</title>
<meta http-equiv="Content-Type" content="text/html;charset=utf-8" />
  <meta name='ocr-system' content='tesseract 3.04.00' />
  <meta name='ocr-capabilities' content='ocr_page ocr_carea ocr_par ocr_line ocrx_word'/>
</head>
<body>
  <div class='ocr_page' id='page_1' title='image "./lesolimouregist00pargoog_0623.png"; bbox 0 0 5817 7292; ppageno 0'>
   <div class='ocr_carea' id='block_1_1' title="bbox 998 1081 2003 1195">
    <p class='ocr_par' dir='ltr' id='par_1_1' title="bbox 998 1081 2003 1195">
     <span class='ocr_line' id='line_1_1' title="bbox 998 1081 2003 1195; baseline 0.002 -17"><span class='ocrx_word' id='word_1_1' title='bbox 998 1081 1263 1195; x_wconf 77' lang='lat' dir='ltr'><strong>suousrss</strong></span> <span class='ocrx_word' id='word_1_2' title='bbox 1289 1104 1353 1178; x_wconf 82' lang='lat' dir='ltr'><strong>nr</strong></span> <span class='ocrx_word' id='word_1_3' title='bbox 1378 1090 1583 1181; x_wconf 73' lang='lat' dir='ltr'><strong>esoces.</strong></span> <span class='ocrx_word' id='word_1_4' title='bbox 1929 1113 2003 1184; x_wconf 81' lang='lat' dir='ltr'><strong>sm</strong></span> 
     </span>
    </p>
   </div>
   <div class='ocr_carea' id='block_1_2' title="bbox 570 1245 2228 3934">
    <p class='ocr_par' dir='ltr' id='par_1_2' title="bbox 578 1245 2228 1878">
     <span class='ocr_line' id='line_1_2' title="bbox 578 1245 2228 1354; baseline 0.002 -33"><span class='ocrx_word' id='word_1_5' title='bbox 578 1263 734 1354; x_wconf 80' lang='lat' dir='ltr'><strong>propter</strong></span> <span class='ocrx_word' id='word_1_6' title='bbox 748 1245 925 1323; x_wconf 85' lang='lat' dir='ltr'><strong>timorem</strong></span> <span class='ocrx_word' id='word_1_7' title='bbox 945 1246 1099 1354; x_wconf 86' lang='lat' dir='ltr'><strong>illerum</strong></span> <span class='ocrx_word' id='word_1_8' title='bbox 1120 1245 1334 1354; x_wconf 84' lang='lat' dir='ltr'><strong>firgancium</strong></span> <span class='ocrx_word' id='word_1_9' title='bbox 1352 1247 1526 1336; x_wconf 81' lang='lat' dir='ltr'><strong>eosdem,</strong></span> <span class='ocrx_word' id='word_1_10' title='bbox 1548 1246 1636 1323; x_wconf 88' lang='lat' dir='ltr'><strong>licet</strong></span> <span class='ocrx_word' id='word_1_11' title='bbox 1650 1247 1845 1352; x_wconf 86' lang='lat' dir='ltr'><strong>episeopus</strong></span> <span class='ocrx_word' id='word_1_12' title='bbox 1860 1249 2004 1326; x_wconf 85' lang='lat' dir='ltr'><strong>Ruthe-</strong></span> <span class='ocrx_word' id='word_1_13' title='bbox 2042 1261 2173 1329; x_wconf 68' lang='lat' dir='ltr'><strong>Pensm</strong></span> <span class='ocrx_word' id='word_1_14' title='bbox 2185 1262 2228 1324; x_wconf 80' lang='lat' dir='ltr'><strong>tv,</strong></span> 
     </span>
     <span class='ocr_line' id='line_1_3' title="bbox 578 1359 2167 1486; baseline 0.003 -30"><span class='ocrx_word' id='word_1_15' title='bbox 578 1377 727 1466; x_wconf 75' lang='lat' dir='ltr'><strong>nensis,</strong></span> <span class='ocrx_word' id='word_1_16' title='bbox 744 1405 912 1456; x_wconf 88' lang='lat' dir='ltr'><strong>assereus</strong></span> <span class='ocrx_word' id='word_1_17' title='bbox 925 1378 1189 1486; x_wconf 83' lang='lat' dir='ltr'><strong>cognicionem</strong></span> <span class='ocrx_word' id='word_1_18' title='bbox 1209 1378 1467 1482; x_wconf 86' lang='lat' dir='ltr'><strong>predictorum</strong></span> <span class='ocrx_word' id='word_1_19' title='bbox 1493 1377 1603 1455; x_wconf 83' lang='lat' dir='ltr'><strong>adse</strong></span> <span class='ocrx_word' id='word_1_20' title='bbox 1625 1379 1834 1483; x_wconf 85' lang='lat' dir='ltr'><strong>pertinere,</strong></span> <span class='ocrx_word' id='word_1_21' title='bbox 1858 1398 2006 1485; x_wconf 89' lang='lat' dir='ltr'><strong>peteret</strong></span> <span class='ocrx_word' id='word_1_22' title='bbox 2105 1359 2167 1402; x_wconf 62' lang='lat'>&#39;⁵¹⁰&#39;</span> 
     </span>
     <span class='ocr_line' id='line_1_4' title="bbox 579 1507 2006 1617; baseline 0.001 -33"><span class='ocrx_word' id='word_1_23' title='bbox 579 1508 750 1585; x_wconf 87' lang='lat' dir='ltr'><strong>eamdem</strong></span> <span class='ocrx_word' id='word_1_24' title='bbox 783 1507 863 1586; x_wconf 88' lang='lat' dir='ltr'><strong>sibi&#39;</strong></span> <span class='ocrx_word' id='word_1_25' title='bbox 883 1510 1023 1587; x_wconf 81' lang='lat' dir='ltr'><strong>remitti</strong></span> <span class='ocrx_word' id='word_1_26' title='bbox 1048 1533 1117 1616; x_wconf 90' lang='lat' dir='ltr'><strong>per</strong></span> <span class='ocrx_word' id='word_1_27' title='bbox 1144 1509 1393 1586; x_wconf 80' lang='lat' dir='ltr'><strong>senescallum</strong></span> <span class='ocrx_word' id='word_1_28' title='bbox 1417 1509 1675 1601; x_wconf 68' lang='lat' dir='ltr'><strong>antedictum</strong></span> <span class='ocrx_word' id='word_1_29' title='bbox 1701 1537 1724 1586; x_wconf 88' lang='lat' dir='ltr'><strong>a</strong></span> <span class='ocrx_word' id='word_1_30' title='bbox 1747 1509 1887 1617; x_wconf 89' lang='lat' dir='ltr'><strong>quibus</strong></span> <span class='ocrx_word' id='word_1_31' title='bbox 1915 1538 2006 1588; x_wconf 89' lang='lat' dir='ltr'><strong>con·</strong></span> 
     </span>
     <span class='ocr_line' id='line_1_5' title="bbox 579 1617 2005 1746; baseline 0.004 -33"><span class='ocrx_word' id='word_1_32' title='bbox 579 1617 852 1744; x_wconf 81' lang='lat' dir='ltr'><strong>dempnacioue</strong></span> <span class='ocrx_word' id='word_1_33' title='bbox 879 1657 918 1716; x_wconf 88' lang='lat' dir='ltr'><strong>et</strong></span> <span class='ocrx_word' id='word_1_34' title='bbox 939 1641 1159 1718; x_wconf 80' lang='lat' dir='ltr'><strong>remissione</strong></span> <span class='ocrx_word' id='word_1_35' title='bbox 1184 1667 1262 1718; x_wconf 92' lang='lat' dir='ltr'><strong>non</strong></span> <span class='ocrx_word' id='word_1_36' title='bbox 1285 1640 1392 1717; x_wconf 82' lang='lat' dir='ltr'><strong>sactis</strong></span> <span class='ocrx_word' id='word_1_37' title='bbox 1415 1668 1486 1746; x_wconf 85' lang='lat' dir='ltr'><strong>per</strong></span> <span class='ocrx_word' id='word_1_38' title='bbox 1507 1657 1790 1745; x_wconf 85' lang='lat' dir='ltr'><strong>procuratorem</strong></span> <span class='ocrx_word' id='word_1_39' title='bbox 1815 1641 2005 1720; x_wconf 88' lang='lat' dir='ltr'><strong>dictorum</strong></span> 
     </span>
     <span class='ocr_line' id='line_1_6' title="bbox 578 1765 2005 1878; baseline 0.004 -35"><span class='ocrx_word' id='word_1_40' title='bbox 578 1765 776 1846; x_wconf 90' lang='lat' dir='ltr'><strong>hominum</strong></span> <span class='ocrx_word' id='word_1_41' title='bbox 803 1784 841 1846; x_wconf 85' lang='lat' dir='ltr'><strong>ct</strong></span> <span class='ocrx_word' id='word_1_42' title='bbox 867 1769 957 1848; x_wconf 88' lang='lat' dir='ltr'><strong>dicti</strong></span> <span class='ocrx_word' id='word_1_43' title='bbox 982 1771 1163 1876; x_wconf 89' lang='lat' dir='ltr'><strong>episcopi,</strong></span> <span class='ocrx_word' id='word_1_44' title='bbox 1192 1772 1231 1849; x_wconf 90' lang='lat' dir='ltr'><strong>in</strong></span> <span class='ocrx_word' id='word_1_45' title='bbox 1252 1789 1438 1878; x_wconf 91' lang='lat' dir='ltr'><strong>quantum</strong></span> <span class='ocrx_word' id='word_1_46' title='bbox 1464 1771 1676 1876; x_wconf 88' lang='lat' dir='ltr'><strong>quemlibet</strong></span> <span class='ocrx_word' id='word_1_47' title='bbox 1696 1772 1836 1877; x_wconf 81' lang='lat' dir='ltr'><strong>tangit,</strong></span> <span class='ocrx_word' id='word_1_48' title='bbox 1859 1771 1933 1849; x_wconf 83' lang='lat' dir='ltr'><strong>fuit</strong></span> <span class='ocrx_word' id='word_1_49' title='bbox 1956 1773 2005 1849; x_wconf 82' lang='lat' dir='ltr'><strong>ad</strong></span> 
     </span>
    </p>

    <p class='ocr_par' dir='ltr' id='par_1_3' title="bbox 577 1899 2006 2138">
     <span class='ocr_line' id='line_1_7' title="bbox 578 1899 2005 2008; baseline 0.004 -35"><span class='ocrx_word' id='word_1_50' title='bbox 578 1915 742 1976; x_wconf 88' lang='lat' dir='ltr'><strong>nostram</strong></span> <span class='ocrx_word' id='word_1_51' title='bbox 762 1899 903 1976; x_wconf 83' lang='lat' dir='ltr'><strong>curium</strong></span> <span class='ocrx_word' id='word_1_52' title='bbox 929 1899 1188 2006; x_wconf 83' lang='lat' dir='ltr'><strong>appellatum:</strong></span> <span class='ocrx_word' id='word_1_53' title='bbox 1213 1903 1311 1981; x_wconf 89' lang='lat' dir='ltr'><strong>Visis</strong></span> <span class='ocrx_word' id='word_1_54' title='bbox 1334 1903 1508 2008; x_wconf 87' lang='lat' dir='ltr'><strong>inquesta</strong></span> <span class='ocrx_word' id='word_1_55' title='bbox 1536 1901 1731 2006; x_wconf 81' lang='lat' dir='ltr'><strong>principali</strong></span> <span class='ocrx_word' id='word_1_56' title='bbox 1756 1929 1870 2006; x_wconf 90' lang='lat' dir='ltr'><strong>super</strong></span> <span class='ocrx_word' id='word_1_57' title='bbox 1897 1902 2005 1980; x_wconf 90' lang='lat' dir='ltr'><strong>dictis</strong></span> 
     </span>
     <span class='ocr_line' id='line_1_8' title="bbox 577 2011 2006 2138; baseline 0.003 -33"><span class='ocrx_word' id='word_1_58' title='bbox 577 2030 787 2106; x_wconf 81' lang='lat' dir='ltr'><strong>excessibus</strong></span> <span class='ocrx_word' id='word_1_59' title='bbox 812 2029 929 2120; x_wconf 81' lang='lat' dir='ltr'><strong>fecte,</strong></span> <span class='ocrx_word' id='word_1_60' title='bbox 958 2048 995 2107; x_wconf 85' lang='lat' dir='ltr'><strong>et</strong></span> <span class='ocrx_word' id='word_1_61' title='bbox 1024 2011 1258 2136; x_wconf 84' lang='lat' dir='ltr'><strong>processibus</strong></span> <span class='ocrx_word' id='word_1_62' title='bbox 1286 2061 1395 2108; x_wconf 83' lang='lat' dir='ltr'><strong>cause</strong></span> <span class='ocrx_word' id='word_1_63' title='bbox 1425 2031 1693 2138; x_wconf 86' lang='lat' dir='ltr'><strong>appellacionis</strong></span> <span class='ocrx_word' id='word_1_64' title='bbox 1720 2032 1908 2137; x_wconf 80' lang='lat' dir='ltr'><strong>predicte,</strong></span> <span class='ocrx_word' id='word_1_65' title='bbox 1936 2061 2006 2138; x_wconf 90' lang='lat' dir='ltr'><strong>per</strong></span> 
     </span>
    </p>

    <p class='ocr_par' dir='ltr' id='par_1_4' title="bbox 576 2160 2005 2271">
     <span class='ocr_line' id='line_1_9' title="bbox 576 2160 2005 2271; baseline 0.004 -37"><span class='ocrx_word' id='word_1_66' title='bbox 576 2160 679 2234; x_wconf 87' lang='lat' dir='ltr'><strong>curie</strong></span> <span class='ocrx_word' id='word_1_67' title='bbox 701 2177 828 2236; x_wconf 88' lang='lat' dir='ltr'><strong>nostre</strong></span> <span class='ocrx_word' id='word_1_68' title='bbox 843 2161 1049 2267; x_wconf 89' lang='lat' dir='ltr'><strong>judicium,</strong></span> <span class='ocrx_word' id='word_1_69' title='bbox 1076 2162 1220 2239; x_wconf 86' lang='lat' dir='ltr'><strong>dictum</strong></span> <span class='ocrx_word' id='word_1_70' title='bbox 1246 2162 1318 2239; x_wconf 86' lang='lat' dir='ltr'><strong>fuit</strong></span> <span class='ocrx_word' id='word_1_71' title='bbox 1339 2161 1483 2239; x_wconf 91' lang='lat' dir='ltr'><strong>dictum</strong></span> <span class='ocrx_word' id='word_1_72' title='bbox 1508 2163 1758 2240; x_wconf 83' lang='lat' dir='ltr'><strong>senescallum</strong></span> <span class='ocrx_word' id='word_1_73' title='bbox 1780 2163 1878 2240; x_wconf 93' lang='lat' dir='ltr'><strong>bene</strong></span> <span class='ocrx_word' id='word_1_74' title='bbox 1900 2164 2005 2271; x_wconf 88' lang='lat' dir='ltr'><strong>judi-</strong></span> 
     </span>
    </p>

    <p class='ocr_par' dir='ltr' id='par_1_5' title="bbox 575 2288 2006 2524">
     <span class='ocr_line' id='line_1_10' title="bbox 575 2288 2006 2400; baseline 0.006 -36"><span class='ocrx_word' id='word_1_75' title='bbox 575 2315 674 2365; x_wconf 80' lang='lat' dir='ltr'><strong>casse</strong></span> <span class='ocrx_word' id='word_1_76' title='bbox 696 2305 733 2365; x_wconf 87' lang='lat' dir='ltr'><strong>et</strong></span> <span class='ocrx_word' id='word_1_77' title='bbox 758 2290 878 2367; x_wconf 91' lang='lat' dir='ltr'><strong>dictos</strong></span> <span class='ocrx_word' id='word_1_78' title='bbox 904 2288 1135 2395; x_wconf 89' lang='lat' dir='ltr'><strong>appellantes</strong></span> <span class='ocrx_word' id='word_1_79' title='bbox 1159 2292 1257 2371; x_wconf 85' lang='lat' dir='ltr'><strong>male</strong></span> <span class='ocrx_word' id='word_1_80' title='bbox 1277 2291 1502 2399; x_wconf 73' lang='lat' dir='ltr'><strong>appellasse,</strong></span> <span class='ocrx_word' id='word_1_81' title='bbox 1530 2311 1568 2370; x_wconf 91' lang='lat' dir='ltr'><strong>et</strong></span> <span class='ocrx_word' id='word_1_82' title='bbox 1589 2294 1696 2400; x_wconf 92' lang='lat' dir='ltr'><strong>quod</strong></span> <span class='ocrx_word' id='word_1_83' title='bbox 1720 2293 1890 2399; x_wconf 86' lang='lat' dir='ltr'><strong>predicta</strong></span> <span class='ocrx_word' id='word_1_84' title='bbox 1916 2321 2006 2372; x_wconf 87' lang='lat' dir='ltr'><strong>con·</strong></span> 
     </span>
     <span class='ocr_line' id='line_1_11' title="bbox 575 2417 1299 2524; baseline 0.007 -31"><span class='ocrx_word' id='word_1_85' title='bbox 575 2417 795 2524; x_wconf 91' lang='lat' dir='ltr'><strong>dempnacio</strong></span> <span class='ocrx_word' id='word_1_86' title='bbox 813 2420 1055 2497; x_wconf 83' lang='lat' dir='ltr'><strong>mandabitur</strong></span> <span class='ocrx_word' id='word_1_87' title='bbox 1072 2423 1299 2500; x_wconf 82' lang='lat' dir='ltr'><strong>erecucioni.</strong></span> 
     </span>
    </p>

    <p class='ocr_par' dir='ltr' id='par_1_6' title="bbox 570 2549 2086 3832">
     <span class='ocr_line' id='line_1_12' title="bbox 630 2549 2003 2658; baseline 0.007 -35"><span class='ocrx_word' id='word_1_88' title='bbox 630 2549 739 2637; x_wconf 90' lang='lat' dir='ltr'><strong>Item,</strong></span> <span class='ocrx_word' id='word_1_89' title='bbox 763 2577 850 2626; x_wconf 90' lang='lat' dir='ltr'><strong>cum</strong></span> <span class='ocrx_word' id='word_1_90' title='bbox 868 2551 1078 2626; x_wconf 86' lang='lat' dir='ltr'><strong>inveniatur</strong></span> <span class='ocrx_word' id='word_1_91' title='bbox 1092 2551 1131 2624; x_wconf 94' lang='lat' dir='ltr'><strong>in</strong></span> <span class='ocrx_word' id='word_1_92' title='bbox 1148 2551 1655 2658; x_wconf 80' lang='lat' dir='ltr'><strong>sentenciapredictaquod,</strong></span> <span class='ocrx_word' id='word_1_93' title='bbox 1669 2553 1864 2656; x_wconf 87' lang='lat' dir='ltr'><strong>predictis</strong></span> <span class='ocrx_word' id='word_1_94' title='bbox 1882 2582 2003 2632; x_wconf 83' lang='lat' dir='ltr'><strong>exces-</strong></span> 
     </span>
     <span class='ocr_line' id='line_1_13' title="bbox 574 2675 2003 2784; baseline 0.007 -31"><span class='ocrx_word' id='word_1_95' title='bbox 574 2675 694 2767; x_wconf 86' lang='lat' dir='ltr'><strong>sibus,</strong></span> <span class='ocrx_word' id='word_1_96' title='bbox 715 2679 941 2756; x_wconf 89' lang='lat' dir='ltr'><strong>senescallus</strong></span> <span class='ocrx_word' id='word_1_97' title='bbox 959 2679 1152 2784; x_wconf 92' lang='lat' dir='ltr'><strong>predictus</strong></span> <span class='ocrx_word' id='word_1_98' title='bbox 1167 2681 1401 2757; x_wconf 86' lang='lat' dir='ltr'><strong>Bernardum</strong></span> <span class='ocrx_word' id='word_1_99' title='bbox 1415 2680 1596 2758; x_wconf 85' lang='lat' dir='ltr'><strong>Bonisacii</strong></span> <span class='ocrx_word' id='word_1_100' title='bbox 1614 2682 1759 2759; x_wconf 89' lang='lat' dir='ltr'><strong>dictum</strong></span> <span class='ocrx_word' id='word_1_101' title='bbox 1775 2685 1947 2775; x_wconf 85' lang='lat' dir='ltr'><strong>Massata,</strong></span> <span class='ocrx_word' id='word_1_102' title='bbox 1966 2705 2003 2763; x_wconf 90' lang='lat' dir='ltr'><strong>et</strong></span> 
     </span>
     <span class='ocr_line' id='line_1_14' title="bbox 574 2804 2002 2916; baseline 0.006 -34"><span class='ocrx_word' id='word_1_103' title='bbox 574 2804 823 2884; x_wconf 88' lang='lat' dir='ltr'><strong>Guillelmum</strong></span> <span class='ocrx_word' id='word_1_104' title='bbox 838 2809 962 2898; x_wconf 82' lang='lat' dir='ltr'><strong>Biuur,</strong></span> <span class='ocrx_word' id='word_1_105' title='bbox 974 2809 1014 2885; x_wconf 93' lang='lat' dir='ltr'><strong>in</strong></span> <span class='ocrx_word' id='word_1_106' title='bbox 1029 2811 1140 2886; x_wconf 86' lang='lat' dir='ltr'><strong>certis</strong></span> <span class='ocrx_word' id='word_1_107' title='bbox 1154 2810 1328 2898; x_wconf 89' lang='lat' dir='ltr'><strong>summis,</strong></span> <span class='ocrx_word' id='word_1_108' title='bbox 1343 2837 1412 2914; x_wconf 90' lang='lat' dir='ltr'><strong>pro</strong></span> <span class='ocrx_word' id='word_1_109' title='bbox 1427 2810 1603 2899; x_wconf 90' lang='lat' dir='ltr'><strong>emenda,</strong></span> <span class='ocrx_word' id='word_1_110' title='bbox 1619 2811 1920 2916; x_wconf 86' lang='lat' dir='ltr'><strong>condempnavit,</strong></span> <span class='ocrx_word' id='word_1_111' title='bbox 1932 2841 2002 2891; x_wconf 88' lang='lat' dir='ltr'><strong>nec</strong></span> 
     </span>
     <span class='ocr_line' id='line_1_15' title="bbox 574 2935 2003 3046; baseline 0.008 -36"><span class='ocrx_word' id='word_1_112' title='bbox 574 2935 786 3015; x_wconf 82' lang='lat' dir='ltr'><strong>inveniatur</strong></span> <span class='ocrx_word' id='word_1_113' title='bbox 804 2939 843 3015; x_wconf 89' lang='lat' dir='ltr'><strong>in</strong></span> <span class='ocrx_word' id='word_1_114' title='bbox 864 2939 1037 3046; x_wconf 87' lang='lat' dir='ltr'><strong>inquesta</strong></span> <span class='ocrx_word' id='word_1_115' title='bbox 1055 2940 1224 3045; x_wconf 87' lang='lat' dir='ltr'><strong>predicta</strong></span> <span class='ocrx_word' id='word_1_116' title='bbox 1242 2940 1347 3046; x_wconf 91' lang='lat' dir='ltr'><strong>quod</strong></span> <span class='ocrx_word' id='word_1_117' title='bbox 1370 2941 1440 3045; x_wconf 88' lang='lat' dir='ltr'><strong>ipsi</strong></span> <span class='ocrx_word' id='word_1_118' title='bbox 1461 2941 1510 3017; x_wconf 88' lang='lat' dir='ltr'><strong>ad</strong></span> <span class='ocrx_word' id='word_1_119' title='bbox 1530 2969 1612 3017; x_wconf 87' lang='lat' dir='ltr'><strong>eam</strong></span> <span class='ocrx_word' id='word_1_120' title='bbox 1633 2941 1843 3019; x_wconf 80' lang='lat' dir='ltr'><strong>faciendam</strong></span> <span class='ocrx_word' id='word_1_121' title='bbox 1861 2941 2003 3022; x_wconf 85' lang='lat' dir='ltr'><strong>luerint</strong></span> 
     </span>
     <span class='ocr_line' id='line_1_16' title="bbox 573 3070 2001 3180; baseline 0.008 -40"><span class='ocrx_word' id='word_1_122' title='bbox 573 3070 708 3160; x_wconf 87' lang='lat' dir='ltr'><strong>vocati,</strong></span> <span class='ocrx_word' id='word_1_123' title='bbox 726 3070 969 3148; x_wconf 87' lang='lat' dir='ltr'><strong>mandabitur</strong></span> <span class='ocrx_word' id='word_1_124' title='bbox 984 3072 1085 3150; x_wconf 89' lang='lat' dir='ltr'><strong>dicto</strong></span> <span class='ocrx_word' id='word_1_125' title='bbox 1106 3071 1308 3150; x_wconf 82' lang='lat' dir='ltr'><strong>senescallo</strong></span> <span class='ocrx_word' id='word_1_126' title='bbox 1325 3071 1445 3176; x_wconf 90' lang='lat' dir='ltr'><strong>quod,</strong></span> <span class='ocrx_word' id='word_1_127' title='bbox 1470 3072 1503 3147; x_wconf 90' lang='lat' dir='ltr'><strong>si</strong></span> <span class='ocrx_word' id='word_1_128' title='bbox 1525 3071 1598 3149; x_wconf 89' lang='lat' dir='ltr'><strong>sibi</strong></span> <span class='ocrx_word' id='word_1_129' title='bbox 1616 3073 1827 3151; x_wconf 86' lang='lat' dir='ltr'><strong>constiterit</strong></span> <span class='ocrx_word' id='word_1_130' title='bbox 1842 3076 1948 3180; x_wconf 90' lang='lat' dir='ltr'><strong>quod</strong></span> <span class='ocrx_word' id='word_1_131' title='bbox 1963 3077 2001 3152; x_wconf 93' lang='lat' dir='ltr'><strong>in</strong></span> 
     </span>
     <span class='ocr_line' id='line_1_17' title="bbox 572 3201 2000 3309; baseline 0.006 -33"><span class='ocrx_word' id='word_1_132' title='bbox 572 3201 740 3304; x_wconf 88' lang='lat' dir='ltr'><strong>predicta</strong></span> <span class='ocrx_word' id='word_1_133' title='bbox 762 3204 935 3309; x_wconf 86' lang='lat' dir='ltr'><strong>inquesta</strong></span> <span class='ocrx_word' id='word_1_134' title='bbox 959 3203 1100 3281; x_wconf 84' lang='lat' dir='ltr'><strong>fuerint</strong></span> <span class='ocrx_word' id='word_1_135' title='bbox 1123 3205 1259 3294; x_wconf 88' lang='lat' dir='ltr'><strong>vocati,</strong></span> <span class='ocrx_word' id='word_1_136' title='bbox 1284 3201 1487 3309; x_wconf 89' lang='lat' dir='ltr'><strong>compellat</strong></span> <span class='ocrx_word' id='word_1_137' title='bbox 1511 3231 1577 3280; x_wconf 92' lang='lat' dir='ltr'><strong>eos</strong></span> <span class='ocrx_word' id='word_1_138' title='bbox 1596 3205 1645 3281; x_wconf 89' lang='lat' dir='ltr'><strong>ad</strong></span> <span class='ocrx_word' id='word_1_139' title='bbox 1663 3205 1888 3282; x_wconf 87' lang='lat' dir='ltr'><strong>solvendum</strong></span> <span class='ocrx_word' id='word_1_140' title='bbox 1912 3235 2000 3285; x_wconf 90' lang='lat' dir='ltr'><strong>con·</strong></span> 
     </span>
     <span class='ocr_line' id='line_1_18' title="bbox 573 3331 2000 3443; baseline 0.005 -36"><span class='ocrx_word' id='word_1_141' title='bbox 573 3331 886 3438; x_wconf 87' lang='lat' dir='ltr'><strong>dempnacionem</strong></span> <span class='ocrx_word' id='word_1_142' title='bbox 901 3355 970 3440; x_wconf 83' lang='lat' dir='ltr'><strong>per</strong></span> <span class='ocrx_word' id='word_1_143' title='bbox 983 3333 1120 3410; x_wconf 88' lang='lat' dir='ltr'><strong>dictam</strong></span> <span class='ocrx_word' id='word_1_144' title='bbox 1139 3333 1368 3412; x_wconf 88' lang='lat' dir='ltr'><strong>sentenciam</strong></span> <span class='ocrx_word' id='word_1_145' title='bbox 1389 3333 1550 3438; x_wconf 82' lang='lat' dir='ltr'><strong>positam</strong></span> <span class='ocrx_word' id='word_1_146' title='bbox 1569 3363 1681 3440; x_wconf 88' lang='lat' dir='ltr'><strong>supra</strong></span> <span class='ocrx_word' id='word_1_147' title='bbox 1695 3335 1814 3441; x_wconf 89' lang='lat' dir='ltr'><strong>ipsos,</strong></span> <span class='ocrx_word' id='word_1_148' title='bbox 1832 3337 2000 3443; x_wconf 87' lang='lat' dir='ltr'><strong>alioquin</strong></span> 
     </span>
     <span class='ocr_line' id='line_1_19' title="bbox 571 3463 2000 3573; baseline 0.004 -37"><span class='ocrx_word' id='word_1_149' title='bbox 571 3478 700 3540; x_wconf 88' lang='lat' dir='ltr'><strong>contra</strong></span> <span class='ocrx_word' id='word_1_150' title='bbox 717 3491 781 3541; x_wconf 91' lang='lat' dir='ltr'><strong>eos</strong></span> <span class='ocrx_word' id='word_1_151' title='bbox 806 3482 844 3542; x_wconf 89' lang='lat' dir='ltr'><strong>et</strong></span> <span class='ocrx_word' id='word_1_152' title='bbox 862 3482 992 3542; x_wconf 84' lang='lat' dir='ltr'><strong>contra</strong></span> <span class='ocrx_word' id='word_1_153' title='bbox 1009 3465 1222 3542; x_wconf 79' lang='lat' dir='ltr'><strong>lobannem</strong></span> <span class='ocrx_word' id='word_1_154' title='bbox 1239 3464 1380 3543; x_wconf 90' lang='lat' dir='ltr'><strong>Guheti</strong></span> <span class='ocrx_word' id='word_1_155' title='bbox 1401 3481 1440 3540; x_wconf 91' lang='lat' dir='ltr'><strong>et</strong></span> <span class='ocrx_word' id='word_1_156' title='bbox 1458 3463 1710 3542; x_wconf 90' lang='lat' dir='ltr'><strong>Guillelmum</strong></span> <span class='ocrx_word' id='word_1_157' title='bbox 1727 3463 1910 3572; x_wconf 85' lang='lat' dir='ltr'><strong>Aybrani,</strong></span> <span class='ocrx_word' id='word_1_158' title='bbox 1934 3468 2000 3573; x_wconf 87' lang='lat' dir='ltr'><strong>qui</strong></span> 
     </span>
     <span class='ocr_line' id='line_1_20' title="bbox 570 3594 2086 3704; baseline 0.005 -36"><span class='ocrx_word' id='word_1_159' title='bbox 570 3621 637 3698; x_wconf 90' lang='lat' dir='ltr'><strong>per</strong></span> <span class='ocrx_word' id='word_1_160' title='bbox 656 3595 784 3700; x_wconf 89' lang='lat' dir='ltr'><strong>plures</strong></span> <span class='ocrx_word' id='word_1_161' title='bbox 800 3613 929 3684; x_wconf 90' lang='lat' dir='ltr'><strong>testes,</strong></span> <span class='ocrx_word' id='word_1_162' title='bbox 948 3597 988 3676; x_wconf 90' lang='lat' dir='ltr'><strong>in</strong></span> <span class='ocrx_word' id='word_1_163' title='bbox 1007 3595 1182 3704; x_wconf 84' lang='lat' dir='ltr'><strong>inquesta</strong></span> <span class='ocrx_word' id='word_1_164' title='bbox 1197 3598 1379 3703; x_wconf 88' lang='lat' dir='ltr'><strong>predicta,</strong></span> <span class='ocrx_word' id='word_1_165' title='bbox 1403 3594 1612 3701; x_wconf 85' lang='lat' dir='ltr'><strong>culpabiles</strong></span> <span class='ocrx_word' id='word_1_166' title='bbox 1627 3611 1716 3674; x_wconf 86' lang='lat' dir='ltr'><strong>suut</strong></span> <span class='ocrx_word' id='word_1_167' title='bbox 1735 3598 1891 3702; x_wconf 87' lang='lat' dir='ltr'><strong>reperti,</strong></span> <span class='ocrx_word' id='word_1_168' title='bbox 1910 3597 2001 3702; x_wconf 86' lang='lat' dir='ltr'><strong>ipsis</strong></span> <span class='ocrx_word' id='word_1_169' title='bbox 2082 3609 2086 3616; x_wconf 84' lang='lat'>&#39;</span> 
     </span>
     <span class='ocr_line' id='line_1_21' title="bbox 570 3726 1856 3832; baseline 0.002 -31"><span class='ocrx_word' id='word_1_170' title='bbox 570 3727 725 3814; x_wconf 79' lang='lat' dir='ltr'><strong>vocatis,</strong></span> <span class='ocrx_word' id='word_1_171' title='bbox 742 3727 907 3832; x_wconf 89' lang='lat' dir='ltr'><strong>inquirat</strong></span> <span class='ocrx_word' id='word_1_172' title='bbox 923 3744 961 3803; x_wconf 88' lang='lat' dir='ltr'><strong>et</strong></span> <span class='ocrx_word' id='word_1_173' title='bbox 977 3728 1156 3830; x_wconf 89' lang='lat' dir='ltr'><strong>procedat</strong></span> <span class='ocrx_word' id='word_1_174' title='bbox 1172 3745 1300 3805; x_wconf 85' lang='lat' dir='ltr'><strong>contra</strong></span> <span class='ocrx_word' id='word_1_175' title='bbox 1322 3755 1405 3812; x_wconf 90' lang='lat' dir='ltr'><strong>eos,</strong></span> <span class='ocrx_word' id='word_1_176' title='bbox 1423 3744 1537 3830; x_wconf 90' lang='lat' dir='ltr'><strong>prout</strong></span> <span class='ocrx_word' id='word_1_177' title='bbox 1555 3726 1671 3804; x_wconf 82' lang='lat' dir='ltr'><strong>luerit</strong></span> <span class='ocrx_word' id='word_1_178' title='bbox 1684 3727 1856 3803; x_wconf 85' lang='lat' dir='ltr'><strong>racionis.</strong></span> 
     </span>
    </p>

    <p class='ocr_par' dir='ltr' id='par_1_7' title="bbox 626 3854 1076 3934">
     <span class='ocr_line' id='line_1_22' title="bbox 626 3854 1076 3934; baseline 0.011 -6"><span class='ocrx_word' id='word_1_179' title='bbox 626 3854 726 3930; x_wconf 83' lang='lat' dir='ltr'><strong>lovis</strong></span> <span class='ocrx_word' id='word_1_180' title='bbox 744 3872 829 3932; x_wconf 87' lang='lat' dir='ltr'><strong>ente</strong></span> <span class='ocrx_word' id='word_1_181' title='bbox 845 3856 1076 3934; x_wconf 89' lang='lat' dir='ltr'><strong>Brandones.</strong></span> 
     </span>
    </p>
   </div>
   <div class='ocr_carea' id='block_1_3' title="bbox 568 4116 2002 5539">
    <p class='ocr_par' dir='ltr' id='par_1_8' title="bbox 568 4116 2002 5539">
     <span class='ocr_line' id='line_1_23' title="bbox 625 4116 2000 4198; baseline 0.001 -6"><span class='ocrx_word' id='word_1_182' title='bbox 625 4116 750 4194; x_wconf 86' lang='lat' dir='ltr'><strong>XVlll.</strong></span> <span class='ocrx_word' id='word_1_183' title='bbox 781 4117 879 4195; x_wconf 90' lang='lat' dir='ltr'><strong>Cum</strong></span> <span class='ocrx_word' id='word_1_184' title='bbox 909 4119 1029 4198; x_wconf 86' lang='lat' dir='ltr'><strong>abbas·</strong></span> <span class='ocrx_word' id='word_1_185' title='bbox 1046 4136 1086 4196; x_wconf 87' lang='lat' dir='ltr'><strong>et</strong></span> <span class='ocrx_word' id='word_1_186' title='bbox 1114 4135 1318 4198; x_wconf 78' lang='lat' dir='ltr'><strong>conventus</strong></span> <span class='ocrx_word' id='word_1_187' title='bbox 1344 4117 1690 4198; x_wconf 75' lang='lat' dir='ltr'><strong>Sancte-Genorel&#39;e</strong></span> <span class='ocrx_word' id='word_1_188' title='bbox 1710 4117 1927 4196; x_wconf 89' lang='lat' dir='ltr'><strong>Parisiensis</strong></span> <span class='ocrx_word' id='word_1_189' title='bbox 1952 4119 2000 4196; x_wconf 88' lang='lat' dir='ltr'><strong>de</strong></span> 
     </span>
     <span class='ocr_line' id='line_1_24' title="bbox 570 4225 2001 4356; baseline 0.004 -36"><span class='ocrx_word' id='word_1_190' title='bbox 570 4242 681 4322; x_wconf 88' lang='lat' dir='ltr'><strong>nobis</strong></span> <span class='ocrx_word' id='word_1_191' title='bbox 714 4267 1036 4353; x_wconf 86' lang='lat' dir='ltr'><strong>conquererentur</strong></span> <span class='ocrx_word' id='word_1_192' title='bbox 1060 4225 1259 4353; x_wconf 83' lang='lat' dir='ltr'><strong>supereo,</strong></span> <span class='ocrx_word' id='word_1_193' title='bbox 1289 4267 1334 4326; x_wconf 92' lang='lat' dir='ltr'><strong>ut</strong></span> <span class='ocrx_word' id='word_1_194' title='bbox 1363 4250 1433 4354; x_wconf 92' lang='lat' dir='ltr'><strong>ipsi</strong></span> <span class='ocrx_word' id='word_1_195' title='bbox 1462 4247 1654 4339; x_wconf 85' lang='lat' dir='ltr'><strong>dicebant,</strong></span> <span class='ocrx_word' id='word_1_196' title='bbox 1686 4249 1812 4356; x_wconf 89' lang='lat' dir='ltr'><strong>quod,</strong></span> <span class='ocrx_word' id='word_1_197' title='bbox 1837 4277 1925 4326; x_wconf 90' lang='lat' dir='ltr'><strong>cum</strong></span> <span class='ocrx_word' id='word_1_198' title='bbox 1954 4248 2001 4326; x_wconf 92' lang='lat' dir='ltr'><strong>lis</strong></span> 
     </span>
     <span class='ocr_line' id='line_1_25' title="bbox 568 4376 1999 4486; baseline 0.002 -33"><span class='ocrx_word' id='word_1_199' title='bbox 568 4376 755 4481; x_wconf 84' lang='lat' dir='ltr'><strong>penderet</strong></span> <span class='ocrx_word' id='word_1_200' title='bbox 767 4379 870 4456; x_wconf 88' lang='lat' dir='ltr'><strong>inter</strong></span> <span class='ocrx_word' id='word_1_201' title='bbox 879 4405 965 4468; x_wconf 87' lang='lat' dir='ltr'><strong>nos,</strong></span> <span class='ocrx_word' id='word_1_202' title='bbox 988 4409 1033 4457; x_wconf 81' lang='lat' dir='ltr'><strong>ex</strong></span> <span class='ocrx_word' id='word_1_203' title='bbox 1053 4397 1262 4486; x_wconf 87' lang='lat' dir='ltr'><strong>unaparte,</strong></span> <span class='ocrx_word' id='word_1_204' title='bbox 1279 4399 1316 4459; x_wconf 92' lang='lat' dir='ltr'><strong>et</strong></span> <span class='ocrx_word' id='word_1_205' title='bbox 1330 4381 1476 4458; x_wconf 93' lang='lat' dir='ltr'><strong>dictum</strong></span> <span class='ocrx_word' id='word_1_206' title='bbox 1496 4379 1692 4468; x_wconf 85' lang='lat' dir='ltr'><strong>abbatem,</strong></span> <span class='ocrx_word' id='word_1_207' title='bbox 1711 4380 1902 4466; x_wconf 79' lang='lat' dir='ltr'><strong>exaltem,</strong></span> <span class='ocrx_word' id='word_1_208' title='bbox 1921 4397 1999 4456; x_wconf 87' lang='lat' dir='ltr'><strong>tam</strong></span> 
     </span>
     <span class='ocr_line' id='line_1_26' title="bbox 570 4509 2002 4620; baseline 0.003 -36"><span class='ocrx_word' id='word_1_209' title='bbox 570 4535 683 4612; x_wconf 90' lang='lat' dir='ltr'><strong>super</strong></span> <span class='ocrx_word' id='word_1_210' title='bbox 694 4509 871 4614; x_wconf 86' lang='lat' dir='ltr'><strong>petitorio</strong></span> <span class='ocrx_word' id='word_1_211' title='bbox 883 4539 999 4617; x_wconf 86' lang='lat' dir='ltr'><strong>quam</strong></span> <span class='ocrx_word' id='word_1_212' title='bbox 1014 4513 1261 4618; x_wconf 86' lang='lat' dir='ltr'><strong>possessorio,</strong></span> <span class='ocrx_word' id='word_1_213' title='bbox 1279 4514 1428 4590; x_wconf 86' lang='lat' dir='ltr'><strong>racione</strong></span> <span class='ocrx_word' id='word_1_214' title='bbox 1445 4511 1642 4620; x_wconf 84' lang='lat' dir='ltr'><strong>cujusdam</strong></span> <span class='ocrx_word' id='word_1_215' title='bbox 1658 4509 1796 4589; x_wconf 90' lang='lat' dir='ltr'><strong>domus</strong></span> <span class='ocrx_word' id='word_1_216' title='bbox 1808 4511 1944 4588; x_wconf 84' lang='lat' dir='ltr'><strong>situate</strong></span> <span class='ocrx_word' id='word_1_217' title='bbox 1958 4511 2002 4588; x_wconf 89' lang='lat' dir='ltr'><strong>in</strong></span> 
     </span>
     <span class='ocr_line' id='line_1_27' title="bbox 569 4639 1999 4750; baseline 0.005 -36"><span class='ocrx_word' id='word_1_218' title='bbox 569 4639 648 4717; x_wconf 90' lang='lat' dir='ltr'><strong>vico</strong></span> <span class='ocrx_word' id='word_1_219' title='bbox 662 4641 1011 4720; x_wconf 83' lang='lat' dir='ltr'><strong>·Sancte·Genovele</strong></span> <span class='ocrx_word' id='word_1_220' title='bbox 1028 4644 1214 4748; x_wconf 83' lang='lat' dir='ltr'><strong>predicte,</strong></span> <span class='ocrx_word' id='word_1_221' title='bbox 1237 4673 1313 4750; x_wconf 90' lang='lat' dir='ltr'><strong>que</strong></span> <span class='ocrx_word' id='word_1_222' title='bbox 1336 4645 1408 4720; x_wconf 86' lang='lat' dir='ltr'><strong>suit</strong></span> <span class='ocrx_word' id='word_1_223' title='bbox 1429 4644 1623 4750; x_wconf 86' lang='lat' dir='ltr'><strong>quondam</strong></span> <span class='ocrx_word' id='word_1_224' title='bbox 1644 4641 1812 4720; x_wconf 74' lang='lat' dir='ltr'><strong>defuncti</strong></span> <span class='ocrx_word' id='word_1_225' title='bbox 1830 4642 1929 4720; x_wconf 90' lang='lat' dir='ltr'><strong>Petri</strong></span> <span class='ocrx_word' id='word_1_226' title='bbox 1950 4645 1999 4721; x_wconf 91' lang='lat' dir='ltr'><strong>de</strong></span> 
     </span>
     <span class='ocr_line' id='line_1_28' title="bbox 568 4769 2000 4881; baseline 0.005 -35"><span class='ocrx_word' id='word_1_227' title='bbox 568 4769 701 4861; x_wconf 77' lang='lat' dir='ltr'><strong>bross,</strong></span> <span class='ocrx_word' id='word_1_228' title='bbox 721 4801 847 4849; x_wconf 88' lang='lat' dir='ltr'><strong>coram</strong></span> <span class='ocrx_word' id='word_1_229' title='bbox 862 4775 975 4852; x_wconf 86' lang='lat' dir='ltr'><strong>certis</strong></span> <span class='ocrx_word' id='word_1_230' title='bbox 987 4775 1227 4854; x_wconf 85' lang='lat' dir='ltr'><strong>auditoribus</strong></span> <span class='ocrx_word' id='word_1_231' title='bbox 1243 4804 1357 4881; x_wconf 87' lang='lat' dir='ltr'><strong>super</strong></span> <span class='ocrx_word' id='word_1_232' title='bbox 1368 4775 1443 4852; x_wconf 91' lang='lat' dir='ltr'><strong>hoc</strong></span> <span class='ocrx_word' id='word_1_233' title='bbox 1457 4803 1480 4852; x_wconf 89' lang='lat' dir='ltr'><strong>a</strong></span> <span class='ocrx_word' id='word_1_234' title='bbox 1493 4774 1606 4852; x_wconf 91' lang='lat' dir='ltr'><strong>nobis</strong></span> <span class='ocrx_word' id='word_1_235' title='bbox 1619 4774 1826 4881; x_wconf 76' lang='lat' dir='ltr'><strong>deputetis,</strong></span> <span class='ocrx_word' id='word_1_236' title='bbox 1843 4801 1920 4881; x_wconf 90' lang='lat' dir='ltr'><strong>que</strong></span> <span class='ocrx_word' id='word_1_237' title='bbox 1936 4775 2000 4853; x_wconf 89' lang='lat' dir='ltr'><strong>do-</strong></span> 
     </span>
     <span class='ocr_line' id='line_1_29' title="bbox 570 4889 2000 5011; baseline 0.004 -35"><span class='ocrx_word' id='word_1_238' title='bbox 570 4889 656 4978; x_wconf 88' lang='lat' dir='ltr'><strong>mus</strong></span> <span class='ocrx_word' id='word_1_239' title='bbox 675 4901 799 4979; x_wconf 89' lang='lat' dir='ltr'><strong>suerat</strong></span> <span class='ocrx_word' id='word_1_240' title='bbox 816 4921 854 4980; x_wconf 91' lang='lat' dir='ltr'><strong>ct</strong></span> <span class='ocrx_word' id='word_1_241' title='bbox 873 4922 951 4981; x_wconf 89' lang='lat' dir='ltr'><strong>erat</strong></span> <span class='ocrx_word' id='word_1_242' title='bbox 970 4905 1009 4980; x_wconf 91' lang='lat' dir='ltr'><strong>in</strong></span> <span class='ocrx_word' id='word_1_243' title='bbox 1032 4934 1148 4982; x_wconf 91' lang='lat' dir='ltr'><strong>manu</strong></span> <span class='ocrx_word' id='word_1_244' title='bbox 1172 4909 1297 4984; x_wconf 89' lang='lat' dir='ltr'><strong>nostra</strong></span> <span class='ocrx_word' id='word_1_245' title='bbox 1320 4905 1458 5010; x_wconf 85' lang='lat' dir='ltr'><strong>posite,</strong></span> <span class='ocrx_word' id='word_1_246' title='bbox 1482 4921 1661 5011; x_wconf 84' lang='lat' dir='ltr'><strong>tanquam</strong></span> <span class='ocrx_word' id='word_1_247' title='bbox 1687 4905 1727 4980; x_wconf 94' lang='lat' dir='ltr'><strong>in</strong></span> <span class='ocrx_word' id='word_1_248' title='bbox 1751 4932 1867 4982; x_wconf 88' lang='lat' dir='ltr'><strong>manu</strong></span> <span class='ocrx_word' id='word_1_249' title='bbox 1887 4933 2000 5011; x_wconf 90' lang='lat' dir='ltr'><strong>supc-</strong></span> 
     </span>
     <span class='ocr_line' id='line_1_30' title="bbox 569 5031 1999 5145; baseline 0.007 -41"><span class='ocrx_word' id='word_1_250' title='bbox 569 5031 693 5126; x_wconf 90' lang='lat' dir='ltr'><strong>rioris,</strong></span> <span class='ocrx_word' id='word_1_251' title='bbox 703 5061 774 5111; x_wconf 90' lang='lat' dir='ltr'><strong>nos</strong></span> <span class='ocrx_word' id='word_1_252' title='bbox 784 5034 1056 5115; x_wconf 90' lang='lat' dir='ltr'><strong>nichilominus</strong></span> <span class='ocrx_word' id='word_1_253' title='bbox 1065 5066 1076 5126; x_wconf 92' lang='lat'><strong>,·</strong></span> <span class='ocrx_word' id='word_1_254' title='bbox 1087 5036 1186 5114; x_wconf 85' lang='lat' dir='ltr'><strong>dicta</strong></span> <span class='ocrx_word' id='word_1_255' title='bbox 1196 5037 1261 5114; x_wconf 88' lang='lat' dir='ltr'><strong>lite</strong></span> <span class='ocrx_word' id='word_1_256' title='bbox 1273 5038 1480 5142; x_wconf 77' lang='lat' dir='ltr'><strong>pendente,</strong></span> <span class='ocrx_word' id='word_1_257' title='bbox 1495 5055 1533 5114; x_wconf 87' lang='lat' dir='ltr'><strong>et</strong></span> <span class='ocrx_word' id='word_1_258' title='bbox 1544 5035 1713 5145; x_wconf 89' lang='lat' dir='ltr'><strong>predicte</strong></span> <span class='ocrx_word' id='word_1_259' title='bbox 1725 5065 1862 5114; x_wconf 88' lang='lat' dir='ltr'><strong>manus</strong></span> <span class='ocrx_word' id='word_1_260' title='bbox 1872 5054 1999 5114; x_wconf 88' lang='lat' dir='ltr'><strong>nostre</strong></span> 
     </span>
     <span class='ocr_line' id='line_1_31' title="bbox 569 5163 1998 5268; baseline 0.006 -33"><span class='ocrx_word' id='word_1_261' title='bbox 569 5163 806 5268; x_wconf 77' lang='lat' dir='ltr'><strong>apposicioue</strong></span> <span class='ocrx_word' id='word_1_262' title='bbox 833 5167 1107 5256; x_wconf 84' lang='lat' dir='ltr'><strong>nonobstante,</strong></span> <span class='ocrx_word' id='word_1_263' title='bbox 1141 5169 1282 5246; x_wconf 86' lang='lat' dir='ltr'><strong>dictam</strong></span> <span class='ocrx_word' id='word_1_264' title='bbox 1315 5169 1474 5246; x_wconf 89' lang='lat' dir='ltr'><strong>domum</strong></span> <span class='ocrx_word' id='word_1_265' title='bbox 1499 5168 1722 5246; x_wconf 81' lang='lat' dir='ltr'><strong>donavimus</strong></span> <span class='ocrx_word' id='word_1_266' title='bbox 1752 5185 1790 5246; x_wconf 91' lang='lat' dir='ltr'><strong>et</strong></span> <span class='ocrx_word' id='word_1_267' title='bbox 1815 5168 1998 5248; x_wconf 82' lang='lat' dir='ltr'><strong>concessi-</strong></span> 
     </span>
     <span class='ocr_line' id='line_1_32' title="bbox 570 5295 1998 5406; baseline 0.004 -38"><span class='ocrx_word' id='word_1_268' title='bbox 570 5318 655 5370; x_wconf 85' lang='lat' dir='ltr'><strong>mus</strong></span> <span class='ocrx_word' id='word_1_269' title='bbox 667 5295 781 5400; x_wconf 87' lang='lat' dir='ltr'><strong>priori</strong></span> <span class='ocrx_word' id='word_1_270' title='bbox 800 5313 839 5374; x_wconf 89' lang='lat' dir='ltr'><strong>et</strong></span> <span class='ocrx_word' id='word_1_271' title='bbox 853 5300 1051 5380; x_wconf 86' lang='lat' dir='ltr'><strong>conventui</strong></span> <span class='ocrx_word' id='word_1_272' title='bbox 1069 5299 1178 5378; x_wconf 90' lang='lat' dir='ltr'><strong>beate</strong></span> <span class='ocrx_word' id='word_1_273' title='bbox 1194 5300 1311 5377; x_wconf 82' lang='lat' dir='ltr'><strong>Maris</strong></span> <span class='ocrx_word' id='word_1_274' title='bbox 1328 5299 1377 5378; x_wconf 87' lang='lat' dir='ltr'><strong>de</strong></span> <span class='ocrx_word' id='word_1_275' title='bbox 1389 5297 1595 5387; x_wconf 83' lang='lat' dir='ltr'><strong>Carmello,</strong></span> <span class='ocrx_word' id='word_1_276' title='bbox 1609 5298 1650 5375; x_wconf 88' lang='lat' dir='ltr'><strong>in</strong></span> <span class='ocrx_word' id='word_1_277' title='bbox 1664 5327 1772 5406; x_wconf 80' lang='lat' dir='ltr'><strong>greve</strong></span> <span class='ocrx_word' id='word_1_278' title='bbox 1788 5298 1998 5401; x_wconf 83' lang='lat' dir='ltr'><strong>dampnum</strong></span> 
     </span>
     <span class='ocr_line' id='line_1_33' title="bbox 572 5423 1996 5539; baseline 0 -39"><span class='ocrx_word' id='word_1_279' title='bbox 572 5435 610 5498; x_wconf 87' lang='lat' dir='ltr'><strong>ct</strong></span> <span class='ocrx_word' id='word_1_280' title='bbox 624 5423 875 5529; x_wconf 79' lang='lat' dir='ltr'><strong>prejudicium</strong></span> <span class='ocrx_word' id='word_1_281' title='bbox 894 5429 984 5507; x_wconf 82' lang='lat' dir='ltr'><strong>dicti</strong></span> <span class='ocrx_word' id='word_1_282' title='bbox 1000 5429 1160 5524; x_wconf 82' lang='lat' dir='ltr'><strong>abbatis,</strong></span> <span class='ocrx_word' id='word_1_283' title='bbox 1182 5448 1226 5510; x_wconf 82' lang='lat' dir='ltr'><strong>ut</strong></span> <span class='ocrx_word' id='word_1_284' title='bbox 1241 5430 1408 5522; x_wconf 58' lang='lat' dir='ltr'><strong>diceban</strong></span> <span class='ocrx_word' id='word_1_285' title='bbox 1426 5459 1542 5539; x_wconf 81' lang='lat' dir='ltr'><strong>quem</strong></span> <span class='ocrx_word' id='word_1_286' title='bbox 1563 5456 1697 5508; x_wconf 76' lang='lat' dir='ltr'><strong>mensus</strong></span> <span class='ocrx_word' id='word_1_287' title='bbox 1715 5426 1996 5536; x_wconf 85' lang='lat' dir='ltr'><strong>apposicioncm</strong></span> 
     </span>
    </p>
   </div>
   <div class='ocr_carea' id='block_1_4' title="bbox 0 0 2914 7290">
    <p class='ocr_par' dir='ltr' id='par_1_9' title="bbox 0 0 2914 7290">
     <span class='ocr_line' id='line_1_34' title="bbox 0 0 2914 7290; baseline 0 0"><span class='ocrx_word' id='word_1_288' title='bbox 0 0 2914 7290; x_wconf 95' lang='lat' dir='ltr'><strong> </strong></span> 
     </span>
    </p>
   </div>
  </div>
 </body>
</html>
