5817 7292
882 1090 956 1163 328
1466 1089 1555 1164 LES
1585 1089 1723 1164 OblM.

660 1247 786 1299 enam
797 1243 842 1308 tv,
880 1228 1098 1337 Aymericus
1114 1247 1152 1308 et
1170 1229 1253 1338 ejus
1265 1229 1550 1336 predecessores
1565 1230 1612 1308 ab
1630 1231 1786 1336 antiquo
1802 1245 2078 1308 consueverunt
2090 1232 2298 1338 percipere,

719 1337 780 1378 1308.

880 1360 1152 1438 stenenciariis
1169 1361 1356 1438 dictorum
1371 1389 1605 1450 mansorum,
1622 1377 1743 1438 certos
1755 1360 1927 1437 redditus
1948 1375 1987 1436 et
2004 1358 2140 1448 tallias,
2155 1391 2223 1468 pro
2235 1393 2302 1442 vo-

880 1491 1024 1569 luntate
1043 1491 1161 1598 ipsius
1174 1491 1378 1598 Aymeriei,
1398 1519 1546 1571 necnon
1567 1491 1732 1583 servicia,
1752 1487 1896 1596 expleta
1915 1507 1953 1567 et
1970 1489 2041 1568 alia
2057 1491 2205 1569 devonia
2220 1521 2304 1572 con-

881 1637 1004 1715 sueta,
1020 1639 1058 1699 et
1071 1623 1179 1728 quod
1190 1623 1286 1727 ipse,
1303 1623 1343 1699 in
1356 1620 1465 1698 dictis
1477 1622 1617 1699 mansis
1633 1638 1670 1698 et
1679 1621 1922 1727 pertinenciis
1937 1621 2178 1712 eorumdem,
2193 1625 2255 1702 est'
2263 1624 2301 1702 in

881 1753 1015 1831 saisina
1034 1751 1230 1829 exercendi
1252 1750 1354 1828 solus
1375 1768 1413 1828 et
1426 1749 1654 1841 insolidum,
1676 1751 1723 1828 ab
1744 1751 1901 1858 antiquo
1918 1767 1956 1828 et
1972 1780 1993 1827 a
2011 1767 2114 1829 tanto
2129 1768 2301 1860 tempore

881 1884 988 1988 cujus
1007 1883 1182 1960 contrarii
1202 1881 1385 1959 memoria
1403 1881 1603 1958 hominum
1623 1908 1702 1958 non
1716 1880 1855 1973 existit,
1877 1881 1990 1959 altum
2010 1880 2207 1958 etbassam
2223 1884 2302 1992 jus·

880 2012 1008 2088 ticiam
1027 2028 1066 2090 et
1080 2011 1340 2090 omnimodam
1348 2009 1651 2118 jurisdictionem
1671 2010 1709 2086 in
1728 2008 1851 2088 feodis
1867 2005 1906 2088 et
1922 2009 2147 2089 retrofeodis
2166 2013 2243 2090 suis
2264 2032 2302 2090 et

881 2143 1179 2246 possessionibus
1194 2171 1270 2248 que
1283 2143 1363 2247 ipse
1383 2139 1512 2252 habet,
1533 2157 1685 2216 movent
1700 2156 1739 2216 et
1754 2156 1933 2220 tenentur
1946 2139 2140 2220 abeodem
2160 2143 2199 2219 in
2216 2142 2299 2220 villa

882 2288 920 2349 et
937 2290 1016 2352 tota
1033 2273 1228 2381 parrochia
1256 2272 1306 2349 de
1330 2272 1526 2360 Cassanea,
1557 2271 1770 2348 secundum
1796 2273 1903 2379 quod
1929 2271 1970 2348 in
1988 2299 2163 2379 processu
2188 2301 2300 2381 super

882 2405 954 2482 boc
970 2403 1065 2483 facto
1080 2403 1230 2511 plenius
1245 2403 1476 2492 continetur,
1494 2417 1674 2480 assereret
1682 2402 1802 2480 eciam
1818 2429 1857 2480 se
1878 2430 1957 2480 esse
1977 2402 2014 2478 in
2035 2402 2169 2479 saisina
2179 2403 2299 2482 aban—

879 2535 987 2640 tiquo
1007 2535 1220 2624 exercendi,
1238 2563 1315 2611 una
1333 2561 1420 2610 eum
1438 2531 1628 2639 parciariis
1647 2533 1740 2626 suis,
1757 2534 1799 2609 in
1819 2533 1916 2611 dicta
1932 2533 2125 2639 parrochia
2146 2535 2194 2610 de
2213 2535 2300 2612 Cas·

880 2691 1006 2754 sanea,
1028 2680 1067 2742 et
1081 2665 1121 2740 in
1137 2664 1231 2742 locis
1250 2664 1350 2751 aliis,
1368 2692 1391 2738 a
1408 2662 1588 2769 predictis
1608 2661 1703 2740 infra
1724 2663 1862 2740 dictam
1878 2664 2112 2769 parrochiam
2131 2663 2227 2751 sitis,
2249 2663 2300 2740 al-

878 2811 955 2870 tam
975 2811 1012 2872 et
1026 2796 1169 2872 bassam
1182 2773 1372 2902 justiciam
1390 2809 1429 2870 et
1443 2793 1702 2872 omnimodam
1714 2795 2019 2902 jurisdictionem
2037 2795 2076 2872 in
2092 2795 2301 2908 habitantes

880 2926 1145 3005 contrahentes
1169 2942 1208 3003 et
1233 2925 1500 3032 delinquentes
1529 2927 1569 3003 in
1594 2926 1747 3018 eadem;
1770 2945 2025 3034 assereretque
2045 2953 2084 3005 se
2106 2944 2143 3004 et
2166 2919 2300 3033 prede-

881 3085 1043 3134 cessores
1062 3083 1152 3136 suos
1176 3058 1222 3136 ab
1243 3056 1398 3163 antiquo
1423 3085 1504 3135 esse
1524 3057 1564 3133 in
1583 3056 1718 3134 saisina
1741 3057 1910 3164 ponendi
1935 3035 2082 3135 fabrum
2106 3057 2145 3133 in
2175 3085 2301 3163 parro-

881 3187 965 3263 chia
984 3186 1031 3264 de
1051 3185 1250 3277 Cassanea,
1272 3205 1310 3264 et
1330 3186 1585 3293 compellendi
1607 3187 1781 3266 homines
1801 3187 2109 3294 diue-parrochia
2129 3187 2301 3265 adzfabri-

880 3317 1043 3394 mudum
1056 3345 1143 3394 cum
1159 3345 1223 3405 eo,
1239 3333 1277 3394 et
1291 3317 1438 3394 levandi
1453 3316 1653 3426 pedagium
1669 3317 1708 3395 in
1723 3317 1821 3394 dicta
1835 3317 2040 3424 parrochia.
2058 3317 2142 3410 Que
2154 3317 2298 3405 omnia,

879 3465 957 3523 tam
969 3447 1067 3553 ipse,
1084 3475 1198 3553 quam
1214 3449 1294 3555 ejus
1308 3449 1610 3554 predecessores,
1628 3448 1879 3527 advoaverunt
1893 3465 1931 3525 et
1949 3464 2245 3554 recognoverunt
2259 3475 2299 3524 se

879 3594 1010 3654 tenere
1029 3605 1050 3653 a
1069 3579 1246 3686 magistro
1264 3579 1381 3687 Helya
1401 3579 1450 3656 de
1469 3578 1732 3671 Malo-Monte,
1751 3579 1942 3685 quondam
1963 3577 2118 3666 domino
2137 3576 2184 3654 de
2205 3578 2298 3654 Bur-

880 3705 995 3794 delia,
1021 3725 1304 3814 assererentque
1331 3708 1452 3788 dietus
1480 3709 1656 3816 magister
1682 3708 1822 3796 Helias,
1850 3708 1974 3786 dictus
1996 3707 2234 3815 hymericus,
2261 3725 2299 3784 et

878 3852 1099 3941 procurator
1117 3853 1256 3927 nomer,
1275 3837 1315 3913 in
1334 3856 1519 3945 quantum
1537 3837 1748 3945 quemlibet
1764 3865 1898 3917 eorum
1914 3836 2048 3946 tangit,
2070 3853 2108 3932 et
2125 3836 2300 3916 homines

878 3966 998 4070 ipsius
1011 3965 1219 4072 Aymerici,
1236 3966 1461 4047 Gaufn'dum
1482 3968 1530 4044 de
1548 3970 1667 4046 Ponte
1687 3986 1725 4046 st
1743 3983 1874 4077 gentes
1893 3995 1994 4060 sum,
2012 3967 2129 4073 ipsius
2148 3967 2299 4044 nomine

878 4123 947 4172 seu
959 4096 1154 4185 mandato,
1171 4097 1254 4204 ipso
1268 4113 1393 4176 ratum
1409 4097 1589 4186 habente,
1605 4115 1735 4190 contra
1750 4097 2020 4186 inhibicionem
2036 4095 2091 4174 eis
2105 4093 2239 4172 lacum
2258 4123 2300 4174 ex

879 4243 983 4331 parte
1003 4245 1130 4306 nostra
1156 4257 1226 4336 per
1255 4229 1455 4308 servientes
1474 4245 1638 4318 nostros,
1661 4229 1785 4336 ipsum
1802 4211 2043 4335 Aymericum
2062 4225 2298 4332 impedivisse

879 4375 918 4433 et
936 4357 1104 4437 turbasse
1117 4359 1157 4435 in
1175 4359 1411 4465 possessione
1430 4359 1718 4465 premissorum,
1741 4376 1779 4437 et
1797 4357 1917 4436 multa
1935 4357 2035 4438 bona
2056 4356 2147 4435 dicti
2166 4355 2299 4465 Ayme-
2422 4459 2424 4464 Ι

876 4486 944 4562 rici
967 4505 1010 4565 et
1027 4488 1225 4566 hominum
1251 4516 1431 4581 suorum,
1452 4517 1521 4596 per
1540 4488 1762 4566 violenciam
1792 4515 2002 4579 armorum,
2024 4486 2162 4564 levasse
2183 4505 2221 4564 et
2242 4513 2299 4564 se-
2362 4563 2365 4570 .

878 4646 967 4694 cum
981 4635 1202 4724 asportasse,
1224 4619 1333 4696 dictis
1351 4619 1463 4697 bonis
1482 4619 1522 4694 in
1541 4646 1657 4703 manu
1678 4635 1805 4696 nostra
1821 4618 2080 4708 existentibus,
2104 4635 2142 4695 st
2161 4617 2297 4694 multas

878 4748 1092 4842 violencias,
1104 4749 1277 4858 injurias,
1290 4749 1421 4856 prisias
1438 4766 1478 4827 et
1497 4751 1660 4855 dampna
1674 4748 1747 4825 alia
1764 4747 1889 4826 eidem
1909 4748 2103 4856 Aymerico
2125 4765 2162 4825 st
2179 4749 2300 4855 genti-

877 4877 950 4955 bus
968 4879 1062 4969 suis,
1079 4897 1207 4960 conus
1220 4879 1359 4958 dictam
1381 4879 1656 4960 inhibicionem
1672 4907 1740 4986 per
1756 4877 1957 4956 servientes
1980 4896 2127 4958 nostros
2148 4875 2297 4966 laetam,

879 5007 981 5085 dicto
994 5008 1179 5092 Gaulride
1194 5026 1233 5089 et
1246 5010 1422 5119 gentibus
1436 5011 1530 5104 suis,
1546 5039 1615 5118 per
1629 5009 1850 5087 violenciam
1865 5036 2074 5098 armorum,
2094 5025 2222 5088 contra
2233 5005 2300 5084 bo-

879 5165 972 5212 num
992 5155 1132 5216 statum
1147 5141 1250 5246 pacis
1268 5158 1308 5220 et
1324 5142 1464 5248 patrie,
1486 5140 1674 5229 intulisse,
1697 5140 1908 5218 secundum
1929 5140 2034 5247 quod
2064 5139 2104 5216 in
2123 5163 2299 5243 processu

880 5295 994 5372 super
1008 5268 1085 5346 boc
1101 5268 1198 5348 facto
1216 5271 1366 5376 plenius
1386 5272 1620 5361 contineturr
1640 5288 1679 5350 et
1695 5271 1879 5378 quosdam
1902 5271 1949 5348 de
1968 5268 2187 5348 hominibus
2208 5265 2297 5344 dicti

879 5397 1065 5503 hymerioi
1085 5399 1325 5492 vulnerasse,
1351 5401 1390 5479 in
1417 5417 1676 5507 contemptum
1702 5418 1873 5482 nostrum
1900 5419 1942 5478 et
1968 5401 2058 5478 dicti
2091 5397 2228 5504 Helye,
2258 5425 2298 5473 ac
