5817 7292
1046 1116 1314 1225 auoutrss
1341 1138 1407 1209 ur
1433 1118 1640 1212 ruccas.
1983 1137 2056 1211 ras

631 1278 730 1355 mior
744 1293 784 1355 et
802 1276 912 1355 heres
928 1275 1117 1360 mascrrlus
1127 1275 1230 1357 solus
1242 1276 1411 1357 defuncti
1421 1277 1599 1385 predicti,
1614 1278 1864 1355 comitatuum
1881 1294 1921 1355 et
1936 1278 2058 1356 bono-
2095 1284 2227 1341 aarum
2239 1285 2282 1347 tv,

629 1438 717 1487 rum
737 1406 898 1485 alioriun
917 1406 1191 1513 predictorum,
1213 1409 1422 1489 secundum
1438 1409 1503 1517 jus
1522 1426 1561 1487 et
1579 1409 1699 1516 patrie
1719 1408 2054 1499 consuetudinem,
2158 1377 2222 1421 Μ’

629 1539 908 1647 possessionem
941 1540 1266 1646 apprehendisset,
1296 1558 1336 1619 et
1362 1559 1460 1621 esset
1484 1542 1526 1619 in
1551 1540 1687 1619 saisina
1706 1541 1987 1648 predictorum,
2014 1557 2058 1619 ut

630 1673 709 1778 ipse
730 1670 933 1759 asserebat,
950 1688 1154 1779 antequam
1168 1670 1216 1751 ad
1230 1700 1386 1753 manum
1400 1689 1569 1751 nonnam
1580 1701 1624 1751 ea
1637 1700 1883 1780 poneremus,
1900 1691 2058 1747 manum

631 1820 796 1882 nostram
813 1800 903 1880 inde
918 1829 1195 1891 amoveremus,
1207 1802 1371 1883 offerens
1387 1830 1427 1883 se
1442 1804 1491 1883 ad
1505 1820 1633 1883 nostra
1647 1803 1822 1913 homagia
1831 1830 1902 1910 pro
1914 1802 2061 1908 predic·

629 1934 678 2013 tis
692 1932 887 2023 omnibus,
908 1950 1022 2039 prout
1035 1933 1194 2040 requirit
1207 1934 1388 2013 condicio·
1397 1936 1633 2026 eorumdem,
1650 1936 1754 2013 etad
1770 1935 1869 2014 dieta
1883 1933 2058 2041 homagia

631 2082 756 2143 nostra
792 2092 832 2141 se
846 2062 1009 2141 'admitti
1036 2064 1233 2177 requirens
1257 2066 1440 2145 instanter
1468 2066 1616 2147 dilectis
1647 2082 1688 2144 at
1713 2064 1893 2145 fidelibus
1920 2066 2059 2143 nomris

630 2196 768 2275 comite
795 2196 843 2273 de
866 2195 1046 2287 Sancero,
1069 2197 1223 2277 nomine
1249 2214 1287 2275 et
1307 2199 1458 2277 racione
1481 2198 1608 2277 uxoris
1627 2226 1712 2288 sue,
1735 2213 1774 2276 et
1801 2196 1985 2278 Gauirido
2009 2197 2057 2274 de

629 2326 846 2434 Lesignam,
870 2325 1006 2419 milite,
1031 2343 1184 2435 gerente
1198 2356 1239 2407 se
1253 2357 1323 2435 pro
1338 2330 1482 2409 herede
1496 2329 1635 2437 scripto
1650 2346 1690 2409 et
1707 2330 1881 2408 instituto
1896 2357 1966 2436 per
1981 2328 2060 2405 dic-

628 2475 711 2537 tum
737 2459 915 2537 comitem
935 2458 1131 2564 quondam
1157 2459 1198 2539 in
1218 2459 1337 2566 ipsius
1359 2478 1602 2550 testamento,
1628 2461 1807 2568 dictoque
1829 2458 1998 2539 Guiardo
2016 2460 2057 2536 in

627 2608 853 2674 testamento
870 2588 1025 2681 eodem,
1043 2618 1089 2669 ex
1100 2590 1213 2669 certis
1228 2592 1360 2685 causis,
1375 2610 1419 2670 ut
1434 2590 1642 2683 dicebatur,
1660 2592 1904 2681 exheredato,
1920 2591 2057 2667 multas

630 2722 799 2801 raciones
810 2721 1111 2829 proponentibus
1121 2749 1165 2801 cx
1178 2720 1333 2801 adverso
1348 2751 1398 2799 ne
1418 2723 1606 2830 predicta,
1622 2739 1782 2829 exparte
1795 2720 1886 2799 dicti
1899 2719 2056 2799 Guiardi
2194 2810 2204 2824 ·

630 2850 810 2957 requisita
827 2868 867 2929 et
890 2850 1112 2958 supplicate,
1137 2850 1363 2941 faceremus3
1385 2869 1425 2931 et
1443 2850 1621 2931 similiter
1640 2850 1857 2957 petentibus
1877 2850 1978 2927 dicto
1997 2878 2059 2927 co-

630 2980 740 3073 mite,
758 2980 912 3059 nomine
930 2996 971 3059 et
987 2980 1137 3059 racione
1154 2981 1282 3061 uxoris
1301 3010 1386 3073 sue,
1403 3000 1443 3059 et
1460 2981 1562 3061 dicto
1580 2980 1781 3071 Gaubido,
1797 3007 1868 3059 suo
1883 2980 2056 3071 nomine,

630 3112 780 3193 racione
806 3111 1065 3220 predictorum
1087 3112 1336 3192 comitatuum
1361 3128 1400 3191 et
1420 3112 1630 3204 bononem,
1659 3111 1709 3189 ad
1730 3129 1859 3189 nostra
1888 3111 2061 3220 homagia

629 3272 670 3323 se
683 3243 831 3321 admitti
848 3275 857 3321 a
872 3242 1045 3321 Tandem
1059 3242 1199 3323 auditis
1211 3270 1326 3347 super
1340 3242 1414 3321 biis
1426 3241 1598 3348 partibus
1609 3241 1819 3332 antedictis,
1834 3260 1873 3320 et
1886 3242 2060 3349 inquesta

631 3403 745 3485 super
762 3372 964 3481 propositis
981 3373 1070 3451 binc
1090 3389 1128 3451 et
1146 3372 1237 3451 inde
1256 3373 1306 3451 de
1324 3373 1505 3451 mandato
1520 3390 1650 3451 nomo
1667 3371 1778 3462 iacta,
1794 3372 1983 3480 nobisque
2002 3400 2063 3449 re·

630 3521 792 3612 portata,
809 3504 884 3583 risa
899 3520 939 3581 et
953 3504 1156 3613 diiigenter
1171 3503 1395 3596 examinata,
1409 3530 1479 3610 per
1498 3502 1602 3581 curie
1617 3518 1746 3581 nostm
1756 3500 1965 3611 judicium,
1983 3501 2062 3579 dio·

631 3653 713 3715 tum
737 3636 811 3715 fuit
836 3652 875 3715 et
902 3637 1192 3745 pronunciatum
1219 3636 1325 3743 quod
1347 3664 1417 3715 nos
1440 3636 1649 3742 predictam
1671 3663 1827 3715 manum
1848 3652 2016 3711 nostram
2039 3664 2061 3712 a

632 3766 872 3847 comitatibus
899 3783 938 3845 et
962 3766 1073 3845 bonis
1097 3766 1277 3874 predictis
1308 3765 1585 3857 amovebimus,
1616 3783 1657 3843 et
1681 3766 1827 3844 dicmm
1850 3764 2060 3844 Guiardnm

632 3925 701 4004 pro
727 3897 922 4004 predictis,
944 3926 1078 3977 eorum
1097 3897 1272 3977 saisinam
1291 3896 1364 3977 sibi
1385 3896 1651 3987 deliberando,
1673 3897 1721 3973 ad
1741 3913 1868 3975 nostra
1887 3895 2061 4003 homagia

632 4027 890 4117 admittemus,
917 4028 1018 4109 salvo
1033 4028 1120 4137 jure
1140 4046 1270 4109 nostro
1291 4044 1330 4107 et
1347 4027 1523 4135 quolibet
1545 4028 1689 4115 alieno,
1709 4043 1894 4105 reservata
1911 4024 2061 4133 predic·

631 4160 681 4237 tis
700 4158 827 4239 comiti
848 4159 896 4237 de
916 4160 1096 4255 Sancero,
1111 4160 1268 4241 nomine
1289 4178 1327 4238 et
1344 4159 1496 4239 racione
1515 4158 1655 4267 quibus
1673 4186 1802 4265 supra,
1819 4174 1858 4235 et
1874 4156 2057 4236 Gaufrido

634 4288 683 4369 de
699 4290 898 4397 Lesignam
913 4291 953 4367 in
967 4291 1146 4397 predictis
1158 4290 1398 4371 comitatibus
1413 4306 1452 4369 et
1466 4291 1578 4369 bonis
1592 4290 1790 4397 questione
1802 4287 2056 4396 proprietatis,

634 4423 663 4498 si
684 4420 755 4500 sibi
776 4421 939 4499 viderint
956 4422 1145 4529 expedire.

690 4552 867 4632 Mercurii
901 4554 940 4631 in
970 4553 1113 4632 octabis
1147 4554 1353 4634 Natiuitatis
1387 4553 1488 4633 beati
1522 4551 1922 4660 Iohannis-Baptiste,
1957 4578 2057 4629 anno

633 4684 900 4765 trecentesimo
919 4700 1067 4793 quarto.

690 4949 847 5031 XXXIII.
879 4950 976 5029 Cum
995 4950 1242 5060 Berangarius
1257 4950 1305 5029 de
1320 4950 1494 5041 Fraxino,
1510 4964 1635 5029 rector
1649 4944 1805 5025 ecclesie
1823 4944 1872 5025 de
1885 4946 2059 5035 Joncoso,

635 5078 759 5173 frater,
786 5096 825 5161 et
846 5082 1093 5193 berengarius
1117 5078 1165 5163 dc
1189 5080 1370 5174 Fraxino,
1392 5080 1569 5171 clericus,
1589 5078 1696 5158 filius
1716 5078 1818 5157 Petri
1837 5077 1991 5156 ArnaIdi
2012 5078 2061 5154 de

634 5210 809 5301 Fraxino,
823 5212 1017 5319 quondam
1035 5212 1123 5293 civis
1138 5211 1407 5303 Narbonensis,
1425 5212 1627 5319 periissent
1639 5226 1856 5317 attemptata
1870 5208 1910 5286 in
1925 5236 2060 5286 eorum

635 5342 905 5450 prejudicium,
922 5372 991 5451 per
1004 5342 1185 5425 dilectum
1201 5362 1240 5423 et
1252 5344 1407 5423 fidelem
1419 5361 1591 5423 nostmrn
1603 5342 1847 5434 AImaricum,
1862 5338 2061 5417 vicecomi·
2171 5426 2175 5433 ¹

635 5487 710 5549 tem
722 5472 1017 5565 Narbonensem,
1028 5475 1326 5584 postquamdam
1337 5472 1573 5555 diffinitivam
1585 5473 1813 5553 sentenciam
1827 5465 2060 5547 criminalem
