5817 7292
1036 970 1297 1076 uuounrss
1323 988 1385 1059 ar
1411 970 1617 1062 esoces.
1963 990 2040 1061 aaa

624 1128 768 1219 arrecti,
785 1128 979 1220 sustinuit,
993 1128 1133 1207 debere
1148 1128 1416 1235 condempnari
1429 1159 1439 1217 ς
1454 1129 1520 1235 qui
1535 1126 1765 1234 prepositus,
1777 1126 1916 1205 auditis
1930 1128 2061 1205 dictis‘
2079 1136 2208 1192 earnm
2218 1136 2262 1201 tv,

488 1358 492 1367 A
609 1258 791 1363 pacibus
808 1276 846 1336 a
859 1258 1150 1365 probinianum
1165 1259 1402 1346 amnem,
1417 1258 1560 1335 aarum
1578 1256 1823 1335 caucasum
1835 1256 1882 1335 n
1897 1258 2041 1363 impar-
2139 1229 2203 1271 ¹³¹¹·

623 1388 731 1465 cione
752 1389 868 1495 ipsius
886 1390 1020 1480 Caute,
1039 1416 1234 1495 persuum
1250 1389 1477 1497 judicatum,
1494 1386 1666 1478 absolvit,
1684 1404 1722 1465 et
1742 1386 1886 1465 dictum
1903 1388 2038 1475 Canto.

616 1516 721 1625 juxta
731 1519 1043 1599 cousuetudinem
1053 1518 1243 1600 Castelleti
1253 1579 1262 1610 ,
1272 1548 1347 1627 que
1359 1519 1443 1598 talis
1454 1535 1510 1597 est
1524 1517 1630 1623 quod
1646 1518 1714 1624 qui
1726 1518 1826 1595 cadit
1840 1516 1888 1593 ab
1899 1534 2039 1595 armato

621 1675 690 1726 suo
709 1650 837 1729 reddit
852 1679 1043 1758 expansas,
1065 1651 1160 1758 parti
1181 1668 1373 1741 arrestate,
1394 1653 1433 1727 in
1450 1649 1636 1757 expensis,
1658 1667 1812 1757 propter
1829 1649 1903 1727 boc
1916 1647 2036 1735 factis,

621 1777 722 1859 dicto
741 1780 945 1861 Guillelmo
965 1782 1273 1887 condempnavit,
1300 1810 1319 1857 a
1347 1809 1424 1887 quo
1446 1780 1634 1889 judicato,
1659 1796 1853 1886 tamquam
1881 1778 1974 1857 salso
2001 1797 2040 1856 et

620 1936 749 2013 praru,
779 1912 902 1989 dictus
928 1912 1046 1991 Caute
1068 1910 1116 1987 ad
1140 1928 1307 1989 nostram
1334 1912 1477 1989 curiam
1500 1908 1726 2016 appellarit:
1749 1910 1897 1988 Auditis
1925 1909 2040 2015 igitur

619 2036 727 2114 dictis
746 2041 913 2145 partibus
933 2042 973 2117 in
993 2020 1102 2118 causa
1121 2038 1386 2146 appellationis
1405 2041 1590 2147 predicte,
1614 2057 1652 2117 et
1676 2042 1780 2130 visis,
1808 2069 1877 2147 per
1894 2041 2036 2119 curiam

618 2183 797 2256 nostram,
819 2196 994 2275 processu
1010 2169 1109 2246 dicte
1129 2196 1258 2259 cauae,
1280 2196 1427 2247 necnon
1442 2169 1750 2277 deposicionibns
1760 2170 1932 2259 testium,
1954 2198 2038 2247 con·

618 2293 841 2375 sessionibus
868 2299 1054 2404 parcium,
1087 2298 1222 2377 litteris
1254 2315 1293 2375 et
1323 2300 1583 2377 instrumentis
1611 2331 1633 2377 a
1663 2299 1773 2377 dictis
1796 2299 1967 2406 partibus
1998 2302 2038 2377 in
2181 2312 2193 2339 ⁰

618 2426 777 2505 modum
800 2429 1038 2536 probacionis
1060 2428 1254 2536 productis
1277 2428 1427 2534 plenius
1450 2429 1668 2522 intellectis,
1694 2458 1764 2537 per
1781 2431 1883 2507 curie
1909 2450 2036 2508 nostre

613 2555 818 2663 judicium,
849 2561 993 2637 diruam
1024 2559 1096 2636 snit
1128 2557 1341 2665 predictum
1375 2560 1610 2666 prepositum
1637 2560 1737 2637 bene
1762 2559 1968 2667 judicasse,
1998 2578 2037 2638 et

618 2686 761 2765 dictum
776 2689 891 2767 Cante
912 2688 1010 2767 male
1030 2688 1254 2795 appellasse,
1276 2704 1315 2765 et
1332 2689 1437 2795 quod
1455 2689 1536 2797 ipse
1556 2690 1630 2769 hoc
1649 2689 1878 2768 emendabit.

673 2818 830 2899 Veneris
843 2837 930 2897 ante
950 2798 1235 2899 Penthecosten.

672 2948 775 3055 Roya
791 2950 1005 3057 reportavit.

670 3210 799 3289 xxix.
830 3212 931 3291 Mota
950 3213 1016 3290 lite
1044 3213 1085 3289 in
1104 3240 1213 3290 causa
1239 3210 1505 3318 appellacionis
1528 3215 1630 3291 inter
1648 3214 1822 3315 consules
1846 3211 1895 3289 de
1916 3214 2035 3291 Pede·
2148 3235 2152 3241 ·

615 3344 739 3431 uado,
754 3370 798 3420 ex
813 3360 917 3450 parte
931 3370 1022 3435 una,
1040 3358 1078 3419 et
1092 3359 1263 3421 nostrum
1278 3369 1320 3419 ac
1335 3341 1473 3419 domus
1486 3342 1597 3421 beate
1614 3344 1729 3421 Mario
1741 3342 1799 3421 de
1816 3343 1935 3421 Pintia
1945 3372 2036 3449 pro·

615 3492 819 3567 curatores,
844 3502 889 3551 ea
913 3473 1047 3563 altera,
1067 3502 1191 3551 coram
1218 3472 1422 3557 senescallo
1446 3471 1729 3553 Carcassonensi
1743 3491 1791 3550 et
1814 3473 2032 3560 biterrensi,

615 3630 790 3715 supereo
809 3605 915 3709 quod
936 3603 1025 3680 dicti
1045 3601 1218 3680 consules
1231 3600 1408 3679 dicebant
1426 3630 1467 3679 se
1486 3603 1667 3708 legittime
1687 3602 1894 3708 appellasse
1911 3602 2035 3679 adae·

616 3732 821 3811 naacallum
829 3732 1041 3838 predictum
1053 3760 1075 3808 a
1085 3731 1247 3838 quadam
1262 3732 1503 3809 ordinacione
1513 3760 1581 3838 por
1590 3733 1769 3808 vicarium
1783 3730 2033 3808 Biterrensena

616 3890 683 3939 seu
702 3862 784 3969 ejus
796 3862 1147 3951 locumuanentom,
1163 3889 1234 3967 pro
1248 3861 1356 3939 dictis
1369 3862 1675 3969 procruatoribus
1694 3876 1824 3938 nostro
1837 3888 1880 3937 ac
1895 3861 2033 3939 domus

616 3993 798 4099 predicte,
819 3993 912 4072 lacta
931 3994 970 4069 in
989 3990 1241 4101 prejudicium
1260 3992 1429 4099 ipsorum
1448 3992 1666 4083 consulum,
1682 4008 1727 4070 ut
1738 3992 1816 4100 ipsi
1837 3991 2029 4081 dicebant,

616 4141 655 4200 et
667 4125 704 4200 in
720 4124 818 4203 dicta
832 4150 939 4203 musa
954 4124 1082 4205 oblato
1094 4122 1226 4202 libello
1240 4150 1310 4229 per
1329 4122 1638 4203 dictos-consules
1653 4150 1777 4201 coram
1795 4123 1895 4200 dioto
1907 4150 2034 4200 senes·

615 4254 727 4344 callo,
748 4256 889 4363 liteque
909 4255 1094 4363 legittime
1116 4271 1320 4333 contestata
1341 4282 1410 4361 per
1426 4272 1685 4360 procuratores
1704 4252 2031 4359 antedictoa,·pln-

615 4386 795 4493 ribusque
822 4386 1080 4464 instrumentis
1107 4403 1144 4463 et
1168 4387 1326 4465 testibus
1354 4414 1468 4492 super
1491 4387 1564 4463 hoc
1587 4386 1676 4463 hinc
1706 4385 1795 4463 inde
1814 4385 2028 4491 productis,

614 4516 888 4625 publicatisque
915 4516 1219 4624 deposicionibus
1246 4517 1400 4595 testium
1424 4514 1699 4623 predictorum,
1731 4514 1885 4593 undam
1908 4514 2032 4593 dictus

613 4648 838 4727 senescallus
852 4674 923 4726 sen
940 4649 1022 4757 ojus
1038 4648 1165 4729 locum
1183 4664 1416 4754 tenena,:per
1427 4674 1540 4725 suum
1549 4646 1754 4754 judicium,
1772 4646 2031 4751 pronunciavit

521 4871 529 4884 ἱ
613 4806 652 4857 se
663 4808 739 4857 non
755 4808 864 4887 posse
874 4808 945 4857 nec
959 4779 1100 4859 debera
1111 4804 1335 4888 cognoscere
1351 4777 1399 4855 de
1412 4777 1511 4854 dicta
1524 4776 1928 4883 appellarionisoausa‚
1942 4775 2030 4881 quia

613 4908 735 4989 satalia
757 4928 862 4990 erant
885 4912 1006 5017 lapsa,
1030 4926 1184 5018 propter
1202 4908 1473 5019 negligenciam
1492 4908 1591 4985 dicte
1609 4905 1986 5015 partis2appellantis3
2009 4934 2031 4981 a

612 5068 689 5144 quo
697 5042 865 5147 judicato
876 5070 969 5148 -pans
990 5040 1178 5121 dictoriam
1189 5039 1389 5119 consulum
1404 5039 1451 5117 ad
1471 5056 1638 5117 nostrum
1653 5041 1795 5116 curiam
1814 5035 2028 5145 appellavit:

613 5168 700 5247 Viso
727 5172 842 5281 igitur
864 5173 963 5271 dicte
986 5172 1107 5279 prinae
1126 5170 1390 5279 appellacionis
1415 5196 1611 5277 maccam,
1633 5170 1846 5277 auditisque
1864 5169 1904 5243 in
1926 5164 2030 5243 curia

613 5316 737 5375 nostra
748 5302 961 5395 racionibus
973 5304 1141 5411 parcium
1154 5302 1425 5411 predictarum,
1438 5303 1727 5409 quiarepertum
1741 5318 1798 5377 est
1810 5299 1931 5376 dictos
1943 5322 2031 5371 oon-
