5817 7292
1070 1097 1338 1207 saoneres
1362 1116 1428 1187 sr
1453 1097 1663 1188 esoces
2006 1118 2071 1188 mr

657 1258 756 1336 dieta
772 1253 862 1334 alies
877 1257 1050 1334 rustinus
1062 1257 1179 1334 fuisse
1195 1256 1304 1334 dictis
1327 1255 1582 1364 burgensibus·
1598 1270 1636 1330 et
1656 1253 1831 1345 scabinis,
1852 1257 2078 1360 pronuncio·
2116 1269 2246 1326 Prason
2260 1275 2301 1335 tt,

654 1392 739 1467 tuni
755 1387 843 1478 brit,
862 1416 931 1496 per
948 1389 1052 1468 curie
1068 1406 1196 1466 nostre
1208 1387 1416 1496 judicium,
1432 1385 1564 1494 prisias
1578 1385 1782 1492 predictae,
1799 1386 1842 1465 in
1856 1413 1970 1464 mmu
1987 1387 2079 1464 dicti
2177 1365 2241 1408 Μ’

656 1521 782 1599 ballivi
807 1521 966 1628 positas,
989 1522 1087 1599 diota
1113 1551 1228 1600 manu
1249 1539 1375 1600 nostra
1394 1521 1483 1598 inde
1507 1538 1652 1609 amota,
1675 1518 1783 1596 dictis
1809 1519 2076 1626 burgensibus,

655 1652 816 1730 scabinis
836 1671 875 1731 et
893 1653 1159 1730 communitati
1174 1654 1315 1731 debere
1334 1651 1444 1729 reddi
1468 1670 1504 1730 et
1523 1651 1692 1741 libcrari,
1716 1651 1815 1728 salvo
1841 1651 1879 1727 iu
1901 1651 2079 1746 omnibm

650 1785 738 1891 jure
758 1799 898 1862 nostro.

712 1915 814 1992 lovis
831 1928 919 2020 post
938 1911 1383 1991 Sanctum-Clementem.

713 2045 841 2122 Monoi·
857 2042 1070 2149 reportavit.

710 2308 803 2386 vm.
833 2307 932 2386 eum
950 2335 1020 2413 pm
1039 2333 1087 2384 ω
1103 2286 1210 2413 qu'os
1227 2303 1398 2384 hermus
1416 2306 1638 2396 romanu,
1660 2306 1707 2382 es
1728 2305 2009 2396 abbatisvilla,
2027 2309 2081 2386 u-

653 2439 806 2516 rebatur
821 2439 1026 2547 quemchm
1042 2453 1213 2516 vocaturn
1229 2436 1407 2526 lloberie,
1424 2436 1604 2527 Parisius,
1617 2438 1849 2526 vulnerasse,
1865 2438 2078 2546 prepositus

653 2572 871 2648 Parisiensis
885 2570 1074 2650 sexdecim
1087 2568 1287 2676 pannosin
1301 2569 1386 2646 hala
1398 2568 1447 2646 de
1462 2569 1605 2658 Dueem
1623 2568 1800 2658 Peridus,
1819 2570 1885 2676 qui
1906 2569 2079 2648 diceban-

652 2719 715 2777 tm·
733 2727 813 2778 esse
829 2700 918 2778 dicti
937 2699 1093 2792 Alelmi,
1112 2715 1345 2791 arrosusset,
1364 2697 1540 2775 videlicet
1552 2715 1696 2804 septem
1709 2699 1865 2792 vinidos,
1881 2701 1974 2778 duas
1990 2700 2079 2776 bru-

654 2849 759 2910 netas
777 2831 919 2938 nigras,
936 2831 1108 2938 quinque
1123 2855 1267 2936 pannos
1282 2827 1330 2905 de
1344 2828 1484 2935 gueda,
1502 2857 1620 2906 unum
1638 2829 1895 2936 desguisetum
1912 2849 1948 2907 et
1963 2859 2076 2909 unam

654 2962 853 3039 hmnetam
877 2977 1079 3054 monetam,
1101 2959 1316 3068 Stephanus
1333 2957 1555 3048 Normanni,
1583 2977 1778 3049 mercator,
1804 2958 1933 3036 dicens
1958 2959 2078 3038 dictos

652 3119 798 3198 pannos
811 3120 901 3170 suos
916 3119 1013 3183 esse,
1032 3108 1069 3167 et
1087 3119 1128 3168 se
1144 3118 1209 3168 eos
1224 3089 1379 3179 emisse,
1396 3117 1474 3166 uno
1485 3117 1554 3195 per
1568 3087 1683 3164 alium
1700 3088 1927 3195 quemlibet,
1945 3089 2077 3168 decem

653 3239 690 3299 et
710 3239 795 3300 octo
816 3222 923 3299 libris
940 3221 1229 3312 Parisiensihus,
1247 3219 1362 3328 peciit
1382 3247 1447 3296 eos
1464 3219 1536 3296 sihi
1556 3219 1665 3296 reddi
1682 3238 1720 3296 et
1739 3219 1960 3298 deliberarit
1981 3221 2079 3299 Visis

651 3353 765 3461 igitur
781 3353 1087 3460 deposicionibus
1104 3351 1257 3429 testium
1278 3379 1322 3428 ex
1336 3366 1441 3458 parte
1461 3349 1551 3428 dicti
1572 3349 1753 3456 Stephani
1774 3377 1888 3458 super
1907 3352 1979 3430 hoc
1997 3381 2079 3460 pre

652 3482 854 3561 ductorum
872 3501 911 3560 et
924 3483 974 3559 de
989 3482 1167 3560 mandato
1185 3482 1289 3559 curie
1307 3498 1564 3588 receptorum,
1579 3480 1741 3588 injunxit
1756 3482 1859 3558 curia
1878 3481 1978 3560 dicto
1992 3511 2074 3589 pre-

483 3663 487 3668 ·
650 3614 773 3720 posito
787 3616 892 3722 quod
908 3615 987 3722 ipse
1000 3614 1102 3693 dicto
1115 3613 1309 3720 Stephano
1322 3611 1509 3690 deliberet
1523 3628 1559 3688 et
1571 3609 1706 3688 reddat
1716 3639 1861 3718 pennos
1874 3613 2074 3718 predictos.

706 3746 748 3821 ln
767 3743 862 3822 festo
885 3744 1245 3824 Sancti-Clementis.

706 4007 768 4082 lx.
800 4007 899 4085 Cum
927 4007 1101 4084 homines
1120 4005 1208 4081 ville
1235 4005 1282 4082 de
1304 4005 1515 4082 ersarchiis
1535 4005 1729 4112 conquesti
1751 4003 1930 4093 brissent,
1952 4032 2075 4084 noram

649 4135 788 4216 ballivo
807 4137 972 4244 episcopi
993 4136 1226 4225 Parisiensis,
1249 4162 1363 4242 super
1379 4162 1427 4212 eo
1446 4133 1550 4240 quod
1569 4131 1737 4212 Iohanne
1758 4134 1806 4210 de
1826 4132 1990 4240 Tilleyo,
2010 4134 2077 4212 do-

652 4267 753 4343 mina
768 4266 818 4344 de
832 4266 1045 4344 Lusmchiis
1056 4293 1126 4373 pro
1141 4283 1264 4372 parte,
1276 4264 1398 4341 dietus
1408 4263 1584 4340 homines
1598 4263 1637 4340 in
1648 4263 1884 4369 possessione
1895 4263 2078 4342 libertatis

652 4414 690 4475 et
709 4397 928 4484 franchisie‚
950 4397 989 4472 in
1008 4425 1085 4503 qua
1108 4425 1149 4473 se
1170 4413 1209 4473 et
1227 4394 1513 4504 predecessores
1536 4421 1625 4472 suos
1644 4421 1725 4471 eme
1748 4411 1785 4470 et
1806 4393 1920 4472 luisse
1941 4421 2078 4472 amere·
2114 4449 2118 4458 -

651 4528 761 4619 hant,
781 4528 973 4606 nitebatur
988 4527 1038 4604 de
1055 4555 1153 4606 novo
1167 4527 1371 4634 impedire,
1388 4525 1572 4633 capiendo
1589 4553 1656 4602 seu
1672 4525 1751 4630 capi
1769 4523 1940 4604 faciendo
1954 4553 2027 4633 pm
2037 4555 2077 4604 ee

651 4658 823 4736 victualia
846 4660 895 4736 ad
917 4659 1088 4766 precium
1111 4687 1225 4736 suum
1244 4687 1358 4765 mper
1380 4655 1560 4736 homines
1580 4656 1679 4734 dicte
1703 4655 1808 4745 ville,
1833 4683 1990 4763 eosque,
2010 4687 2078 4764 per

649 4790 847 4896 proprium
866 4789 1107 4879 servientem,
1125 4817 1251 4867 corun
1268 4787 1491 4867 ballivo-sue
1501 4787 1658 4894 proprio
1671 4787 1893 4895 ajornando,
1907 4804 2078 4896 petentes

650 4946 719 5024 per
744 4920 892 4998 dictum
920 4920 1102 4998 ballivum
1132 4921 1278 4998 dichrm
1303 4919 1623 5028 impedimentum
1645 4917 1833 5009 moveri,
1861 4915 1920 4996 vel
1945 4917 2077 4998 saltem
2222 4971 2228 4985 ·

652 5049 798 5129 &etum
818 5051 998 5132 debatum
1019 5052 1067 5130 ad
1085 5081 1243 5132 manum
1263 5079 1386 5142 mam,
1406 5068 1587 5158 tanquam
1607 5050 1829 5158 superioris,
1850 5050 1940 5155 poni
1965 5067 2002 5128 et
2023 5068 2078 5128 tn·

652 5182 752 5272 neri,
777 5181 877 5261 dicta
901 5183 1057 5262 domina
1076 5185 1117 5261 in
1136 5183 1376 5262 eonnadum
1389 5199 1545 5290 petente
1565 5181 1879 5266 dictoshnminee
1897 5196 2076 5288 tanquam

653 5314 1012 5420 snosjusticiabiles‚
1027 5316 1099 5394 sihi
1111 5315 1255 5392 remitti
1268 5347 1281 5393 t
1295 5313 1485 5405 Tandem,
1502 5313 1601 5390 inter
1618 5331 1878 5420 pmouratnres
1893 5309 2076 5390 dictarum

652 5445 835 5546 parcium,
856 5464 972 5554 prout
990 5445 1206 5526 asserebant
1225 5445 1318 5526 dieti
1334 5444 1527 5538 homines,
1544 5443 1671 5524 extitit
1690 5441 1959 5522 concordatum
1973 5436 2077 5543 quod
