5817 7292
920 1070 993 1143 570
1500 1064 1593 1137 Las
1620 1061 1761 1137 OLIM.

694 1226 823 1281 arruns
835 1220 879 1287 tv,
915 1226 990 1299 tos,
1010 1225 1048 1286 et
1066 1235 1130 1287 eos
1149 1206 1248 1285 male
1266 1202 1487 1313 appellasse,
1508 1222 1562 1294 et,
1581 1220 1765 1312 quantum
1783 1202 1832 1279 ad
1848 1201 2090 1310 Aymericum
2106 1205 2336 1311 predictum,

754 1312 818 1357 Μ’
916 1337 1161 1417 senescallum
1179 1336 1343 1415 eundem
1360 1334 1459 1411 male
1474 1334 1757 1440 pronunciasse,
1773 1351 1812 1410 et
1827 1332 1969 1410 dictum
1984 1334 2226 1442 Aymericum
2239 1338 2338 1419 bene

916 1470 1139 1579 appellasse,
1158 1485 1195 1547 et
1208 1467 1314 1575 quod
1330 1464 1611 1544 mandabantur
1628 1464 1727 1551 dicta
1745 1464 2109 1571 condempnaciones
2122 1470 2340 1553 execucioni

916 1618 1042 1681 contra
1056 1599 1228 1707 syndicus
1246 1596 1453 1674 antedictos
1469 1612 1507 1673 et
1524 1623 1603 1673 non
1617 1613 1746 1674 contra
1761 1592 2001 1702 Aymericum
2018 1598 2244 1704 predictum.

969 1734 1070 1813 lovis
1088 1746 1174 1837 post
1193 1730 1372 1809 Sanctum
1388 1726 1607 1833 Georgium.
1699 1800 1703 1806 ,

972 1858 1370 1942 Sanctus-Benedictus
1387 1856 1599 1963 reportavit.

969 2122 1076 2201 LXV.
1109 2119 1191 2197 Lite
1209 2134 1327 2207 mota,
1354 2117 1394 2193 in
1413 2094 1517 2193 curia
1533 2115 1724 2195 Castelleti
1743 2116 1973 2207 Parisiensis,
1999 2117 2098 2195 inter
2117 2123 2335 2228 magistrum

915 2250 1165 2333 Guillelmum
1176 2249 1223 2326 de
1233 2247 1377 2336 Remis,
1390 2275 1434 2324 ex
1444 2274 1520 2324 une
1529 2264 1653 2353 parte,
1664 2249 1924 2327 etJohannem
1935 2246 2077 2328 dictum
2088 2249 2198 2340 Petit,
2211 2250 2334 2334 fitium

914 2384 1081 2463 Romana
1097 2381 1144 2459 de
1159 2377 1386 2473 Quarreriis,
1407 2404 1450 2455 ex
1464 2378 1596 2467 altera,
1612 2406 1725 2483 super
1739 2403 1786 2456 eo
1801 2376 1907 2485 quod
1925 2377 2028 2458 idem
2047 2380 2219 2486 magister
2229 2380 2335 2463 Guil-

915 2511 1053 2591 lelmus
1073 2509 1324 2618 proponebat,
1346 2524 1476 2591 contra
1495 2508 1639 2587 dictum
1656 2509 1888 2600 iohannem,
1905 2510 2011 2617 quod
2030 2508 2130 2587 bona
2150 2511 2248 2592 dicte
2264 2514 2336 2591 llo·

914 2670 1024 2721 mane
1045 2641 1092 2719 de
1110 2639 1338 2734 Quarreriis,
1360 2639 1490 2717 matris
1506 2639 1624 2745 ipsius
1642 2639 1840 2731 lobannis,
1858 2640 2053 2719 occasione
2068 2640 2263 2749 cujusdam
2273 2643 2336 2750 ju·

781 2766 789 2784 '
916 2774 1026 2853 dicati
1049 2772 1096 2851 ab
1121 2772 1258 2852 codem
1285 2771 1463 2877 magistro
1487 2770 1713 2864 Guillelmo,
1737 2771 1829 2849 dum
1853 2772 1934 2878 ipae
1960 2788 2041 2851 erat
2064 2770 2217 2852 auditor
2236 2772 2337 2853 curie

915 2903 1105 2986 Castelleti
1120 2904 1307 3010 predicte,
1323 2900 1388 2979 lati
1404 2918 1533 2979 contra
1547 2901 1685 2982 dictam
1697 2904 1920 2994 Romanam,
1934 2930 2004 3009 per
2015 2902 2123 3010 quod
2136 2902 2218 3009 ipse
2231 2904 2340 3012 adju·

917 3035 1100 3115 &cavom
1118 3032 1282 3112 Roberto
1302 3031 1350 3109 de
1369 3032 1570 3139 langonio,
1587 3032 1780 3139 quondam
1799 3033 1935 3127 marito
1951 3032 2050 3111 dicte
2070 3034 2255 3125 Romane,
2271 3034 2340 3113 ad·

915 3164 1230 3250 ministrationem
1247 3163 1438 3241 bonorum
1454 3163 1714 3243 communium
1732 3162 1831 3242 inter
1847 3163 1973 3270 ipsum
1989 3180 2028 3241 et
2048 3163 2186 3241 dictam
2201 3165 2339 3244 Roma-

915 3324 1019 3385 nam,
1041 3323 1198 3376 uxorem
1217 3322 1341 3383 suam,
1360 3321 1429 3399 per
1447 3294 1612 3376 eundem
1631 3293 1853 3405 magistrum
1869 3293 2136 3385 Guillelmum,
2154 3311 2333 3400 tanquam

915 3423 1114 3504 officialem
1137 3439 1327 3510 nostrum,
1352 3423 1410 3501 vel
1433 3422 1516 3529 ejus
1535 3424 1777 3516 mandatum,
1789 3442 1892 3531 capta
1903 3423 2071 3515 lucrum,
2095 3423 2271 3531 dissipata
2291 3442 2335 3502 et

915 3570 1151 3660 consumpta,
1171 3580 1241 3631 nec
1258 3553 1298 3631 in
1315 3552 1517 3635 utilitatem
1535 3554 1724 3634 dictorum
1744 3556 1944 3664 conjugum
1957 3582 2149 3643 conversa,
2163 3582 2234 3660 pro
2245 3554 2334 3661 qui-

913 3684 984 3763 bus
1003 3684 1113 3765 bonis
1131 3713 1199 3763 sou
1216 3712 1348 3765 corum
1367 3684 1509 3775 valore,
1525 3684 1629 3766 idem
1647 3687 1825 3795 magister
1845 3667 2069 3767 Guillelmus
2088 3685 2130 3763 in
2150 3685 2334 3772 sexcentis

912 3813 1019 3897 libris
1033 3815 1303 3896 Parisiensibus
1320 3815 1393 3895 sub
1407 3815 1530 3894 valore
1550 3833 1703 3895 monete
1721 3846 1837 3924 quam
1855 3816 2047 3905 currebat,
2067 3830 2236 3920 tempore
2254 3842 2336 3923 quo

913 3945 1011 4027 dicta
1028 3946 1128 4027 bona
1142 3964 1247 4054 capta
1267 3946 1436 4039 luerunt,
1460 3946 1637 4025 uidelicet
1648 3976 1747 4029 anno
1767 3947 1921 4030 Domini
1937 3945 2136 4026 millesimo
2154 3945 2336 4023 ducente·

911 4076 1006 4155 sirno
1020 4078 1260 4185 nonagesimo
1276 4106 1390 4169 nono,
1404 4106 1473 4185 per
1492 4078 1594 4157 curie
1609 4095 1735 4158 nostre
1744 4078 1950 4188 judicium,
1969 4077 2197 4185 [tabernae
2213 4075 2333 4183 lilius]

912 4206 1011 4287 dicte
1031 4208 1213 4299 Romane,
1232 4209 1352 4290 extitit
1366 4210 1682 4316 condempnatus,
1700 4209 1798 4290 salva
1815 4210 1915 4289 dicto
1933 4210 2110 4316 magistro
2129 4206 2334 4289 Guillelmo

912 4336 1057 4415 acdona
1072 4367 1139 4415 sua
1153 4357 1283 4418 contra
1297 4340 1499 4419 servientes
1514 4339 1705 4424 Castelleti
1719 4341 1936 4422 Parisiensis
1954 4357 1994 4420 et
2010 4338 2133 4420 fitium
2145 4338 2244 4417 dicte
2259 4340 2335 4417 llo-

911 4492 1037 4557 mane,
1055 4497 1098 4547 aa
1118 4498 1252 4549 omnes
1271 4470 1363 4550 alios
1382 4471 1449 4579 qui
1465 4471 1514 4549 de
1530 4471 1640 4551 dictis
1653 4471 1765 4552 bonis
1777 4470 1924 4579 aliquid
1942 4469 2125 4575 recepisse
2138 4468 2331 4558 dicuntur,

911 4594 1129 4705 diceretque
1143 4601 1246 4679 idem
1269 4601 1445 4707 magister
1465 4600 1692 4681 Guillelmus
1711 4602 1816 4709 quod
1838 4601 1938 4681 dicta
1953 4601 2073 4691 bona,
2084 4626 2167 4707 pro
2191 4598 2332 4705 quihus

910 4725 990 4830 ipse
1003 4726 1141 4821 luerat,
1154 4746 1197 4807 ut
1208 4730 1449 4835 premittitur,
1466 4731 1739 4814 condemnatus
1753 4749 1792 4811 et
1803 4729 2020 4838 compulsus
2031 4730 2081 4809 ad
2092 4728 2329 4812 reddendum

910 4854 1027 4935 dictas
1046 4877 1233 4939 sexcentas
1254 4860 1368 4939 libras
1388 4861 1487 4939 dicte
1506 4864 1688 4951 Romane,
1709 4861 1902 4969 predictus
1918 4862 2109 4944 lohannes
2128 4858 2327 4949 habuerat,

908 4984 1091 5067 lavaverat
1108 5005 1148 5067 et
1165 5007 1366 5096 receperat,
1389 5007 1426 5069 et
1445 4992 1486 5069 in
1504 5020 1611 5071 auam
1630 4993 1834 5075 utilitatem
1852 5008 2104 5081 converterat,
2124 5019 2167 5069 ac
2184 4994 2332 5098 peteret

910 5115 1076 5195 eundem
1099 5118 1308 5197 lohannem
1328 5121 1368 5197 in
1394 5120 1503 5199 dictis
1523 5124 1705 5207 sexcentis
1723 5122 1830 5206 libris
1847 5123 1921 5204 sibi
1939 5121 2162 5211 reddendis,
2178 5120 2332 5203 meone

908 5246 1091 5351 prodicta,
1120 5250 1402 5358 condempnari,
1429 5251 1530 5330 dicto
1553 5254 1726 5335 lohanne
1755 5254 1796 5331 in
1820 5254 2050 5336 contrarium
2076 5267 2328 5360 proponente,

908 5377 1038 5459 multis
1050 5379 1280 5469 rarioribus,
1295 5380 1368 5459 hoc
1383 5379 1464 5459 lieri
1479 5411 1557 5465 non
1572 5384 1730 5477 debere,
1746 5386 1902 5476 demum
1913 5386 1954 5463 in
1965 5412 2075 5464 causa
2086 5380 2330 5492 hujusmodi,
