5817 7292
1064 1085 1328 1192 saoneres
1354 1103 1419 1174 ar
1447 1083 1651 1176 esoces.
2020 1107 2067 1176 ar

648 1269 731 1320 cere
744 1241 920 1331 liberato,
937 1271 1051 1350 super
1064 1245 1241 1350 predictis
1257 1260 1386 1322 contra
1397 1243 1523 1350 ipsum
1543 1244 1794 1333 denuncietis,
1810 1246 1951 1351 inquiri
1967 1273 2073 1322 man-
2109 1261 2239 1314 mmm
2259 1261 2302 1324 W,

648 1370 815 1452 davimus
824 1373 1341 1483 veritatem3inquestaigitur
1350 1402 1464 1479 super
1475 1375 1549 1451 hoe
1559 1373 1670 1465 facta,
1682 1373 1785 1451 curie
1795 1391 1925 1453 nostre
1935 1376 2070 1464 relata,
2172 1353 2236 1395 ’Μ’

645 1503 721 1582 visa
750 1519 787 1580 et
812 1502 1013 1610 diligenter
1037 1505 1257 1594 examinata,
1285 1504 1388 1610 quia,
1412 1533 1482 1610 per
1507 1504 1681 1582 eamdem
1708 1504 1936 1610 inquestam,
1966 1509 2071 1582 curie

647 1650 773 1712 nostre
794 1635 962 1714 constitit
985 1635 1178 1714 evidenter
1205 1636 1252 1713 de
1276 1635 1496 1712 innocencia
1519 1635 1637 1740 ipsius
1660 1636 1843 1713 Iohannis
1866 1663 1981 1743 super
2001 1639 2073 1714 im-

645 1764 837 1871 posicione
848 1765 940 1844 lurti
955 1765 1132 1872 predicti,
1148 1796 1217 1873 per
1228 1767 1346 1874 ipsius
1361 1767 1466 1846 curie
1478 1785 1607 1845 nostre
1616 1766 1824 1875 judicium,
1841 1767 1984 1844 dictum
2000 1769 2071 1846 fuit

646 1913 685 1975 et
714 1897 1003 2001 pronunciatum
1028 1899 1152 2003 quod,
1174 1898 1352 2004 predictis
1375 1898 1612 2004 processibus
1639 1896 1818 1974 omnihus
1839 1915 1969 1976 contra
1994 1900 2072 1976 dic-

645 2042 728 2102 tum
749 2027 960 2106 lohannem
975 2055 1088 2133 super
1102 2028 1176 2105 hoc
1190 2027 1295 2104 sactis
1312 2027 1479 2106 totaliter
1493 2026 1667 2105 anullatis
1682 2044 1722 2104 et
1734 2029 1928 2118 revocatis,
1944 2032 2073 2108 omnia

644 2155 743 2233 hona
758 2185 842 2248 sua,
857 2157 1007 2235 racione
1020 2159 1188 2264 predicta
1198 2157 1245 2236 ad
1258 2186 1411 2234 manum
1423 2175 1590 2235 nostram
1598 2159 1734 2264 posita,
1753 2160 1834 2236 sine
1849 2159 2069 2237 difficultate

645 2313 883 2395 meumque
905 2287 1175 2379 deliberentur,
1196 2304 1236 2366 et
1253 2288 1464 2368 reddantur
1483 2287 1624 2366 eidem.

701 2419 829 2496 Mense
850 2419 992 2498 Marcii.

700 2679 823 2757 XLIX.
855 2680 953 2759 Cum
968 2680 1063 2760 facta
1076 2682 1208 2761 luisset
1227 2685 1400 2789 inquesta
1419 2702 1551 2760 contra
1569 2685 1745 2762 homines
1763 2684 2074 2763 Pedii-de-Gom-

644 2808 765 2902 taldo,
786 2809 1019 2918 Agennensis
1039 2813 1223 2917 dyocesis,
1250 2839 1429 2918 supereo
1450 2814 1555 2918 quod
1575 2814 1646 2918 ipsi
1673 2813 1742 2890 diu
1760 2830 2004 2904 cessaverant,
2028 2815 2067 2889 in

645 2940 838 3020 solucione
866 2958 1020 3020 centum
1046 2943 1257 3022 solidorum
1283 2942 1597 3035 Morlanensium‚
1624 2971 1721 3049 quos
1747 2945 1818 3048 ipsi
1843 2944 1984 3022 dehent
2007 2972 2074 3020 an-

643 3074 788 3150 nuatim
807 3073 964 3151 domino
985 3076 1094 3182 Regi,
1116 3103 1185 3180 pro
1207 3074 1370 3151 exercitu
1388 3103 1459 3152 suo
1476 3106 1485 3150 ε
1505 3075 1678 3150 Tandem
1693 3093 1916 3180 procurator
1935 3103 2069 3153 eorum

644 3229 760 3308 super
775 3203 848 3281 hoc
873 3205 1086 3309 composuit
1106 3233 1192 3280 cum
1220 3205 1321 3280 curia
1349 3205 1422 3281 hoc
1441 3204 1575 3292 mode,
1597 3204 1703 3310 quod
1725 3205 1796 3310 ipsi
1820 3204 1997 3282 homines
2021 3207 2080 3282 de.

642 3349 769 3412 cetero
797 3332 942 3412 solvent
966 3333 1111 3412 dictum
1139 3333 1334 3412 redditum
1361 3360 1462 3410 anno
1490 3331 1665 3439 quolibet
1687 3334 1727 3410 in
1751 3332 1846 3410 festo
1868 3333 2072 3412 Omnium-

643 3465 868 3544 Sanctorum
901 3464 1134 3544 thesaurario
1158 3464 1364 3573 Agonensi‚
1392 3480 1431 3540 et
1456 3492 1525 3570 pro
1552 3463 1746 3572 arreragiis
1775 3483 1928 3541 centum
1955 3464 2069 3542 libras

644 3597 925 3675 Turonensium
952 3625 1153 3703 parvorum
1181 3597 1220 3672 in
1247 3596 1400 3674 instanti
1427 3594 1523 3674 festo
1549 3596 1757 3674 Natiuitatis
1773 3596 1940 3673 Domini.

700 3727 863 3806 Sabbato
879 3745 967 3834 post
984 3727 1097 3808 Oculi
1118 3728 1211 3817 mei,
1231 3755 1360 3805 mense
1380 3726 1522 3806 Marcii.

700 3857 810 3932 Facta
830 3873 887 3935 est
906 3883 1020 3964 super
1039 3859 1113 3936 hoc
1133 3856 1258 3935 littera
1278 3858 1324 3935 ad
1345 3854 1591 3934 senescallum
1610 3855 1885 3962 Agennensem.

701 4119 743 4194 L.
776 4119 898 4223 Super
928 4146 973 4196 eo
993 4123 1098 4226 quod
1123 4122 1321 4199 dicebatur
1343 4121 1549 4198 Martinum
1567 4119 1616 4195 de
1636 4118 1832 4206 Garineto,
1852 4117 1900 4193 de
1918 4120 2072 4195 Mauso-

645 4248 880 4357 Agennensi,
901 4275 1043 4326 novum
1056 4251 1194 4329 levasse
1207 4250 1412 4357 pedagium
1427 4249 1531 4354 apud
1544 4249 1737 4338 Mansum,
1754 4263 1974 4354 procurator
1985 4249 2069 4355 ejus

645 4379 858 4485 composuit
878 4407 965 4456 cum
985 4380 1089 4456 curia
1100 4381 1148 4456 ad
1157 4398 1310 4457 centum
1319 4379 1435 4458 libras
1449 4381 1692 4457 Turonenses
1709 4376 1903 4456 solvendas
1912 4377 1959 4454 ad
1972 4378 2071 4454 Pen-

645 4510 871 4599 thecostem,
886 4510 983 4589 salva
993 4509 1089 4588 sarna
1103 4539 1184 4600 sua;
1200 4529 1238 4588 et
1250 4510 1363 4590 stabit
1371 4511 1469 4618 juri,
1484 4511 1514 4588 si
1533 4509 1638 4587 aliud
1649 4525 1801 4616 petatur
1812 4508 1859 4586 ab
1869 4537 1927 4586 eo.

702 4773 760 4850 Ll.
791 4773 907 4862 Cum,
948 4799 1062 4879 super
1103 4771 1238 4848 saisina
1273 4772 1410 4850 domus
1445 4771 1662 4878 cujusdam,
1699 4773 1936 4849 contenciose
1970 4773 2069 4848 inter
2128 4862 2132 4871 1

646 4904 801 4982 Mariam
828 4903 965 4980 dictam
991 4903 1027 4979 la
1050 4902 1232 4991 Bordine,
1256 4901 1303 4978 de
1323 4902 1702 5010 Dompno-Martino,
1730 4929 1774 4977 ex
1793 4927 1867 4978 una
1884 4919 2007 5008 parte,
2030 4917 2069 4977 et

643 5033 859 5140 Philippum
875 5033 1002 5140 Regis,
1022 5035 1223 5138 laquetum
1241 5032 1405 5123 Marcie,
1428 5050 1466 5108 et
1485 5032 1663 5110 comitem
1682 5032 2002 5120 Domni-Martini,
2025 5061 2069 5108 ex

643 5163 776 5255 altera,
791 5191 922 5242 coram·
932 5164 1123 5270 preposito
1132 5162 1346 5250 Parisiensi,
1364 5178 1446 5240 orta
1462 5178 1560 5240 esset
1574 5161 1730 5238 maneria
1745 5162 1970 5268 questionis,
1990 5161 2069 5237 dic-

645 5310 757 5402 taque
780 5294 915 5384 Maria,
940 5311 1118 5402 tanquam
1147 5293 1194 5372 de
1220 5323 1317 5373 novo
1338 5292 1510 5370 desaisita
1533 5307 1619 5370 ante
1638 5291 1764 5369 omnia
1782 5309 1930 5397 peterat
1954 5291 2068 5366 resai-

647 5422 727 5512 siri,
744 5441 782 5502 et
796 5426 919 5504 dictus
930 5453 1057 5504 comes
1071 5441 1217 5530 peteret
1231 5453 1337 5506 suam
1349 5424 1491 5504 curiam
1505 5422 1708 5500 rehabere:
1725 5423 1913 5509 Tandem,
1928 5420 2067 5496 vocatis
