<?xml version="1.0" encoding="UTF-8"?>
<!DOCTYPE html PUBLIC "-//W3C//DTD XHTML 1.0 Transitional//EN"
    "http://www.w3.org/TR/xhtml1/DTD/xhtml1-transitional.dtd">
<html xmlns="http://www.w3.org/1999/xhtml" xml:lang="en" lang="en">
 <head>
  <title>
</title>
<meta http-equiv="Content-Type" content="text/html;charset=utf-8" />
  <meta name='ocr-system' content='tesseract 3.04.00' />
  <meta name='ocr-capabilities' content='ocr_page ocr_carea ocr_par ocr_line ocrx_word'/>
</head>
<body>
  <div class='ocr_page' id='page_1' title='image "./lesolimouregist00pargoog_0326.png"; bbox 0 0 5817 7292; ppageno 0'>
   <div class='ocr_carea' id='block_1_1' title="bbox 858 1096 1743 1170">
    <p class='ocr_par' dir='ltr' id='par_1_1' title="bbox 858 1096 1743 1170">
     <span class='ocr_line' id='line_1_1' title="bbox 858 1096 1743 1170; baseline -0.002 0"><span class='ocrx_word' id='word_1_1' title='bbox 858 1099 932 1170; x_wconf 81' lang='lat'><strong>228</strong></span> <span class='ocrx_word' id='word_1_2' title='bbox 1410 1098 1502 1170; x_wconf 81' lang='lat' dir='ltr'><strong>LES</strong></span> <span class='ocrx_word' id='word_1_3' title='bbox 1532 1096 1671 1170; x_wconf 85' lang='lat' dir='ltr'><strong>OLIM.</strong></span> <span class='ocrx_word' id='word_1_4' title='bbox 1740 1139 1743 1146; x_wconf 69' lang='lat'><strong><em>‹</em></strong></span> 
     </span>
    </p>
   </div>
   <div class='ocr_carea' id='block_1_2' title="bbox 633 1229 2308 1345">
    <p class='ocr_par' dir='ltr' id='par_1_2' title="bbox 633 1229 2308 1345">
     <span class='ocr_line' id='line_1_2' title="bbox 633 1229 2308 1345; baseline 0.002 -32"><span class='ocrx_word' id='word_1_5' title='bbox 633 1249 818 1310; x_wconf 70' lang='lat' dir='ltr'><strong>Pnunnlv.</strong></span> <span class='ocrx_word' id='word_1_6' title='bbox 856 1238 1214 1345; x_wconf 82' lang='lat' dir='ltr'><strong>auditores,quibus</strong></span> <span class='ocrx_word' id='word_1_7' title='bbox 1228 1236 1398 1313; x_wconf 83' lang='lat' dir='ltr'><strong>tradetur</strong></span> <span class='ocrx_word' id='word_1_8' title='bbox 1409 1236 1451 1316; x_wconf 92' lang='lat' dir='ltr'><strong>id</strong></span> <span class='ocrx_word' id='word_1_9' title='bbox 1463 1236 1569 1344; x_wconf 91' lang='lat' dir='ltr'><strong>qnod</strong></span> <span class='ocrx_word' id='word_1_10' title='bbox 1580 1264 1648 1341; x_wconf 92' lang='lat' dir='ltr'><strong>per</strong></span> <span class='ocrx_word' id='word_1_11' title='bbox 1659 1235 1777 1312; x_wconf 89' lang='lat' dir='ltr'><strong>dictos</strong></span> <span class='ocrx_word' id='word_1_12' title='bbox 1789 1233 2064 1312; x_wconf 84' lang='lat' dir='ltr'><strong>commissarios</strong></span> <span class='ocrx_word' id='word_1_13' title='bbox 2076 1261 2187 1340; x_wconf 86' lang='lat' dir='ltr'><strong>super</strong></span> <span class='ocrx_word' id='word_1_14' title='bbox 2196 1238 2268 1316; x_wconf 89' lang='lat' dir='ltr'><strong>hoc</strong></span> <span class='ocrx_word' id='word_1_15' title='bbox 2304 1229 2308 1235; x_wconf 40' lang='lat'><strong><em>⁴</em></strong></span> 
     </span>
    </p>
   </div>
   <div class='ocr_carea' id='block_1_3' title="bbox 693 1343 1225 1446">
    <p class='ocr_par' dir='ltr' id='par_1_3' title="bbox 693 1343 1225 1446">
     <span class='ocr_line' id='line_1_3' title="bbox 693 1343 1225 1446; baseline -0.008 0"><span class='ocrx_word' id='word_1_16' title='bbox 693 1343 755 1385; x_wconf 57' lang='grc' dir='ltr'><strong>Μ’</strong></span> <span class='ocrx_word' id='word_1_17' title='bbox 858 1369 975 1446; x_wconf 79' lang='lat' dir='ltr'><strong>extitit</strong></span> <span class='ocrx_word' id='word_1_18' title='bbox 994 1367 1225 1444; x_wconf 89' lang='lat' dir='ltr'><strong>inchoatum.</strong></span> 
     </span>
    </p>
   </div>
   <div class='ocr_carea' id='block_1_4' title="bbox 910 1495 1477 1731">
    <p class='ocr_par' dir='ltr' id='par_1_4' title="bbox 910 1495 1477 1731">
     <span class='ocr_line' id='line_1_4' title="bbox 910 1495 1366 1576; baseline -0.004 0"><span class='ocrx_word' id='word_1_19' title='bbox 910 1501 951 1576; x_wconf 91' lang='lat' dir='ltr'><strong>In</strong></span> <span class='ocrx_word' id='word_1_20' title='bbox 971 1498 1066 1576; x_wconf 82' lang='lat' dir='ltr'><strong>festo</strong></span> <span class='ocrx_word' id='word_1_21' title='bbox 1086 1497 1186 1574; x_wconf 88' lang='lat' dir='ltr'><strong>beati</strong></span> <span class='ocrx_word' id='word_1_22' title='bbox 1206 1495 1366 1574; x_wconf 87' lang='lat' dir='ltr'><strong>Andree.</strong></span> 
     </span>
     <span class='ocr_line' id='line_1_5' title="bbox 910 1627 1477 1731; baseline -0.012 -23"><span class='ocrx_word' id='word_1_23' title='bbox 910 1630 960 1708; x_wconf 88' lang='lat' dir='ltr'><strong>M.</strong></span> <span class='ocrx_word' id='word_1_24' title='bbox 981 1632 1012 1705; x_wconf 85' lang='lat' dir='ltr'><strong>l.</strong></span> <span class='ocrx_word' id='word_1_25' title='bbox 1034 1627 1246 1709; x_wconf 87' lang='lat' dir='ltr'><strong>Anthonius</strong></span> <span class='ocrx_word' id='word_1_26' title='bbox 1264 1627 1477 1731; x_wconf 80' lang='lat' dir='ltr'>reportavit.</span> 
     </span>
    </p>
   </div>
   <div class='ocr_carea' id='block_1_5' title="bbox 850 1885 2270 3816">
    <p class='ocr_par' dir='ltr' id='par_1_5' title="bbox 850 1885 2270 3557">
     <span class='ocr_line' id='line_1_6' title="bbox 909 1885 2270 1995; baseline 0.006 -30"><span class='ocrx_word' id='word_1_27' title='bbox 909 1890 983 1965; x_wconf 89' lang='lat' dir='ltr'><strong>Vll.</strong></span> <span class='ocrx_word' id='word_1_28' title='bbox 1015 1888 1129 1977; x_wconf 90' lang='lat' dir='ltr'><strong>Cum,</strong></span> <span class='ocrx_word' id='word_1_29' title='bbox 1151 1887 1357 1995; x_wconf 89' lang='lat' dir='ltr'><strong>aquodam</strong></span> <span class='ocrx_word' id='word_1_30' title='bbox 1377 1885 1565 1994; x_wconf 87' lang='lat' dir='ltr'><strong>judicato,</strong></span> <span class='ocrx_word' id='word_1_31' title='bbox 1591 1915 1660 1992; x_wconf 90' lang='lat' dir='ltr'><strong>per</strong></span> <span class='ocrx_word' id='word_1_32' title='bbox 1678 1889 1820 1968; x_wconf 89' lang='lat' dir='ltr'><strong>curiam</strong></span> <span class='ocrx_word' id='word_1_33' title='bbox 1842 1890 2047 1968; x_wconf 86' lang='lat' dir='ltr'><strong>secularem</strong></span> <span class='ocrx_word' id='word_1_34' title='bbox 2067 1893 2213 1971; x_wconf 89' lang='lat' dir='ltr'><strong>abbatis</strong></span> <span class='ocrx_word' id='word_1_35' title='bbox 2232 1911 2270 1973; x_wconf 89' lang='lat' dir='ltr'><strong>et</strong></span> 
     </span>
     <span class='ocr_line' id='line_1_7' title="bbox 855 2016 2270 2124; baseline 0.004 -28"><span class='ocrx_word' id='word_1_36' title='bbox 855 2036 1056 2096; x_wconf 85' lang='lat' dir='ltr'><strong>conventus</strong></span> <span class='ocrx_word' id='word_1_37' title='bbox 1075 2016 1407 2096; x_wconf 84' lang='lat' dir='ltr'><strong>SancteGenovese</strong></span> <span class='ocrx_word' id='word_1_38' title='bbox 1426 2017 1643 2095; x_wconf 86' lang='lat' dir='ltr'><strong>Parisiensis</strong></span> <span class='ocrx_word' id='word_1_39' title='bbox 1662 2046 1731 2124; x_wconf 90' lang='lat' dir='ltr'><strong>pro</strong></span> <span class='ocrx_word' id='word_1_40' title='bbox 1749 2020 1887 2099; x_wconf 88' lang='lat' dir='ltr'><strong>Jacobo</strong></span> <span class='ocrx_word' id='word_1_41' title='bbox 1906 2021 2090 2113; x_wconf 89' lang='lat' dir='ltr'><strong>Boucelli,</strong></span> <span class='ocrx_word' id='word_1_42' title='bbox 2112 2025 2188 2101; x_wconf 88' lang='lat' dir='ltr'><strong>cive</strong></span> <span class='ocrx_word' id='word_1_43' title='bbox 2207 2027 2270 2102; x_wconf 93' lang='lat' dir='ltr'><strong>Pa·</strong></span> 
     </span>
     <span class='ocr_line' id='line_1_8' title="bbox 856 2147 2266 2260; baseline 0.003 -34"><span class='ocrx_word' id='word_1_44' title='bbox 856 2149 1016 2237; x_wconf 84' lang='lat' dir='ltr'><strong>risiensi,</strong></span> <span class='ocrx_word' id='word_1_45' title='bbox 1043 2148 1119 2226; x_wconf 85' lang='lat' dir='ltr'><strong>lato</strong></span> <span class='ocrx_word' id='word_1_46' title='bbox 1143 2164 1271 2226; x_wconf 89' lang='lat' dir='ltr'><strong>contra</strong></span> <span class='ocrx_word' id='word_1_47' title='bbox 1295 2147 1513 2256; x_wconf 88' lang='lat' dir='ltr'><strong>magistrum</strong></span> <span class='ocrx_word' id='word_1_48' title='bbox 1539 2148 1782 2227; x_wconf 88' lang='lat' dir='ltr'><strong>Lambertum</strong></span> <span class='ocrx_word' id='word_1_49' title='bbox 1811 2149 1858 2228; x_wconf 92' lang='lat' dir='ltr'><strong>de</strong></span> <span class='ocrx_word' id='word_1_50' title='bbox 1882 2153 2095 2260; x_wconf 87' lang='lat' dir='ltr'><strong>Voyssiaco‚</strong></span> <span class='ocrx_word' id='word_1_51' title='bbox 2123 2154 2266 2231; x_wconf 89' lang='lat' dir='ltr'><strong>domini</strong></span> 
     </span>
     <span class='ocr_line' id='line_1_9' title="bbox 855 2277 2266 2388; baseline 0 -30"><span class='ocrx_word' id='word_1_52' title='bbox 855 2279 965 2386; x_wconf 86' lang='lat' dir='ltr'><strong>Regis</strong></span> <span class='ocrx_word' id='word_1_53' title='bbox 986 2279 1184 2368; x_wconf 91' lang='lat' dir='ltr'><strong>clericum,</strong></span> <span class='ocrx_word' id='word_1_54' title='bbox 1204 2307 1271 2384; x_wconf 88' lang='lat' dir='ltr'><strong>per</strong></span> <span class='ocrx_word' id='word_1_55' title='bbox 1293 2277 1397 2385; x_wconf 92' lang='lat' dir='ltr'><strong>quod</strong></span> <span class='ocrx_word' id='word_1_56' title='bbox 1414 2278 1625 2386; x_wconf 85' lang='lat' dir='ltr'><strong>judicatum</strong></span> <span class='ocrx_word' id='word_1_57' title='bbox 1648 2281 1937 2385; x_wconf 82' lang='lat' dir='ltr'><strong>pronunciatum</strong></span> <span class='ocrx_word' id='word_1_58' title='bbox 1959 2280 2029 2358; x_wconf 85' lang='lat' dir='ltr'><strong>fuit</strong></span> <span class='ocrx_word' id='word_1_59' title='bbox 2047 2283 2167 2388; x_wconf 77' lang='lat' dir='ltr'><strong>quod,</strong></span> <span class='ocrx_word' id='word_1_60' title='bbox 2188 2309 2266 2362; x_wconf 90' lang='lat' dir='ltr'><strong>non</strong></span> 
     </span>
     <span class='ocr_line' id='line_1_10' title="bbox 857 2408 2262 2520; baseline 0.004 -32"><span class='ocrx_word' id='word_1_61' title='bbox 857 2411 1092 2488; x_wconf 79' lang='lat' dir='ltr'><strong>obstantibus</strong></span> <span class='ocrx_word' id='word_1_62' title='bbox 1111 2409 1324 2486; x_wconf 90' lang='lat' dir='ltr'><strong>racionibus</strong></span> <span class='ocrx_word' id='word_1_63' title='bbox 1350 2437 1393 2485; x_wconf 86' lang='lat' dir='ltr'><strong>ex</strong></span> <span class='ocrx_word' id='word_1_64' title='bbox 1419 2426 1523 2518; x_wconf 91' lang='lat' dir='ltr'><strong>parte</strong></span> <span class='ocrx_word' id='word_1_65' title='bbox 1550 2408 1639 2486; x_wconf 87' lang='lat' dir='ltr'><strong>dicti</strong></span> <span class='ocrx_word' id='word_1_66' title='bbox 1657 2409 1823 2516; x_wconf 84' lang='lat' dir='ltr'><strong>magistri</strong></span> <span class='ocrx_word' id='word_1_67' title='bbox 1844 2411 2030 2488; x_wconf 86' lang='lat' dir='ltr'><strong>Lamberti</strong></span> <span class='ocrx_word' id='word_1_68' title='bbox 2049 2413 2262 2520; x_wconf 83' lang='lat' dir='ltr'><strong>propositis,</strong></span> 
     </span>
     <span class='ocr_line' id='line_1_11' title="bbox 856 2537 2262 2648; baseline 0.002 -32"><span class='ocrx_word' id='word_1_69' title='bbox 856 2539 976 2618; x_wconf 91' lang='lat' dir='ltr'><strong>dictus</strong></span> <span class='ocrx_word' id='word_1_70' title='bbox 992 2539 1171 2629; x_wconf 83' lang='lat' dir='ltr'><strong>lacobus,</strong></span> <span class='ocrx_word' id='word_1_71' title='bbox 1188 2556 1316 2617; x_wconf 87' lang='lat' dir='ltr'><strong>contra</strong></span> <span class='ocrx_word' id='word_1_72' title='bbox 1331 2537 1565 2616; x_wconf 82' lang='lat' dir='ltr'><strong>defensiones</strong></span> <span class='ocrx_word' id='word_1_73' title='bbox 1581 2557 1739 2646; x_wconf 84' lang='lat' dir='ltr'><strong>exparte</strong></span> <span class='ocrx_word' id='word_1_74' title='bbox 1760 2539 1848 2617; x_wconf 90' lang='lat' dir='ltr'><strong>dicti</strong></span> <span class='ocrx_word' id='word_1_75' title='bbox 1862 2539 2025 2648; x_wconf 84' lang='lat' dir='ltr'>magistri</span> <span class='ocrx_word' id='word_1_76' title='bbox 2039 2543 2262 2648; x_wconf 86' lang='lat' dir='ltr'><strong>propositas,</strong></span> 
     </span>
     <span class='ocr_line' id='line_1_12' title="bbox 855 2667 2266 2777; baseline -0.001 -28"><span class='ocrx_word' id='word_1_77' title='bbox 855 2686 1000 2777; x_wconf 88' lang='lat' dir='ltr'><strong>poterat</strong></span> <span class='ocrx_word' id='word_1_78' title='bbox 1017 2668 1212 2775; x_wconf 90' lang='lat' dir='ltr'><strong>replicare,</strong></span> <span class='ocrx_word' id='word_1_79' title='bbox 1229 2697 1297 2775; x_wconf 89' lang='lat' dir='ltr'><strong>per</strong></span> <span class='ocrx_word' id='word_1_80' title='bbox 1313 2667 1457 2746; x_wconf 89' lang='lat' dir='ltr'><strong>dictum</strong></span> <span class='ocrx_word' id='word_1_81' title='bbox 1470 2669 1687 2776; x_wconf 90' lang='lat' dir='ltr'><strong>magistrum</strong></span> <span class='ocrx_word' id='word_1_82' title='bbox 1704 2669 1947 2749; x_wconf 87' lang='lat' dir='ltr'><strong>Lambertum</strong></span> <span class='ocrx_word' id='word_1_83' title='bbox 1964 2673 2012 2749; x_wconf 87' lang='lat' dir='ltr'><strong>ad</strong></span> <span class='ocrx_word' id='word_1_84' title='bbox 2027 2671 2168 2748; x_wconf 87' lang='lat' dir='ltr'><strong>curiam</strong></span> <span class='ocrx_word' id='word_1_85' title='bbox 2179 2698 2266 2748; x_wconf 84' lang='lat' dir='ltr'><strong>nos-</strong></span> 
     </span>
     <span class='ocr_line' id='line_1_13' title="bbox 853 2798 2266 2906; baseline 0.001 -29"><span class='ocrx_word' id='word_1_86' title='bbox 853 2819 947 2878; x_wconf 89' lang='lat' dir='ltr'><strong>tram</strong></span> <span class='ocrx_word' id='word_1_87' title='bbox 966 2799 1194 2906; x_wconf 88' lang='lat' dir='ltr'><strong>appellatum</strong></span> <span class='ocrx_word' id='word_1_88' title='bbox 1218 2798 1370 2876; x_wconf 82' lang='lat' dir='ltr'><strong>fuisset:</strong></span> <span class='ocrx_word' id='word_1_89' title='bbox 1391 2798 1540 2875; x_wconf 84' lang='lat' dir='ltr'><strong>Auditis</strong></span> <span class='ocrx_word' id='word_1_90' title='bbox 1563 2827 1676 2905; x_wconf 89' lang='lat' dir='ltr'><strong>super</strong></span> <span class='ocrx_word' id='word_1_91' title='bbox 1695 2799 1768 2878; x_wconf 89' lang='lat' dir='ltr'><strong>hoc</strong></span> <span class='ocrx_word' id='word_1_92' title='bbox 1792 2800 1959 2906; x_wconf 88' lang='lat' dir='ltr'><strong>partibus</strong></span> <span class='ocrx_word' id='word_1_93' title='bbox 1978 2800 2019 2877; x_wconf 91' lang='lat' dir='ltr'><strong>in</strong></span> <span class='ocrx_word' id='word_1_94' title='bbox 2038 2829 2147 2878; x_wconf 91' lang='lat' dir='ltr'><strong>causa</strong></span> <span class='ocrx_word' id='word_1_95' title='bbox 2169 2800 2266 2878; x_wconf 87' lang='lat' dir='ltr'><strong>dicte</strong></span> 
     </span>
     <span class='ocr_line' id='line_1_14' title="bbox 855 2929 2268 3039; baseline -0.001 -31"><span class='ocrx_word' id='word_1_96' title='bbox 855 2929 1133 3039; x_wconf 87' lang='lat' dir='ltr'><strong>appellacionis,</strong></span> <span class='ocrx_word' id='word_1_97' title='bbox 1152 2949 1190 3008; x_wconf 90' lang='lat' dir='ltr'><strong>et</strong></span> <span class='ocrx_word' id='word_1_98' title='bbox 1201 2930 1279 3008; x_wconf 85' lang='lat' dir='ltr'><strong>viso</strong></span> <span class='ocrx_word' id='word_1_99' title='bbox 1298 2956 1473 3036; x_wconf 84' lang='lat' dir='ltr'><strong>processu</strong></span> <span class='ocrx_word' id='word_1_100' title='bbox 1493 2946 1530 3006; x_wconf 87' lang='lat' dir='ltr'><strong>et</strong></span> <span class='ocrx_word' id='word_1_101' title='bbox 1543 2929 1713 3036; x_wconf 85' lang='lat' dir='ltr'><strong>judicato</strong></span> <span class='ocrx_word' id='word_1_102' title='bbox 1730 2931 1926 3037; x_wconf 85' lang='lat' dir='ltr'><strong>predictis,</strong></span> <span class='ocrx_word' id='word_1_103' title='bbox 1941 2959 2010 3037; x_wconf 90' lang='lat' dir='ltr'><strong>per</strong></span> <span class='ocrx_word' id='word_1_104' title='bbox 2025 2931 2128 3008; x_wconf 87' lang='lat' dir='ltr'><strong>curie</strong></span> <span class='ocrx_word' id='word_1_105' title='bbox 2143 2947 2268 3016; x_wconf 89' lang='lat' dir='ltr'><strong>nostre</strong></span> 
     </span>
     <span class='ocr_line' id='line_1_15' title="bbox 850 3060 2268 3170; baseline -0.001 -31"><span class='ocrx_word' id='word_1_106' title='bbox 850 3062 1055 3170; x_wconf 91' lang='lat' dir='ltr'><strong>judicium,</strong></span> <span class='ocrx_word' id='word_1_107' title='bbox 1073 3060 1216 3138; x_wconf 91' lang='lat' dir='ltr'><strong>dictum</strong></span> <span class='ocrx_word' id='word_1_108' title='bbox 1229 3060 1303 3138; x_wconf 86' lang='lat' dir='ltr'><strong>suit</strong></span> <span class='ocrx_word' id='word_1_109' title='bbox 1314 3078 1352 3138; x_wconf 92' lang='lat' dir='ltr'><strong>et</strong></span> <span class='ocrx_word' id='word_1_110' title='bbox 1364 3061 1652 3167; x_wconf 85' lang='lat' dir='ltr'><strong>pronunciatum</strong></span> <span class='ocrx_word' id='word_1_111' title='bbox 1667 3061 1765 3138; x_wconf 84' lang='lat' dir='ltr'><strong>bene</strong></span> <span class='ocrx_word' id='word_1_112' title='bbox 1778 3061 1892 3139; x_wconf 84' lang='lat' dir='ltr'><strong>luisse</strong></span> <span class='ocrx_word' id='word_1_113' title='bbox 1901 3061 2113 3169; x_wconf 84' lang='lat' dir='ltr'><strong>judicatum</strong></span> <span class='ocrx_word' id='word_1_114' title='bbox 2125 3089 2194 3166; x_wconf 92' lang='lat' dir='ltr'><strong>per</strong></span> <span class='ocrx_word' id='word_1_115' title='bbox 2205 3091 2268 3138; x_wconf 92' lang='lat' dir='ltr'><strong>cu-</strong></span> 
     </span>
     <span class='ocr_line' id='line_1_16' title="bbox 855 3189 2266 3301; baseline 0.001 -34"><span class='ocrx_word' id='word_1_116' title='bbox 855 3192 947 3268; x_wconf 89' lang='lat' dir='ltr'><strong>riam</strong></span> <span class='ocrx_word' id='word_1_117' title='bbox 973 3191 1160 3268; x_wconf 88' lang='lat' dir='ltr'><strong>dictorum</strong></span> <span class='ocrx_word' id='word_1_118' title='bbox 1183 3189 1468 3301; x_wconf 90' lang='lat' dir='ltr'><strong>religiosorum,</strong></span> <span class='ocrx_word' id='word_1_119' title='bbox 1490 3209 1528 3268; x_wconf 92' lang='lat' dir='ltr'><strong>et</strong></span> <span class='ocrx_word' id='word_1_120' title='bbox 1547 3191 1760 3298; x_wconf 88' lang='lat' dir='ltr'><strong>predictum</strong></span> <span class='ocrx_word' id='word_1_121' title='bbox 1784 3192 2002 3298; x_wconf 86' lang='lat' dir='ltr'><strong>magistrum</strong></span> <span class='ocrx_word' id='word_1_122' title='bbox 2026 3189 2266 3268; x_wconf 88' lang='lat' dir='ltr'><strong>Lambertum</strong></span> 
     </span>
     <span class='ocr_line' id='line_1_17' title="bbox 854 3319 2263 3428; baseline -0.001 -30"><span class='ocrx_word' id='word_1_123' title='bbox 854 3320 951 3398; x_wconf 89' lang='lat' dir='ltr'><strong>male</strong></span> <span class='ocrx_word' id='word_1_124' title='bbox 967 3320 1186 3425; x_wconf 76' lang='lat' dir='ltr'><strong>appellasse,</strong></span> <span class='ocrx_word' id='word_1_125' title='bbox 1205 3338 1244 3397; x_wconf 90' lang='lat' dir='ltr'><strong>et</strong></span> <span class='ocrx_word' id='word_1_126' title='bbox 1262 3319 1443 3398; x_wconf 89' lang='lat' dir='ltr'><strong>redibunt</strong></span> <span class='ocrx_word' id='word_1_127' title='bbox 1453 3339 1577 3425; x_wconf 88' lang='lat' dir='ltr'><strong>partes</strong></span> <span class='ocrx_word' id='word_1_128' title='bbox 1592 3320 1637 3397; x_wconf 90' lang='lat' dir='ltr'><strong>ad</strong></span> <span class='ocrx_word' id='word_1_129' title='bbox 1653 3321 1836 3399; x_wconf 89' lang='lat' dir='ltr'><strong>dictorum</strong></span> <span class='ocrx_word' id='word_1_130' title='bbox 1852 3320 2110 3428; x_wconf 86' lang='lat' dir='ltr'><strong>religiosorum</strong></span> <span class='ocrx_word' id='word_1_131' title='bbox 2125 3320 2263 3396; x_wconf 89' lang='lat' dir='ltr'><strong>curiam</strong></span> 
     </span>
     <span class='ocr_line' id='line_1_18' title="bbox 854 3449 1805 3557; baseline 0 -32"><span class='ocrx_word' id='word_1_132' title='bbox 854 3451 1041 3528; x_wconf 86' lang='lat' dir='ltr'><strong>incorum</strong></span> <span class='ocrx_word' id='word_1_133' title='bbox 1060 3449 1254 3556; x_wconf 84' lang='lat' dir='ltr'><strong>principali</strong></span> <span class='ocrx_word' id='word_1_134' title='bbox 1274 3478 1383 3528; x_wconf 91' lang='lat' dir='ltr'><strong>causa</strong></span> <span class='ocrx_word' id='word_1_135' title='bbox 1402 3449 1559 3528; x_wconf 88' lang='lat' dir='ltr'><strong>ulterius</strong></span> <span class='ocrx_word' id='word_1_136' title='bbox 1578 3477 1805 3557; x_wconf 81' lang='lat' dir='ltr'><strong>processura.</strong></span> 
     </span>
    </p>

    <p class='ocr_par' dir='ltr' id='par_1_6' title="bbox 908 3578 1702 3689">
     <span class='ocr_line' id='line_1_19' title="bbox 908 3578 1702 3689; baseline -0.003 -31"><span class='ocrx_word' id='word_1_137' title='bbox 908 3580 1083 3658; x_wconf 87' lang='lat' dir='ltr'><strong>Mercurii</strong></span> <span class='ocrx_word' id='word_1_138' title='bbox 1104 3579 1143 3654; x_wconf 89' lang='lat' dir='ltr'><strong>in</strong></span> <span class='ocrx_word' id='word_1_139' title='bbox 1166 3578 1259 3659; x_wconf 82' lang='lat' dir='ltr'><strong>festo</strong></span> <span class='ocrx_word' id='word_1_140' title='bbox 1279 3580 1387 3658; x_wconf 85' lang='lat' dir='ltr'><strong>beate</strong></span> <span class='ocrx_word' id='word_1_141' title='bbox 1405 3581 1520 3658; x_wconf 90' lang='lat' dir='ltr'><strong>Lucie</strong></span> <span class='ocrx_word' id='word_1_142' title='bbox 1541 3579 1702 3689; x_wconf 80' lang='lat' dir='ltr'><strong>virginis.</strong></span> 
     </span>
    </p>

    <p class='ocr_par' dir='ltr' id='par_1_7' title="bbox 909 3709 1335 3816">
     <span class='ocr_line' id='line_1_20' title="bbox 909 3709 1335 3816; baseline -0.007 -28"><span class='ocrx_word' id='word_1_143' title='bbox 909 3709 1033 3788; x_wconf 77' lang='lat' dir='ltr'><strong>Monoi</strong></span> <span class='ocrx_word' id='word_1_144' title='bbox 1046 3710 1256 3816; x_wconf 82' lang='lat' dir='ltr'><strong>reportavit.</strong></span> <span class='ocrx_word' id='word_1_145' title='bbox 1332 3787 1335 3814; x_wconf 30' lang='grc' dir='ltr'><strong><em>ἶ</em></strong></span> 
     </span>
    </p>
   </div>
   <div class='ocr_carea' id='block_1_6' title="bbox 779 3943 2265 5496">
    <p class='ocr_par' dir='ltr' id='par_1_8' title="bbox 847 3943 2265 5234">
     <span class='ocr_line' id='line_1_21' title="bbox 908 3943 2265 4064; baseline 0.001 -30"><span class='ocrx_word' id='word_1_146' title='bbox 908 3943 999 4035; x_wconf 86' lang='lat' dir='ltr'><strong>VIIl.</strong></span> <span class='ocrx_word' id='word_1_147' title='bbox 1030 3954 1129 4033; x_wconf 91' lang='lat' dir='ltr'><strong>Cum</strong></span> <span class='ocrx_word' id='word_1_148' title='bbox 1149 3971 1229 4032; x_wconf 87' lang='lat' dir='ltr'><strong>orta</strong></span> <span class='ocrx_word' id='word_1_149' title='bbox 1248 3972 1344 4033; x_wconf 87' lang='lat' dir='ltr'><strong>esset</strong></span> <span class='ocrx_word' id='word_1_150' title='bbox 1356 3955 1544 4034; x_wconf 87' lang='lat' dir='ltr'><strong>discordia</strong></span> <span class='ocrx_word' id='word_1_151' title='bbox 1563 3980 1689 4032; x_wconf 89' lang='lat' dir='ltr'><strong>eoram</strong></span> <span class='ocrx_word' id='word_1_152' title='bbox 1703 3953 1878 4064; x_wconf 90' lang='lat' dir='ltr'><strong>gentibus</strong></span> <span class='ocrx_word' id='word_1_153' title='bbox 1896 3954 2031 4034; x_wconf 85' lang='lat' dir='ltr'><strong>nostris</strong></span> <span class='ocrx_word' id='word_1_154' title='bbox 2051 3955 2265 4036; x_wconf 86' lang='lat' dir='ltr'><strong>tenentibus</strong></span> 
     </span>
     <span class='ocr_line' id='line_1_22' title="bbox 852 4085 2262 4178; baseline 0.001 -16"><span class='ocrx_word' id='word_1_155' title='bbox 852 4086 933 4164; x_wconf 91' lang='lat' dir='ltr'><strong>dies</strong></span> <span class='ocrx_word' id='word_1_156' title='bbox 953 4088 1177 4173; x_wconf 89' lang='lat' dir='ltr'><strong>Trecenses,</strong></span> <span class='ocrx_word' id='word_1_157' title='bbox 1202 4085 1301 4161; x_wconf 90' lang='lat' dir='ltr'><strong>inter</strong></span> <span class='ocrx_word' id='word_1_158' title='bbox 1324 4085 1498 4164; x_wconf 87' lang='lat' dir='ltr'><strong>abbatem</strong></span> <span class='ocrx_word' id='word_1_159' title='bbox 1523 4102 1561 4163; x_wconf 88' lang='lat' dir='ltr'><strong>et</strong></span> <span class='ocrx_word' id='word_1_160' title='bbox 1584 4103 1809 4162; x_wconf 87' lang='lat' dir='ltr'><strong>conventum</strong></span> <span class='ocrx_word' id='word_1_161' title='bbox 1836 4086 2050 4163; x_wconf 86' lang='lat' dir='ltr'><strong>monasterii</strong></span> <span class='ocrx_word' id='word_1_162' title='bbox 2075 4086 2123 4164; x_wconf 88' lang='lat' dir='ltr'><strong>de</strong></span> <span class='ocrx_word' id='word_1_163' title='bbox 2146 4088 2262 4178; x_wconf 82' lang='lat' dir='ltr'><strong>Rese,</strong></span> 
     </span>
     <span class='ocr_line' id='line_1_23' title="bbox 850 4216 2264 4322; baseline 0.001 -29"><span class='ocrx_word' id='word_1_164' title='bbox 850 4217 997 4296; x_wconf 90' lang='lat' dir='ltr'><strong>racione</strong></span> <span class='ocrx_word' id='word_1_165' title='bbox 1022 4218 1126 4295; x_wconf 90' lang='lat' dir='ltr'><strong>curie</strong></span> <span class='ocrx_word' id='word_1_166' title='bbox 1150 4216 1324 4294; x_wconf 88' lang='lat' dir='ltr'><strong>secularis</strong></span> <span class='ocrx_word' id='word_1_167' title='bbox 1345 4243 1495 4306; x_wconf 91' lang='lat' dir='ltr'><strong>eorum,</strong></span> <span class='ocrx_word' id='word_1_168' title='bbox 1518 4245 1562 4294; x_wconf 84' lang='lat' dir='ltr'><strong>ex</strong></span> <span class='ocrx_word' id='word_1_169' title='bbox 1581 4244 1657 4293; x_wconf 91' lang='lat' dir='ltr'><strong>una</strong></span> <span class='ocrx_word' id='word_1_170' title='bbox 1681 4232 1800 4322; x_wconf 88' lang='lat' dir='ltr'><strong>parte,</strong></span> <span class='ocrx_word' id='word_1_171' title='bbox 1823 4233 1861 4292; x_wconf 90' lang='lat' dir='ltr'><strong>et</strong></span> <span class='ocrx_word' id='word_1_172' title='bbox 1880 4216 2102 4294; x_wconf 89' lang='lat' dir='ltr'><strong>Henriotum</strong></span> <span class='ocrx_word' id='word_1_173' title='bbox 2123 4216 2264 4294; x_wconf 90' lang='lat' dir='ltr'><strong>dictum</strong></span> 
     </span>
     <span class='ocr_line' id='line_1_24' title="bbox 851 4345 2264 4453; baseline -0.001 -29"><span class='ocrx_word' id='word_1_174' title='bbox 851 4347 1000 4436; x_wconf 90' lang='lat' dir='ltr'><strong>Lcdier,</strong></span> <span class='ocrx_word' id='word_1_175' title='bbox 1023 4364 1061 4424; x_wconf 90' lang='lat' dir='ltr'><strong>et</strong></span> <span class='ocrx_word' id='word_1_176' title='bbox 1079 4347 1312 4436; x_wconf 85' lang='lat' dir='ltr'><strong>lobannem,</strong></span> <span class='ocrx_word' id='word_1_177' title='bbox 1334 4346 1416 4453; x_wconf 87' lang='lat' dir='ltr'><strong>ejus</strong></span> <span class='ocrx_word' id='word_1_178' title='bbox 1442 4345 1585 4436; x_wconf 89' lang='lat' dir='ltr'><strong>filium,</strong></span> <span class='ocrx_word' id='word_1_179' title='bbox 1609 4375 1652 4422; x_wconf 87' lang='lat' dir='ltr'><strong>ex</strong></span> <span class='ocrx_word' id='word_1_180' title='bbox 1678 4345 1814 4434; x_wconf 86' lang='lat' dir='ltr'><strong>altera,</strong></span> <span class='ocrx_word' id='word_1_181' title='bbox 1837 4373 1951 4452; x_wconf 86' lang='lat' dir='ltr'><strong>super</strong></span> <span class='ocrx_word' id='word_1_182' title='bbox 1970 4373 2015 4423; x_wconf 89' lang='lat' dir='ltr'><strong>ec</strong></span> <span class='ocrx_word' id='word_1_183' title='bbox 2039 4346 2145 4452; x_wconf 90' lang='lat' dir='ltr'><strong>quod</strong></span> <span class='ocrx_word' id='word_1_184' title='bbox 2166 4347 2264 4424; x_wconf 89' lang='lat' dir='ltr'><strong>Hen-</strong></span> 
     </span>
     <span class='ocr_line' id='line_1_25' title="bbox 851 4474 2264 4585; baseline 0.001 -34"><span class='ocrx_word' id='word_1_185' title='bbox 851 4477 969 4553; x_wconf 88' lang='lat' dir='ltr'><strong>rictus</strong></span> <span class='ocrx_word' id='word_1_186' title='bbox 989 4493 1028 4552; x_wconf 86' lang='lat' dir='ltr'><strong>et</strong></span> <span class='ocrx_word' id='word_1_187' title='bbox 1043 4477 1233 4553; x_wconf 85' lang='lat' dir='ltr'><strong>lohannes</strong></span> <span class='ocrx_word' id='word_1_188' title='bbox 1247 4475 1421 4582; x_wconf 88' lang='lat' dir='ltr'><strong>predicti,</strong></span> <span class='ocrx_word' id='word_1_189' title='bbox 1437 4493 1693 4585; x_wconf 85' lang='lat' dir='ltr'><strong>proponentes</strong></span> <span class='ocrx_word' id='word_1_190' title='bbox 1713 4475 1818 4581; x_wconf 89' lang='lat' dir='ltr'><strong>quod</strong></span> <span class='ocrx_word' id='word_1_191' title='bbox 1832 4477 1934 4553; x_wconf 88' lang='lat' dir='ltr'><strong>curia</strong></span> <span class='ocrx_word' id='word_1_192' title='bbox 1953 4474 2128 4554; x_wconf 88' lang='lat' dir='ltr'><strong>secularis</strong></span> <span class='ocrx_word' id='word_1_193' title='bbox 2149 4474 2264 4552; x_wconf 89' lang='lat' dir='ltr'><strong>dicto-</strong></span> 
     </span>
     <span class='ocr_line' id='line_1_26' title="bbox 851 4604 2264 4714; baseline -0.001 -32"><span class='ocrx_word' id='word_1_194' title='bbox 851 4633 935 4682; x_wconf 90' lang='lat' dir='ltr'><strong>rum</strong></span> <span class='ocrx_word' id='word_1_195' title='bbox 953 4604 1214 4713; x_wconf 90' lang='lat' dir='ltr'><strong>religiosorum</strong></span> <span class='ocrx_word' id='word_1_196' title='bbox 1230 4606 1443 4696; x_wconf 88' lang='lat' dir='ltr'><strong>Luciotam,</strong></span> <span class='ocrx_word' id='word_1_197' title='bbox 1465 4635 1621 4686; x_wconf 82' lang='lat' dir='ltr'><strong>uxorem</strong></span> <span class='ocrx_word' id='word_1_198' title='bbox 1641 4604 1813 4684; x_wconf 89' lang='lat' dir='ltr'><strong>Henrioti</strong></span> <span class='ocrx_word' id='word_1_199' title='bbox 1837 4605 2011 4714; x_wconf 86' lang='lat' dir='ltr'><strong>predicti,</strong></span> <span class='ocrx_word' id='word_1_200' title='bbox 2034 4604 2181 4682; x_wconf 86' lang='lat' dir='ltr'><strong>racione</strong></span> <span class='ocrx_word' id='word_1_201' title='bbox 2199 4632 2264 4680; x_wconf 87' lang='lat' dir='ltr'><strong>cu-</strong></span> 
     </span>
     <span class='ocr_line' id='line_1_27' title="bbox 847 4732 2264 4842; baseline -0.002 -30"><span class='ocrx_word' id='word_1_202' title='bbox 847 4735 996 4842; x_wconf 85' lang='lat' dir='ltr'><strong>jusdam</strong></span> <span class='ocrx_word' id='word_1_203' title='bbox 1018 4735 1208 4842; x_wconf 87' lang='lat' dir='ltr'><strong>burgesie,</strong></span> <span class='ocrx_word' id='word_1_204' title='bbox 1230 4752 1393 4841; x_wconf 88' lang='lat' dir='ltr'><strong>ceperat,</strong></span> <span class='ocrx_word' id='word_1_205' title='bbox 1419 4755 1458 4814; x_wconf 92' lang='lat' dir='ltr'><strong>et</strong></span> <span class='ocrx_word' id='word_1_206' title='bbox 1474 4738 1619 4816; x_wconf 87' lang='lat' dir='ltr'><strong>tamdiu</strong></span> <span class='ocrx_word' id='word_1_207' title='bbox 1638 4737 1677 4814; x_wconf 94' lang='lat' dir='ltr'><strong>in</strong></span> <span class='ocrx_word' id='word_1_208' title='bbox 1704 4765 1847 4814; x_wconf 90' lang='lat' dir='ltr'><strong>carcere</strong></span> <span class='ocrx_word' id='word_1_209' title='bbox 1872 4753 2044 4814; x_wconf 89' lang='lat' dir='ltr'><strong>tenuerat</strong></span> <span class='ocrx_word' id='word_1_210' title='bbox 2062 4734 2168 4839; x_wconf 90' lang='lat' dir='ltr'><strong>quod</strong></span> <span class='ocrx_word' id='word_1_211' title='bbox 2186 4732 2264 4839; x_wconf 87' lang='lat' dir='ltr'><strong>ipsa</strong></span> 
     </span>
     <span class='ocr_line' id='line_1_28' title="bbox 851 4864 2265 4974; baseline 0.002 -35"><span class='ocrx_word' id='word_1_212' title='bbox 851 4864 992 4942; x_wconf 87' lang='lat' dir='ltr'><strong>ibidem</strong></span> <span class='ocrx_word' id='word_1_213' title='bbox 1015 4864 1193 4958; x_wconf 86' lang='lat' dir='ltr'><strong>decessit,</strong></span> <span class='ocrx_word' id='word_1_214' title='bbox 1221 4864 1399 4973; x_wconf 88' lang='lat' dir='ltr'><strong>petebant</strong></span> <span class='ocrx_word' id='word_1_215' title='bbox 1421 4866 1493 4946; x_wconf 86' lang='lat' dir='ltr'><strong>sibi</strong></span> <span class='ocrx_word' id='word_1_216' title='bbox 1515 4896 1626 4974; x_wconf 88' lang='lat' dir='ltr'><strong>super</strong></span> <span class='ocrx_word' id='word_1_217' title='bbox 1645 4869 1717 4945; x_wconf 92' lang='lat' dir='ltr'><strong>hoc</strong></span> <span class='ocrx_word' id='word_1_218' title='bbox 1738 4866 1928 4974; x_wconf 85' lang='lat' dir='ltr'><strong>justiciam</strong></span> <span class='ocrx_word' id='word_1_219' title='bbox 1948 4866 2134 4952; x_wconf 83' lang='lat' dir='ltr'><strong>exhiberi,</strong></span> <span class='ocrx_word' id='word_1_220' title='bbox 2157 4864 2265 4942; x_wconf 89' lang='lat' dir='ltr'><strong>dictis</strong></span> 
     </span>
     <span class='ocr_line' id='line_1_29' title="bbox 849 4992 2264 5102; baseline 0.001 -32"><span class='ocrx_word' id='word_1_221' title='bbox 849 4994 1048 5100; x_wconf 86' lang='lat' dir='ltr'><strong>religiosis,</strong></span> <span class='ocrx_word' id='word_1_222' title='bbox 1063 4994 1111 5070; x_wconf 86' lang='lat' dir='ltr'><strong>ad</strong></span> <span class='ocrx_word' id='word_1_223' title='bbox 1130 4995 1297 5102; x_wconf 90' lang='lat' dir='ltr'><strong>ipsorum</strong></span> <span class='ocrx_word' id='word_1_224' title='bbox 1313 5012 1350 5072; x_wconf 91' lang='lat' dir='ltr'><strong>et</strong></span> <span class='ocrx_word' id='word_1_225' title='bbox 1367 4996 1470 5072; x_wconf 89' lang='lat' dir='ltr'><strong>curie</strong></span> <span class='ocrx_word' id='word_1_226' title='bbox 1487 5026 1552 5076; x_wconf 86' lang='lat' dir='ltr'><strong>sue</strong></span> <span class='ocrx_word' id='word_1_227' title='bbox 1572 4996 1747 5076; x_wconf 90' lang='lat' dir='ltr'><strong>secularis</strong></span> <span class='ocrx_word' id='word_1_228' title='bbox 1762 4996 2018 5074; x_wconf 90' lang='lat' dir='ltr'><strong>innocenciam</strong></span> <span class='ocrx_word' id='word_1_229' title='bbox 2038 5023 2151 5101; x_wconf 90' lang='lat' dir='ltr'><strong>super</strong></span> <span class='ocrx_word' id='word_1_230' title='bbox 2170 4992 2264 5072; x_wconf 86' lang='lat' dir='ltr'><strong>lacto</strong></span> 
     </span>
     <span class='ocr_line' id='line_1_30' title="bbox 849 5123 2264 5234; baseline 0.003 -36"><span class='ocrx_word' id='word_1_231' title='bbox 849 5125 1017 5230; x_wconf 88' lang='lat' dir='ltr'><strong>predicto</strong></span> <span class='ocrx_word' id='word_1_232' title='bbox 1046 5125 1300 5232; x_wconf 82' lang='lat' dir='ltr'><strong>purgandam,</strong></span> <span class='ocrx_word' id='word_1_233' title='bbox 1331 5125 1369 5200; x_wconf 93' lang='lat' dir='ltr'><strong>in</strong></span> <span class='ocrx_word' id='word_1_234' title='bbox 1393 5129 1618 5206; x_wconf 88' lang='lat' dir='ltr'><strong>contrarium</strong></span> <span class='ocrx_word' id='word_1_235' title='bbox 1645 5126 1943 5234; x_wconf 86' lang='lat' dir='ltr'><strong>proponentibus</strong></span> <span class='ocrx_word' id='word_1_236' title='bbox 1962 5125 2089 5233; x_wconf 91' lang='lat' dir='ltr'><strong>quod,</strong></span> <span class='ocrx_word' id='word_1_237' title='bbox 2116 5127 2147 5202; x_wconf 91' lang='lat' dir='ltr'><strong>si</strong></span> <span class='ocrx_word' id='word_1_238' title='bbox 2169 5123 2264 5202; x_wconf 90' lang='lat' dir='ltr'><strong>dicta</strong></span> 
     </span>
    </p>

    <p class='ocr_par' dir='ltr' id='par_1_9' title="bbox 779 5253 2264 5496">
     <span class='ocr_line' id='line_1_31' title="bbox 779 5253 2263 5365; baseline -0.001 -35"><span class='ocrx_word' id='word_1_239' title='bbox 779 5319 788 5330; x_wconf 93' lang='lat'><em>.</em></span> <span class='ocrx_word' id='word_1_240' title='bbox 849 5254 1004 5332; x_wconf 90' lang='lat' dir='ltr'><strong>Luciota</strong></span> <span class='ocrx_word' id='word_1_241' title='bbox 1026 5274 1063 5332; x_wconf 89' lang='lat' dir='ltr'><strong>et</strong></span> <span class='ocrx_word' id='word_1_242' title='bbox 1085 5256 1302 5344; x_wconf 91' lang='lat' dir='ltr'><strong>Henrictus,</strong></span> <span class='ocrx_word' id='word_1_243' title='bbox 1326 5253 1407 5361; x_wconf 89' lang='lat' dir='ltr'><strong>ejus</strong></span> <span class='ocrx_word' id='word_1_244' title='bbox 1432 5259 1606 5348; x_wconf 88' lang='lat' dir='ltr'><strong>maritus,</strong></span> <span class='ocrx_word' id='word_1_245' title='bbox 1628 5286 1696 5364; x_wconf 91' lang='lat' dir='ltr'><strong>per</strong></span> <span class='ocrx_word' id='word_1_246' title='bbox 1716 5273 1845 5365; x_wconf 87' lang='lat' dir='ltr'><strong>gentes</strong></span> <span class='ocrx_word' id='word_1_247' title='bbox 1868 5284 2018 5346; x_wconf 90' lang='lat' dir='ltr'><strong>eorum,</strong></span> <span class='ocrx_word' id='word_1_248' title='bbox 2043 5255 2094 5332; x_wconf 93' lang='lat' dir='ltr'><strong>ob</strong></span> <span class='ocrx_word' id='word_1_249' title='bbox 2118 5279 2263 5330; x_wconf 85' lang='lat' dir='ltr'><strong>causam</strong></span> 
     </span>
     <span class='ocr_line' id='line_1_32' title="bbox 848 5384 2264 5496; baseline -0.004 -33"><span class='ocrx_word' id='word_1_250' title='bbox 848 5385 1038 5494; x_wconf 91' lang='lat' dir='ltr'><strong>burgesie,</strong></span> <span class='ocrx_word' id='word_1_251' title='bbox 1062 5386 1156 5493; x_wconf 88' lang='lat' dir='ltr'><strong>capti</strong></span> <span class='ocrx_word' id='word_1_252' title='bbox 1177 5384 1338 5475; x_wconf 82' lang='lat' dir='ltr'><strong>fuerant,</strong></span> <span class='ocrx_word' id='word_1_253' title='bbox 1360 5386 1433 5466; x_wconf 91' lang='lat' dir='ltr'><strong>hoc</strong></span> <span class='ocrx_word' id='word_1_254' title='bbox 1448 5389 1550 5496; x_wconf 89' lang='lat' dir='ltr'><strong>juste</strong></span> <span class='ocrx_word' id='word_1_255' title='bbox 1574 5405 1610 5466; x_wconf 90' lang='lat' dir='ltr'><strong>et</strong></span> <span class='ocrx_word' id='word_1_256' title='bbox 1631 5388 1732 5466; x_wconf 90' lang='lat' dir='ltr'><strong>licite</strong></span> <span class='ocrx_word' id='word_1_257' title='bbox 1750 5387 1870 5466; x_wconf 83' lang='lat' dir='ltr'><strong>lacere</strong></span> <span class='ocrx_word' id='word_1_258' title='bbox 1889 5398 2109 5492; x_wconf 85' lang='lat' dir='ltr'><strong>potuerunt,</strong></span> <span class='ocrx_word' id='word_1_259' title='bbox 2132 5409 2264 5460; x_wconf 91' lang='lat' dir='ltr'><strong>secun-</strong></span> 
     </span>
    </p>
   </div>
   <div class='ocr_carea' id='block_1_7' title="bbox 0 0 2914 7286">
    <p class='ocr_par' dir='ltr' id='par_1_10' title="bbox 0 0 2914 7286">
     <span class='ocr_line' id='line_1_33' title="bbox 0 0 2914 7286; baseline 0 0"><span class='ocrx_word' id='word_1_260' title='bbox 0 0 2914 7286; x_wconf 95' lang='lat' dir='ltr'><strong> </strong></span> 
     </span>
    </p>
   </div>
  </div>
 </body>
</html>
