5817 7292
1027 1028 1290 1135 nNQusrns
1314 1044 1378 1119 nr
1403 1027 1609 1122 nnocss.
1952 1043 2028 1122 ssa

607 1184 843 1297 proponebat
859 1206 945 1293 pars
962 1187 1146 1293 predicta,
1167 1215 1283 1294 quare
1305 1186 1454 1267 dicabat
1471 1187 1590 1294 petita
1612 1213 1657 1263 ex
1671 1182 1826 1265 adverso
1844 1186 1929 1265 lieri
1949 1213 2028 1267 non
2066 1192 2107 1249 ΡΙ
2108 1208 2198 1250 ¹¹¹¹¹¹
2209 1196 2253 1259 tv,
2289 1175 2293 1184 ¹

609 1318 766 1409 debeam
786 1317 854 1425 qui
872 1317 1102 1425 prepositus,
1120 1318 1259 1397 auditis
1276 1318 1491 1397 racionibus
1510 1318 1558 1395 ab
1583 1333 1742 1424 utraque
1762 1334 1868 1424 porte
1886 1346 2029 1427 propo·
2128 1286 2193 1331 Μ’

607 1448 705 1537 sitis,
716 1476 908 1555 persuum
915 1448 1117 1557 judicium,
1136 1448 1294 1527 absolvit
1302 1450 1494 1557 predictos
1507 1448 1737 1556 Betbynium
1750 1464 1789 1525 et
1796 1450 2025 1539 lobannam,

608 1579 921 1689 garantisatricem
936 1579 1053 1687 ipsius
1066 1579 1252 1687 Betbynii,
1271 1580 1319 1659 ab
1329 1580 1572 1689 impeticione
1584 1578 1752 1686 predicta
1766 1580 1955 1657 dictomm
1970 1607 2031 1657 ac-

608 1726 753 1801 torum,
770 1712 964 1821 agentium
980 1710 1201 1791 nominibus
1215 1711 1357 1819 quibus
1371 1740 1502 1820 aupm
1517 1740 1538 1789 a
1554 1738 1632 1819 quo
1639 1709 1821 1818 judicato,
1836 1726 2030 1818 tamqnam

609 1838 700 1920 falso
715 1858 753 1919 et
768 1870 894 1949 pravo,
911 1840 1033 1919 dictus
1047 1843 1199 1931 Petrus,
1219 1870 1297 1948 quo
1314 1870 1426 1950 supra
1443 1842 1618 1931 nomine,
1634 1840 1683 1917 sd
1699 1856 1866 1918 nostram
1886 1840 2029 1919 cumam

609 1972 826 2079 appellavit:
849 1971 999 2050 Auditis
1018 1971 1135 2079 igitur
1158 1971 1268 2049 dictis
1286 1973 1459 2078 partibus
1480 1972 1521 2047 in
1540 1999 1649 2049 causa
1664 1970 1930 2076 appellacionis
1947 1998 2033 2077 pre-

609 2100 708 2177 dicte
729 2118 767 2177 at
787 2103 866 2179 viso
885 2128 1062 2207 processu
1081 2100 1269 2207 predicto,
1296 2130 1366 2209 per
1381 2103 1572 2211 judicium
1596 2102 1863 2193 emissores,
1886 2102 2031 2180 dictum

607 2227 680 2307 luit
696 2230 909 2337 predictum
923 2230 1157 2339 prepositum
1169 2230 1269 2309 bena
1274 2232 1481 2342 judicasse,
1499 2250 1538 2311 et
1552 2234 1696 2311 dicturo
1708 2236 1862 2312 Petrum
1875 2234 1923 2312 de
1936 2236 2031 2313 Pon-

606 2360 735 2451 tisara,
756 2360 977 2441 nominibus
999 2361 1138 2469 quibus
1151 2390 1282 2469 supra,
1306 2362 1403 2441 male
1422 2362 1647 2470 appellasse,
1668 2379 1707 2439 st
1725 2364 1831 2469 qnod
1850 2364 1931 2471 ipse
1957 2366 2032 2443 hoc

607 2488 836 2569 emendabit.
1199 2492 1205 2501 '

665 2621 829 2701 Sabbato
848 2638 935 2733 post
950 2622 1139 2701 estivalem
1156 2620 1295 2701 festum
1310 2621 1411 2699 beati
1427 2619 1593 2703 Martini.

665 2751 718 2831 M.
736 2752 948 2859 Stephanus
963 2752 1010 2831 de
1021 2752 1203 2832 Housseia
1222 2752 1435 2861 reportavit.

663 3014 772 3097 LVII.
792 3016 877 3094 Lite
887 3032 1006 3109 mota,
1017 3042 1142 3095 coram
1152 3014 1292 3095 ballivo
1303 3014 1529 3106 Turonensi,
1541 3016 1643 3093 inter
1651 3014 2033 3122 lingonemGuillel·

607 3172 714 3223 mum
730 3162 769 3223 et
783 3144 1002 3225 Gnidonem
1020 3146 1259 3255 deBauceyo,
1277 3145 1521 3236 domicellos,
1537 3144 1689 3237 frames,
1706 3174 1751 3224 ex
1765 3162 1871 3253 parta
1882 3176 1976 3237 una,
1993 3164 2032 3225 et

607 3274 825 3355 Guidonem
833 3276 993 3366 Odsrdi,
1005 3277 1179 3366 militem,
1196 3276 1484 3383 etAymaricum
1495 3276 1652 3366 Odardi,
1664 3274 1903 3367 semiferum,
1917 3302 2033 3384 nepo

606 3420 684 3483 tem
699 3434 824 3495 suum,
842 3432 886 3483 οι
902 3405 1030 3497 altera,
1047 3432 1161 3512 snper
1176 3433 1222 3484 eo
1237 3404 1344 3512 quod
1359 3404 1449 3482 dicti
1464 3402 1596 3482 fratres
1612 3402 1789 3481 dicebant
1802 3404 1923 3483 dictos
1936 3406 2033 3484 mili-

606 3550 739 3613 temet
757 3534 995 3641 Aymericum
1016 3534 1197 3643 injuriose
1216 3550 1255 3612 et
1274 3564 1360 3612 cum
1377 3535 1490 3611 armis
1505 3534 1651 3640 rupisse
1671 3536 1896 3641 chauceyam
1912 3537 2032 3644 cujus·

610 3663 695 3740 dam
710 3663 831 3741 stanni
846 3663 1015 3766 ipsorum
1025 3660 1198 3752 fratrum,
1211 3662 1272 3739 siti
1284 3690 1403 3769 prope
1415 3679 1578 3739 castrum
1592 3688 1706 3738 suum
1720 3661 1769 3737 de
1781 3660 2030 3773 Champigny,

608 3792 797 3899 ipsosque,
809 3807 964 3897 propter
972 3790 1192 3898 rupcionem
1201 3790 1603 3899 predictammagnam
1612 3790 1860 3899 quantitatem
1870 3792 2030 3898 piscium

609 3921 754 3999 ibidem
766 3919 1009 3997 existencium
1025 3948 1146 4027 usque
1161 3920 1209 3998 sd
1221 3919 1386 3997 valorem
1402 3920 1695 4027 quingentarum
1706 3920 1890 3998 librarum
1901 3921 2031 4028 perdi-

610 4050 721 4161 disse,
737 4066 776 4127 at
791 4051 946 4127 eosdem
958 4048 1089 4127 fratres
1104 4049 1174 4127 alia
1191 4048 1300 4157 plura
1315 4049 1487 4157 dampna,
1502 4050 1684 4157 usquead
1698 4078 1883 4129 summam
1895 4052 2029 4131 decem

611 4181 773 4260 millium
784 4180 979 4270 librarum,
992 4180 1188 4282 occasione
1201 4179 1299 4259 dicte
1309 4197 1479 4287 rupture,
1492 4180 1707 4273 incurrisse,
1723 4181 1920 4290 dictosque
1930 4182 2032 4262 mili·

609 4329 688 4392 tem
707 4329 748 4391 et
764 4311 1004 4421 Aymericnm
1023 4312 1205 4389 violenter
1229 4310 1369 4419 cepisse
1394 4310 1652 4391 Guillelmunr
1665 4313 1714 4391 de
1733 4314 1924 4405 Mnemon,
1946 4342 2029 4394 scn-

608 4442 784 4535 tilsrnm,
807 4442 855 4521 sd
875 4441 1167 4522 custodiendum
1184 4442 1326 4521 dicnrm
1343 4458 1521 4521 stannum
1531 4470 1601 4550 per
1619 4443 1740 4523 dictos
1757 4440 1890 4537 fratres
1909 4444 2031 4553 depu-

608 4590 746 4665 tatum,
779 4602 914 4652 manus
938 4590 976 4653 et
994 4574 1110 4681 pedes
1137 4574 1217 4683 ejus
1241 4574 1390 4683 ligasse,
1411 4574 1618 4683 pluresque
1647 4602 1817 4653 exossam
1842 4573 1882 4653 in
1912 4574 2030 4683 ipsius

609 4704 805 4815 Guillelmi
821 4732 1038 4815 personam,
1052 4723 1094 4784 ut
1109 4705 1312 4797 dicebatur,
1334 4706 1586 4799 commisisse,
1606 4732 1721 4814 quara
1739 4706 1920 4813 petebant
1938 4706 2029 4785 dicti

609 4834 741 4917 fratres
763 4837 835 4917 sibi
866 4838 987 4917 dictos
1014 4836 1175 4916 militem
1203 4838 1496 4947 etAymericum
1516 4838 1557 4915 in
1583 4836 1762 4945 predictis
1782 4836 2029 4945 pecsmisrnm

610 4970 767 5047 summis
780 4968 1068 5076 condempnari,
1081 4984 1121 5047 et
1133 4968 1238 5061 alias,
1255 4986 1411 5077 propter
1424 4968 1519 5047 lacta
1532 4968 1763 5079 hujusmodi,
1775 4968 1904 5077 puniri
1915 4984 2031 5077 prout

612 5115 670 5177 ast
681 5100 857 5193 racionis3
871 5100 1041 5209 iactaque
1054 5100 1243 5209 inquens,
1261 5127 1375 5208 super
1388 5100 1583 5208 predictis,
1597 5128 1668 5209 per
1679 5100 1822 5179 dictum
1830 5098 2028 5190 ballivum,

613 5243 652 5307 et
663 5228 766 5306 curis
778 5249 921 5323 nostre,
936 5230 983 5309 sd
994 5230 1262 5339 judicandum,
1275 5248 1479 5339 reportata,
1494 5258 1582 5310 cnm
1591 5230 1682 5310 dicti
1696 5230 1828 5309 batres
1835 5256 1919 5307 eam
1930 5244 2031 5336 pete·

612 5374 697 5435 rant
708 5357 886 5467 judicari,
909 5362 1076 5472 dictique
1092 5362 1201 5441 miles
1221 5378 1258 5441 et
1272 5361 1492 5471 Aymericus
1513 5360 1673 5441 eandem
1686 5359 1843 5440 omnino
1856 5374 2030 5465 peterent
