5817 7292
849 1112 898 1190 84
1434 1109 1526 1184 bns
1555 1107 1696 1184 OLIM.

621 1263 753 1318 rarum
767 1261 809 1326 tv,
850 1253 970 1329 dictos
998 1249 1216 1356 Philippum
1242 1265 1280 1325 ct
1303 1248 1477 1327 consules
1508 1248 1756 1356 interpositis,
1784 1247 1929 1326 dictum
1956 1248 2272 1354 impedimentum

685 1355 747 1397 '³⁰¹'
848 1385 888 1460 in
908 1381 1141 1489 possessione
1164 1378 1350 1456 dictarum
1369 1379 1519 1458 bladate
1540 1396 1579 1458 et
1594 1380 1716 1457 nnete
1737 1377 1863 1456 eidem
1879 1378 2087 1456 bertrando
2103 1407 2172 1485 per
2189 1410 2274 1487 pre·

851 1515 970 1594 dictos
984 1515 1199 1622 appositum
1215 1539 1293 1590 esse
1308 1513 1582 1606 amovendum,
1597 1527 1636 1589 et
1648 1511 1792 1589 dictum
1806 1511 2059 1588 Bertrandum
2073 1512 2123 1588 ad
2134 1527 2273 1588 statum
2289 1600 2294 1608 ⁵

848 1647 888 1722 in
914 1676 992 1753 quo
1017 1662 1095 1722 erat
1118 1661 1289 1748 tempore
1313 1641 1402 1719 dicti
1423 1642 1687 1749 impedimenti
1707 1640 1866 1749 appositi
1886 1641 2166 1734 reducendum,
2187 1670 2275 1749 pro·

850 1775 1019 1854 bibendo
1039 1803 1105 1865 ne,
1131 1771 1369 1849 contradicti
1385 1772 1544 1880 judicati
1561 1790 1753 1861 tenorem,
1773 1772 1843 1879 ipsi
1863 1773 1921 1851 vel
1936 1772 2001 1850 alii
2021 1774 2165 1852 dictum
2183 1775 2275 1851 Ber-

846 1906 1026 1985 trandum
1045 1903 1256 2012 impediant
1273 1902 1332 1980 vel
1352 1904 1585 2011 perturbent.

903 2037 1003 2114 Iovis
1018 2051 1104 2142 post
1123 2033 1351 2113 Brandones.

903 2165 1104 2244 Toffardus
1123 2164 1336 2272 reportavit.

904 2431 1013 2510 XXV.
1044 2431 1217 2536 lnqnesta
1232 2429 1279 2506 ad
1294 2429 1514 2508 instanciam
1528 2429 1725 2508 bertrandi
1737 2430 1784 2508 de
1796 2431 2024 2521 Pestilhaco‚
2042 2448 2171 2510 contra
2180 2460 2270 2512 con-

849 2561 950 2638 sules
970 2579 1008 2640 et
1027 2561 1255 2638 habitatores
1274 2559 1419 2638 bastide
1441 2560 1763 2669 Montis-Caprarii
1787 2578 1825 2639 et
1846 2562 1988 2641 vicinos
2008 2563 2195 2642 dictorum
2213 2564 2271 2644 lo-

848 2720 997 2782 corum,
1021 2709 1059 2769 et
1078 2691 1289 2800 specialiter
1309 2709 1438 2770 contra
1451 2693 1685 2770 Armandum
1705 2692 1754 2770 de
1772 2692 2070 2784 Monte-Acuto,
2088 2694 2267 2785 militem,

847 2823 941 2900 lacta
964 2852 1077 2930 super
1096 2821 1339 2901 clandestinis
1359 2822 1554 2903 maleficiis
1577 2824 1617 2903 in
1636 2823 1881 2914 molendinis,
1903 2825 2069 2934 stangnis
2087 2844 2126 2903 et
2144 2826 2271 2904 domi-

847 2953 920 3031 bus
941 2954 1031 3031 dioti
1052 2955 1247 3032 Bertrandi
1264 2957 1502 3062 perpetratis,
1523 2972 1678 3063 propter
1697 2955 1952 3062 suspicionem
1971 2973 2009 3034 et
2026 2956 2164 3036 vicium
2183 2986 2271 3065 pro·

847 3113 972 3164 cessus
999 3084 1115 3192 ipsius
1144 3086 1333 3192 inqueste,
1363 3085 1436 3164 fnit
1462 3115 1531 3194 per
1558 3088 1701 3164 orniam
1729 3085 1896 3164 totaliter
1922 3085 2097 3165 anullata.
2129 3089 2272 3166 Poterit

847 3232 974 3294 tamen
997 3217 1101 3295 idem
1124 3217 1369 3305 bertrandus,
1394 3218 1424 3294 si
1445 3217 1624 3312 voluerit,
1647 3218 1781 3295 iterato
1804 3246 1918 3324 super
1944 3217 2054 3295 dictis
2076 3218 2271 3298 maleficiis

848 3348 1027 3454 conqueri
1046 3366 1084 3426 et
1102 3376 1146 3426 ea
1162 3348 1342 3454 prosequi
1357 3365 1401 3426 ut
1416 3347 1582 3426 debebit.

902 3481 1001 3557 Iovis
1020 3498 1106 3587 post
1123 3479 1350 3558 Brandones.

902 3610 1103 3690 Toffardus
1120 3610 1332 3717 reportavit.

901 3873 1028 3954 XXVI.
1057 3877 1233 3983 lnqnesta
1247 3875 1296 3954 ad
1312 3874 1531 3952 instanciam
1544 3874 1741 3952 bertrandi
1756 3875 1804 3954 de
1818 3873 2027 3952 Pestilbaco
2046 3890 2175 3951 contra
2186 3874 2269 3953 Phi·

847 4005 995 4112 lippum
1016 4005 1063 4083 de
1091 4006 1301 4084 Joncberiis
1327 4022 1522 4084 tenentem
1544 4004 1671 4084 locum
1696 4005 1917 4115 gardiatoris
1942 4004 2088 4084 bastide
2114 4007 2270 4084 Montis·

846 4134 1026 4244 Caprarii,
1055 4164 1204 4217 necnon
1229 4136 1399 4216 consules
1424 4155 1461 4215 et
1485 4135 1578 4214 alios
1602 4136 1650 4214 de
1677 4137 1777 4214 dicta
1795 4135 1941 4215 bastida
1960 4135 2055 4213 facta
2073 4165 2188 4243 super
2207 4167 2268 4216 ex-

846 4267 1011 4346 cessibus
1035 4286 1074 4345 et
1096 4269 1287 4348 violenciis
1309 4268 1414 4348 factis
1433 4270 1474 4346 in
1499 4284 1618 4346 castro
1644 4270 1691 4345 de
1710 4266 1937 4359 Pestilbaco,
1958 4284 2113 4375 propter
2129 4269 2268 4346 vicium

844 4425 1041 4501 processus
1065 4399 1182 4504 ipsius
1206 4401 1393 4507 inqueste,
1414 4429 1484 4508 per
1505 4398 1649 4477 curiam
1669 4399 1789 4477 extitit
1806 4398 1986 4491 anullata,
2008 4416 2047 4478 et
2065 4398 2268 4478 reficienda

846 4545 902 4606 est
920 4555 989 4633 per
1007 4527 1153 4634 aliquos
1172 4531 1311 4636 probos
1330 4531 1396 4638 qui
1418 4549 1585 4638 exparte
1604 4530 1716 4640 Regis
1734 4531 1783 4610 ad
1801 4532 1875 4610 boc
1894 4531 2102 4609 mittentur.

900 4657 1043 4736 Eadem
1063 4658 1136 4737 die.
1295 4667 1298 4672 ’

901 4789 973 4866 Per
990 4788 1154 4866 eundem
1174 4807 1371 4897 reportata.

899 5051 1041 5131 XXVII.
1071 5052 1170 5132 Cum
1187 5053 1405 5133 collectores
1418 5055 1536 5133 nostri
1550 5073 1989 5148 manuummortuarnm,
2000 5083 2070 5162 pro
2083 5053 2208 5145 nobis,
2225 5055 2266 5132 in

843 5199 969 5260 nostra
988 5184 1270 5290 proposuissent
1289 5183 1391 5263 curia
1411 5203 1540 5264 contra
1557 5187 1770 5266 Iohannem
1789 5187 1964 5273 vaain,
1980 5187 2087 5294 quod
2105 5186 2185 5292 ipse
2203 5188 2266 5263 Jo-

844 5311 988 5392 bannes
1009 5331 1087 5392 erat
1111 5314 1227 5394 homo
1252 5314 1395 5394 servilis
1419 5315 1653 5395 condicionis
1678 5317 1726 5394 de
1744 5332 2012 5393 manumortua
2036 5333 2074 5393 et
2097 5315 2266 5394 lorisma-

843 5442 977 5555 ritagio
1005 5445 1184 5525 lobannis
1215 5445 1305 5523 dicti
1335 5447 1517 5558 Mengier,
1544 5446 1728 5535 scutiferi,
1758 5463 1796 5522 et
1826 5447 1933 5553 quod
1960 5446 2083 5524 dictus
2112 5446 2267 5526 scutifer
