5817 7292
866 1096 939 1171 tot
1446 1094 1536 1167 tas
1562 1091 1704 1168 OblM.

638 1252 768 1305 saraim
779 1250 823 1313 lb
861 1257 920 1318 ter
940 1266 1009 1317 nos
1025 1256 1063 1317 et
1081 1236 1255 1316 abbatem
1271 1253 1313 1314 et‘
1321 1234 1528 1343 capitulum
1542 1235 1698 1314 ecclesie
1716 1251 1941 1325 memorate,
1957 1264 2045 1313 curn
2067 1238 2227 1328 nonsit,
2246 1256 2289 1318 ut

699 1340 763 1385 Μ’
864 1372 1053 1459 dicebant,
1069 1356 1314 1447 certuslocus
1333 1368 1381 1444 ad
1397 1368 1611 1447 faciendum
1626 1367 1807 1473 premissa
1826 1368 2043 1473 deputatus;
2059 1398 2225 1477 cumque
2240 1400 2291 1449 ae

864 1521 1011 1585 sereret.
1023 1516 1245 1610 procurator
1262 1494 1454 1608 predictus
1471 1499 1576 1606 quod
1593 1499 1776 1577 medietas
1796 1496 1899 1576 dicte
1916 1497 2054 1577 domus
2069 1502 2215 1579 eisdem
2228 1501 2293 1579 ab·

863 1634 941 1713 bati
959 1651 996 1711 et
1017 1622 1199 1740 capitulo,
1217 1632 1305 1740 jure
1320 1659 1410 1720 suo,
1431 1629 1596 1708 debebat
1614 1627 1828 1718 confiscari,
1846 1657 1916 1708 nos
1935 1658 2050 1738 super
2065 1661 2176 1709 causa
2193 1633 2291 1711 dicte
2329 1654 2334 1662 ’

864 1763 1138 1846 confiscationis
1159 1762 1240 1872 ejus
1259 1779 1431 1868 tempore
1454 1779 1492 1838 et
1510 1760 1634 1839 valore
1656 1761 1755 1839 dicte
1776 1761 1929 1853 domus,
1948 1760 2108 1869 aliisque
2130 1763 2292 1843 circons-

826 1974 831 1987 ,
863 1898 995 1976 tauciis
1014 1894 1194 2004 premissa
1208 1892 1466 2003 tangentibus,
1484 1891 1794 1971 informacionem
1810 1890 1894 1970 fieri
1914 1894 2190 1987 mandavimus,
2211 1922 2293 1973 nos·

864 2047 923 2107 tro
937 2028 985 2105 ad
998 2027 1179 2134 premissa
1193 2042 1577 2134 procuratore'vocato
1593 2024 1704 2102 :Visa
1717 2024 1833 2131 igitur
1846 2052 1960 2131 super
1973 2026 2165 2131 premissis
2179 2026 2291 2105 infor-

836 2242 837 2247 ,
863 2160 1034 2239 macione
1056 2160 1104 2236 de
1125 2158 1302 2236 mandato
1323 2173 1470 2244 nostro,
1492 2170 1535 2234 ut
1553 2154 1798 2262 premittitur,
1819 2154 1930 2247 facta,
1950 2184 2020 2263 per
2038 2157 2141 2235 curie
2161 2174 2288 2235 nostra

859 2290 1065 2399 judicium,
1084 2290 1226 2367 dictum
1240 2288 1313 2365 fuit
1327 2288 1431 2395 quod
1446 2285 1666 2365 informacio
1680 2286 1850 2393 predicta
1862 2290 1941 2366 non
1949 2288 2190 2397 judicabitur,
2201 2315 2290 2365 cum

863 2420 958 2500 facta
979 2448 1054 2500 non
1075 2421 1190 2498 fucrit
1204 2408 1252 2497 ad
1272 2418 1389 2496 finem
1403 2418 1619 2526 judicandi,
1637 2418 1721 2510 sed,
1737 2419 1767 2497 si
1788 2438 2007 2526 procurator
2021 2420 2210 2498 dictorum
2224 2418 2290 2498 ab·

864 2553 960 2633 batis
976 2572 1013 2631 et
1033 2552 1184 2658 capituli
1201 2551 1290 2628 velit
1302 2549 1375 2628 boc
1394 2539 1590 2657 prosequi,
1608 2578 1679 2629 nos
1698 2579 1813 2657 super
1832 2551 2038 2657 premissis,
2050 2551 2189 2631 vocatis
2207 2579 2289 2658 pro

865 2703 1036 2763 curatore
1057 2700 1185 2762 nostro
1207 2700 1245 2759 et
1261 2682 1344 2760 aliis
1365 2679 1579 2770 evocandis,
1595 2678 1708 2789 plene
1723 2681 1904 2760 faciemus
1921 2682 2062 2791 inquiri
2076 2682 2287 2773 veritatem,

864 2833 901 2893 et
920 2816 1130 2924 inquestam
1150 2811 1368 2921 hujusmodi
1383 2803 1547 2920 judicari
1567 2830 1607 2891 et
1624 2813 1756 2893 debito
1773 2813 1850 2891 fine
1870 2812 2008 2893 decidi.

745 2923 749 2932 ,
919 2948 1046 3026 Martis
1064 2964 1151 3054 post
1170 2932 1319 3022 octabas
1339 2944 1563 3052 Epiphania.

872 3102 874 3105 ’
919 3081 968 3158 Μ.
986 3078 1031 3159 G.
1056 3080 1103 3157 de
1119 3079 1214 3155 Usco
1230 3074 1443 3185 reportavit.
1576 3094 1580 3097 ’

918 3344 1027 3423 xvtt.
1059 3343 1142 3420 Lite
1158 3358 1259 3420 mota
1280 3369 1405 3421 coram
1420 3342 1612 3449 preposito
1624 3340 1822 3422 Parisieusi
1836 3344 1935 3421 inter
1948 3344 2157 3421 Johannem
2170 3343 2207 3422 le
2218 3346 2248 3422 F
2250 3372 2288 3423 e·

859 3485 931 3553 ‘ron
948 3474 1277 3582 etEremburgim,
1296 3476 1377 3583 ejus
1392 3502 1566 3569 uxorem,
1580 3506 1623 3553 ex
1639 3504 1712 3552 una
1727 3492 1851 3582 parte,
1869 3492 1907 3552 et
1920 3474 2157 3581 Dyonisiam,
2175 3475 2286 3553 relic-

862 3624 938 3683 tam
955 3604 1044 3683 dicti
1060 3605 1235 3698 Huchon,
1255 3635 1299 3684 ex
1313 3605 1447 3695 altera,
1469 3634 1584 3713 super
1598 3633 1645 3685 eo
1658 3606 1763 3714 quod
1776 3633 1860 3713 pars
1874 3624 2032 3713 utraque
2047 3606 2198 3712 petebat
2212 3605 2283 3685 sibi

862 3737 1067 3846 adjudicari
1083 3739 1357 3845 possessionem
1371 3730 1567 3846 cujusdam
1588 3739 1727 3817 domus
1742 3738 1812 3816 site
1826 3736 1931 3846 juxta
1952 3736 2110 3845 forgiam
2129 3736 2286 3816 civitatis

860 3870 1092 3963 Parisiensis,
1110 3870 1157 3947 de
1178 3900 1250 3976 qua
1266 3870 1431 3950 ostensio
1450 3870 1523 3954 fuit
1538 3870 1648 3962 facta,
1665 3871 1773 3979 cujus
1789 3871 1925 3948 domus
1944 3869 2128 3977 possessio
2148 3870 2197 3947 ad
2211 3870 2288 3946 dic-

860 4018 936 4079 tam
953 4002 1219 4108 Ercmburgim
1235 4029 1303 4109 per
1322 4018 1484 4081 mortem
1505 4000 1661 4092 Robini‚
1685 4000 1756 4078 filii
1781 4000 1950 4080 defunm
1973 4000 2131 4079 Honorii
2147 4001 2286 4079 Mares-

860 4132 962 4222 cafli,
983 4150 1021 4210 et
1037 4133 1224 4223 Johanne,
1247 4134 1328 4243 ejus
1349 4134 1492 4225 uxoris,
1514 4133 1731 4223 devenerat,
1751 4149 1944 4241 tamquam
1965 4131 2183 4239 proximiori
2205 4133 2285 4241 ejus

858 4264 990 4341 heredi
1011 4265 1058 4342 ab
1078 4264 1268 4355 intestato,
1290 4282 1334 4343 ut
1353 4252 1528 4343 dicebant
1547 4253 1726 4375 conjuges
1746 4264 1967 4370 supradicti,
1989 4264 2087 4342 dicta
2107 4265 2284 4372 Dyouisia

859 4395 1086 4473 contrarium
1108 4410 1309 4487 asserente,
1338 4416 1375 4475 ct
1394 4397 1542 4475 dicente
1563 4424 1603 4474 se
1624 4423 1704 4474 esse
1724 4395 1763 4471 in
1788 4395 1922 4473 saisina
1941 4396 2081 4475 domus
2099 4396 2281 4503 predicte,

858 4544 1036 4634 tanquam
1056 4529 1324 4635 proximiorem
1345 4528 1528 4623 heredem
1549 4516 1640 4605 dicti
1658 4526 1827 4605 defuncti
1847 4526 2002 4618 Robini,
2024 4544 2062 4604 et
2078 4526 2184 4635 quod
2202 4555 2285 4633 pos·

858 4658 1061 4737 sessionem
1082 4659 1250 4766 ejusdcm
1273 4660 1410 4738 domus
1426 4660 1726 4768 apprehenderat
1745 4674 1946 4766 antequam
1967 4656 2066 4735 dicta
2081 4657 2282 4735 Erembur·

857 4788 932 4898 gis3
955 4790 1135 4898 inquisito
1165 4792 1212 4869 dc
1235 4789 1440 4900 premissis,
1462 4792 1586 4869 dictus
1611 4790 1842 4899 prepositus,
1862 4818 1931 4897 per
1948 4816 2060 4866 suum
2073 4787 2280 4898 judicium,

857 4921 1083 5030 adjudicavit
1100 4922 1273 5000 saisinam
1288 4922 1388 4999 dicte
1407 4922 1545 5001 domus
1558 4906 1737 5030 Dyonisie
1751 4920 1936 5028 predicte,
1954 4920 2163 5029 adjungens
2177 4922 2281 5028 quod

853 5054 1172 5161 impedimentum
1188 5053 1259 5131 sibi
1276 5053 1487 5161 appositum
1505 5079 1618 5160 super
1635 5053 1709 5131 boc
1720 5080 1790 5160 per
1805 5053 1926 5132 dictos
1940 5054 2117 5162 conjuges
2131 5078 2281 5131 amove·

854 5200 970 5274 retur,
993 5182 1089 5263 salva
1108 5184 1305 5292 questione
1326 5182 1566 5291 proprietatis
1585 5183 1811 5295 Eremburgi
1832 5183 2020 5290 predicte,
2042 5210 2157 5287 aquo
2174 5180 2278 5286 judi-

854 5333 952 5403 cato,
971 5332 1162 5423 tamquam
1183 5314 1276 5393 falso
1297 5329 1335 5392 et
1353 5342 1483 5421 pravo,
1506 5315 1596 5393 dicti
1612 5317 1789 5425 conjuges
1808 5315 1856 5392 ad
1873 5314 2017 5391 curiam
2034 5329 2201 5391 nostram
2215 5338 2278 5418 ap

853 5446 1063 5555 pellarunt:
1079 5447 1251 5525 Partibus
1268 5446 1383 5556 igitur
1402 5476 1529 5527 coram
1549 5434 1676 5538 nobis,
1698 5449 1737 5524 in
1754 5474 1862 5528 causa
1882 5446 1980 5523 dicte
1995 5442 2276 5553 appellacionis,
