5817 7292
1047 1113 1319 1222 nnoutrns
1345 1132 1408 1204 nr
1433 1115 1642 1208 proces.
2007 1134 2056 1207 aa

632 1269 830 1350 translacio
850 1299 927 1350 non
947 1271 1030 1364 fiet,
1048 1290 1086 1349 et
1104 1273 1208 1379 quod
1229 1272 1326 1350 dicte
1345 1271 1433 1352 ville
1453 1274 1526 1352 sub
1544 1273 1612 1352 illo
1631 1291 1794 1354 resaorto
1809 1275 2058 1353 remanebunt
2095 1285 2226 1340 enum
2238 1285 2282 1348 tv,

632 1399 704 1480 sub
724 1431 801 1508 quo
820 1403 899 1508 ipse
920 1403 1101 1482 hacteuus
1120 1402 1286 1482 fuerunt.
2158 1377 2220 1418 ’Μ’

690 1533 819 1610 Marcii
839 1551 925 1638 post
943 1535 1173 1616 Brandones.

689 1665 739 1744 Μ.
760 1663 874 1746 Atlou
896 1665 1109 1773 reportavit.

690 1928 846 2007 XXXIII.
877 1929 977 2008 Cum
995 1945 1221 2008 mercatores
1240 1930 1525 2020 ultramontani,
1553 1931 1592 2008 in
1612 1957 1728 2038 regno
1757 1947 1889 2008 nostro
1917 1957 2060 2007 moroa-

633 2076 735 2138 turas
753 2076 982 2149 exercentes,
1004 2060 1106 2136 curie
1126 2077 1252 2138 nostre
1273 2063 1470 2169 conquesti
1490 2061 1650 2140 fuissent
1667 2061 1715 2138 de
1730 2060 1955 2167 pedagiariis
1971 2087 2059 2137 nos·

632 2189 700 2266 tris
717 2189 995 2268 Peronensibus
1014 2219 1055 2270 ac
1076 2191 1124 2269 de
1144 2191 1367 2300 pedagiariis
1386 2192 1548 2303 Nigellc,
1570 2193 1738 2270 dicentes
1757 2191 1864 2297 quod
1883 2219 1969 2268 cum
1988 2191 2059 2297 ipsi

633 2317 671 2392 in
697 2317 872 2424 quolibet
898 2318 1088 2398 dictorum
1115 2321 1362 2428 pedagiorum
1388 2340 1663 2402 consueverunt
1689 2322 1736 2398 ab
1766 2321 1923 2429 antiquo
1951 2321 2059 2401 dictis

633 2447 854 2554 pedagiariis
876 2449 1020 2530 solvero
1044 2453 1308 2532 tantummodo
1330 2455 1461 2532 decem
1484 2470 1523 2532 et
1541 2471 1625 2532 octo
1646 2453 1820 2531 denarios
1840 2481 1928 2530 cum
1947 2451 2059 2530 obola

632 2577 872 2668 Parisienses,
894 2608 965 2686 pro
986 2581 1159 2687 quolibet
1174 2582 1331 2662 trosello
1347 2613 1557 2691 pannorum
1575 2584 1651 2660 sive
1667 2585 1714 2660 de
1732 2586 1762 2660 F
1763 2582 1907 2660 landria
1920 2584 1998 2660 sive
2012 2582 2059 2659 de

634 2708 826 2790 Astrabato
846 2729 910 2788 aut
927 2712 1082 2790 aliunde
1100 2713 1321 2819 hujusmodi
1338 2713 1501 2791 trosselli
1523 2713 1813 2800 adducerentur,
1835 2729 1874 2788 et
1891 2713 1931 2787 in
1946 2739 2061 2788 curru

635 2865 700 2916 seu
720 2840 900 2946 quadriga
921 2841 978 2918 vel
998 2841 1046 2917 ad
1064 2842 1206 2922 collum
1231 2871 1298 2920 seu
1325 2842 1397 2920 allo
1421 2840 1598 2920 vehiculo
1621 2843 1858 2929 veherentur,
1881 2857 1920 2916 et
1938 2840 1992 2917 sic
2013 2842 2059 2917 de

635 2969 802 3074 qualibet
819 2971 967 3079 chargia
985 3001 1053 3052 seu
1067 2973 1170 3080 giba,
1189 3001 1258 3079 pro
1278 3000 1437 3050 numero
1456 2971 1732 3061 trossellorum,
1748 2973 1837 3048 dicti
1857 2970 2060 3080 pedagiarii

634 3100 771 3208 injuste
788 3119 825 3178 et
843 3103 891 3180 de
906 3130 1003 3180 novo
1019 3103 1139 3182 dictos
1154 3121 1381 3182 mercatores
1396 3103 1673 3210 compellebant
1686 3105 1736 3180 ad
1749 3103 1973 3182 solvendum
1989 3106 2059 3195 eis,

635 3231 681 3308 de
702 3231 874 3340 quolibet
892 3233 1082 3324 trossello,
1104 3252 1180 3312 tres
1198 3236 1341 3314 solidos
1359 3252 1397 3312 et
1418 3236 1598 3313 undecim
1618 3235 1792 3314 denarios
1817 3236 2058 3326 Parisienses,

635 3363 740 3440 etsie
757 3365 805 3442 de
821 3362 991 3471 qualibet
1004 3364 1153 3473 chargia
1172 3393 1240 3442 seu
1257 3364 1344 3474 giba
1362 3393 1432 3471 pro
1449 3393 1611 3442 numero
1629 3365 1909 3456 trossellorum;
1925 3366 2062 3445 vocatis

633 3493 748 3598 igitur
765 3494 802 3572 in
820 3524 929 3574 causa
947 3495 1166 3602 hujusmodi
1184 3496 1293 3574 dictis
1312 3496 1552 3605 pedagiariis,
1575 3496 1624 3573 ad
1639 3497 1829 3574 dictorum
1844 3499 2062 3575 instanciam

633 3615 898 3717 mercatorum,
924 3656 965 3704 ac
993 3626 1102 3708 dictis
1126 3628 1349 3737 pedagiariis
1373 3627 1420 3706 de
1440 3628 1582 3736 Nigella
1606 3625 1824 3706 nolentibus
1845 3655 2062 3734 comparere

633 3785 702 3834 nec
733 3757 938 3836 defendere
971 3787 1119 3836 causam
1147 3759 1271 3849 istam,
1294 3759 1454 3866 predicti
1484 3757 1687 3864 pedagiarii
1713 3760 1944 3836 Peronenses
1973 3788 2062 3837 cum

635 3886 744 3964 dictis
767 3889 1038 3968 mercatoribus
1066 3891 1107 3968 in
1139 3919 1248 3970 causa
1273 3889 1493 3997 hujusmodi
1518 3905 1780 3995 processerunt
1805 3889 1919 3968 :Visa
1948 3890 2062 3997 igitur

634 4017 805 4122 inquesta
825 4049 941 4125 super
960 4021 1032 4100 hoc
1055 4022 1103 4102 de
1124 4021 1301 4100 mandato
1321 4021 1423 4102 curie
1445 4038 1574 4100 nostre
1592 4019 1702 4112 lacta,
1719 4047 1788 4127 per
1811 4023 1915 4098 curie
1935 4039 2061 4098 nostre

627 4146 833 4254 judicium,
856 4149 998 4256 dictum
1021 4149 1092 4228 luit
1111 4152 1218 4258 quod
1240 4149 1327 4228 dicti
1349 4149 1554 4256 pedagiarii
1574 4148 1692 4226 nostri
1715 4147 1913 4225 cessabunt
1932 4148 1978 4224 dc
2002 4177 2063 4226 ce-

632 4296 716 4355 tero
734 4279 780 4358 ab
799 4279 1016 4385 hujusmodi
1033 4281 1199 4360 indebita
1215 4280 1395 4368 novitate,
1414 4280 1621 4386 etantiqua
1638 4278 1873 4383 prestacione
1893 4279 2062 4386 predicta

636 4425 748 4488 erunt
767 4409 946 4488 contenti.

690 4541 867 4620 Mercurii
888 4557 971 4619 ante
987 4539 1330 4622 Annunciacionem
1353 4540 1593 4624 dominicam.

691 4672 742 4752 Μ.
763 4671 967 4782 Dyonisius
984 4674 1198 4780 reportavit.

688 4937 849 5018 XXXIV.
881 4937 978 5018 Cum
999 4937 1198 5028 Ysabcllis,
1220 4939 1375 5018 domina
1395 4939 1443 5018 dc
1464 4940 1576 5046 Faya‚
1593 4939 1697 5016 curie
1712 4954 1840 5016 nostre
1856 4955 2061 5046 conquesta

634 5066 768 5149 fatiscet
791 5095 905 5176 super
928 5069 1099 5176 eoquod
1123 5071 1219 5175 ipsa,
1233 5087 1278 5148 ut
1301 5069 1467 5160 dicebat,
1489 5070 1672 5148 existente
1685 5069 1732 5146 'in
1744 5069 1882 5148 saisina
1901 5068 2060 5148 manerii

636 5195 684 5276 de
708 5200 804 5306 Faya
828 5215 866 5277 et
884 5199 966 5308 ejus
986 5199 1323 5307 pertinencium,
1344 5229 1495 5280 necnon
1512 5217 1630 5292 terre,
1655 5201 1764 5279 castri
1788 5219 1827 5280 et
1846 5201 2060 5282 castellonio

636 5329 685 5408 de
711 5330 1025 5426 Monte-Morelli,
1048 5333 1251 5440 Dyonisius
1282 5333 1331 5412 de
1363 5332 1525 5424 Paredo,
1553 5333 1679 5421 miles,
1713 5333 1939 5411 senescallus
1969 5347 2062 5408 tunc

638 5460 902 5554 Xantonensis‚
923 5463 972 5542 ad
986 5464 1207 5544 instanciam
1224 5465 1353 5544 dilecti
1371 5481 1409 5544 et
1428 5463 1556 5543 fidelis
1574 5464 1693 5544 nostri
1708 5462 1859 5543 comitis
1877 5460 2059 5550 Marcbie,

748 5633 798 5676 LE!
819 5633 903 5678 OLIH.
927 5635 972 5679 111.
1919 5637 1955 5677 12
