5817 7292
996 1077 1263 1187 nuounrns
1289 1101 1353 1173 rr
1379 1067 1586 1175 proces.
1925 1101 1998 1173 sss

546 1242 551 1249 ’
584 1240 710 1327 electi,
725 1266 874 1317 necnon
888 1240 1020 1318 Petrus
1035 1238 1218 1329 Marcelli,
1232 1258 1424 1348 tamqnam
1440 1239 1653 1319 communis
1672 1240 1829 1331 amicus,
1846 1268 1999 1319 concor·
2040 1249 2170 1302 men
2183 1248 2227 1309 rv,

584 1369 684 1449 diter
702 1368 748 1447 ab
767 1368 951 1448 ambabus
969 1369 1139 1477 partibus
1158 1370 1335 1477 predictis
1357 1371 1517 1463 electus,
1540 1397 1653 1477 super
1676 1388 1805 1449 tenore
1825 1388 1864 1448 et
1881 1370 2002 1448 forma
2102 1340 2165 1383 rm.

584 1499 682 1577 dicte
703 1498 803 1606 pacis
828 1499 1061 1589 audirentur,
1084 1517 1122 1577 et
1137 1500 1243 1608 quod
1260 1502 1442 1609 quioquid
1460 1501 1559 1579 dicte
1579 1517 1724 1607 septem
1743 1526 1925 1607 persone,
1944 1502 2002 1577 vel

585 1630 705 1738 major
723 1658 807 1737 pars
823 1658 965 1721 aarum,
985 1659 1100 1737 super
1121 1630 1224 1709 dicto
1246 1650 1377 1709 tenore
1397 1631 1635 1711 concorditer
1649 1632 1948 1719 testificarentur,
1966 1648 2004 1709 et

586 1761 766 1854 dicerent,
786 1762 947 1839 firmiter
963 1791 984 1837 a
1001 1761 1110 1839 dietis
1124 1760 1292 1869 partibus
1307 1780 1512 1855 teneretur,
1531 1780 1569 1840 et
1587 1790 1701 1869 super
1716 1763 1791 1839 hoc
1804 1761 1913 1840 dictis
1927 1790 2006 1867 par·

584 1890 688 1969 tibus
704 1892 885 1971 darentur
901 1892 1026 1971 littere
1041 1892 1111 1969 sub
1130 1891 1253 2001 sigillo
1270 1892 1481 1984 Castelleti;
1502 1909 1556 1981 et,
1577 1911 1663 1999 post
1677 1892 1860 1997 predicte,
1877 1919 2003 1971 coram

587 2020 686 2099 dicto
714 2022 904 2128 preposito
931 2038 1031 2101 certa
1055 2021 1117 2099 die
1136 2022 1442 2127 comparentibus
1469 2023 1580 2100 dictis
1601 2022 1771 2129 partibus
1795 2039 1832 2098 et
1853 2050 1922 2128 per
1944 2050 2005 2099 eas

584 2150 746 2228 recitatis
762 2152 969 2259 premissis,
993 2151 1115 2228 dietus
1135 2151 1364 2256 prepositus,
1389 2180 1409 2227 a
1430 2151 1538 2229 dictis
1558 2170 1704 2257 septem
1722 2151 1895 2259 personis
1909 2151 2006 2258 jura·

585 2295 713 2357 mento
733 2296 884 2387 recepto
904 2280 952 2358 de
973 2278 1132 2357 dicenda
1152 2307 1266 2388 super
1279 2298 1411 2359 tenore
1425 2298 1464 2358 et
1482 2281 1601 2360 forma
1621 2282 1721 2360 dicte
1739 2282 1839 2390 pacis
1860 2299 1898 2358 et
1915 2309 2006 2359 con-

584 2410 711 2489 cordie
729 2411 905 2500 veritate,
930 2429 968 2489 et
991 2411 1119 2489 audita
1142 2410 1344 2519 diligenter
1363 2441 1477 2517 super
1497 2414 1568 2490 hoc
1583 2413 1803 2489 earumdem
1819 2413 2005 2495 relacione

586 2559 624 2617 et
639 2540 901 2648 deposicione,
924 2558 962 2618 et
980 2541 1121 2619 deinde
1137 2557 1234 2621 certa
1250 2542 1310 2619 die
1332 2570 1457 2619 coram
1472 2542 1573 2620 dicto
1588 2543 1778 2649 preposito
1791 2543 1840 2619 ad
1854 2542 2005 2620 audien-

587 2670 682 2748 dum
701 2671 766 2779 jus
794 2672 833 2748 in
863 2698 970 2749 causa
994 2670 1162 2778 predicta
1183 2670 1292 2748 dictis
1316 2672 1483 2779 partibus
1506 2671 1704 2779 assignata,
1731 2672 1842 2750 etad
1869 2672 2005 2749 dictam

587 2800 689 2879 diem
702 2801 1007 2908 comparentibus
1023 2802 1061 2878 in
1077 2800 1225 2909 judicio
1240 2800 1348 2878 dictis
1367 2800 1554 2907 partibus,
1571 2819 1609 2879 et
1625 2804 1690 2911 jus
1709 2802 1781 2881 sibi
1803 2830 1916 2909 super
1937 2802 2009 2879 hoc

588 2930 672 3009 sieri
691 2930 971 3038 requirentibus
984 2930 1177 3020 instanter,
1200 2928 1323 3009 dictus
1340 2930 1571 3039 prepositus,
1586 2931 1663 3009 visa
1678 2930 1920 3037 deposicione
1933 2931 2009 3008 dic·
2058 2969 2064 2979 ·

588 3078 710 3139 tarum
725 3077 869 3168 septem
880 3088 1138 3167 personarum,
1154 3076 1193 3137 et
1206 3059 1336 3139 habito
1351 3087 1465 3168 super
1479 3061 1553 3139 lioc
1566 3061 1724 3141 consilio
1742 3060 1926 3169 diligenti,
1942 3092 2010 3169 per

587 3219 698 3269 suum
722 3189 932 3299 judicatum
959 3190 1243 3295 pronunciasset
1261 3189 1365 3296 quod
1384 3207 1509 3297 partes
1528 3191 1712 3297 predicte,
1735 3191 1909 3271 videlicet
1931 3194 2015 3270 dic-

586 3336 648 3397 tus
667 3318 896 3398 Guillelmus
911 3318 1046 3397 Pizdoe
1067 3335 1105 3397 et
1119 3319 1255 3409 Maria,
1276 3320 1359 3427 ejus
1378 3349 1483 3409 uxor,
1506 3349 1577 3426 pro
1593 3350 1649 3411 se,
1672 3350 1716 3398 ex
1735 3350 1809 3399 una
1828 3339 1949 3427 parte,
1972 3341 2009 3401 et

587 3450 775 3528 lohannes
794 3450 831 3528 le
850 3451 1006 3542 Breton,
1028 3477 1099 3556 pro
1117 3478 1174 3539 se,
1196 3478 1241 3527 ex
1257 3449 1389 3543 altera,
1409 3479 1523 3556 super
1535 3452 1673 3530 debato
1687 3452 1857 3559 predicto
1878 3479 2010 3530 conse·

589 3582 722 3659 derent
745 3597 783 3657 et
806 3580 1027 3658 acordarent
1050 3579 1090 3656 in
1109 3579 1256 3686 judicio
1277 3609 1402 3659 coram
1423 3607 1464 3659 se
1480 3580 1624 3659 litteras
1643 3582 1714 3661 sub
1732 3581 1857 3687 sigillo
1875 3611 2011 3689 prepo-

539 3748 542 3755 ’
590 3713 705 3789 siture
723 3708 938 3787 Parisiensis
958 3725 996 3785 et
1014 3707 1084 3785 snb
1104 3707 1318 3814 formaque
1338 3711 1522 3816 sequitur,
1542 3711 1581 3787 iu
1601 3711 1672 3787 hee
1688 3710 1822 3787 verba:
1845 3713 2008 3790 uAtouz

590 3865 680 3915 ceus
693 3838 759 3944 qui
782 3864 843 3915 ces
857 3836 987 3915 lettres
1000 3854 1168 3927 verront,
1186 3837 1305 3915 lehun
1323 3837 1512 3928 Ploibaut,
1531 3838 1644 3945 garde
1660 3838 1709 3915 de
1724 3838 1760 3914 la
1773 3856 1943 3945 prevoste
1961 3821 2014 3919 de'

591 3966 708 4057 Paris,
723 3966 843 4045 salut:
857 3964 1036 4047 Saichent
1047 3966 1122 4044 tuit
1135 3995 1214 4074 que
1228 3996 1294 4074 par
1308 3968 1443 4045 derant
1459 3995 1556 4046 nous
1570 3968 1743 4047 vindrent
1757 3997 1805 4046 en
1812 3970 2012 4077 jugement

591 4097 807 4178 Guillaume
824 4096 977 4188 Pizdoe,
996 4113 1146 4205 prevost
1165 4099 1232 4176 des
1250 4099 1483 4189 marcheans,
1506 4116 1545 4178 et
1559 4099 1692 4192 Mario,
1711 4129 1752 4178 sa
1765 4098 1879 4190 lame,
1897 4102 2010 4179 d’une

592 4245 690 4334 part,
705 4244 745 4305 et
756 4227 874 4306 Jehan
889 4227 926 4306 le
943 4229 1102 4319 Breton,
1117 4227 1275 4335 peletier
1288 4245 1326 4305 et
1340 4228 1521 4338 bourgois
1540 4231 1588 4309 de
1608 4230 1727 4324 Paris,
1751 4233 1892 4309 d'autre
1908 4251 2008 4338 part,

593 4375 632 4435 et
649 4376 901 4467 recognurent
913 4386 1002 4465 que,
1021 4386 1168 4437 comme
1181 4358 1332 4439 descors
1349 4376 1433 4437 eust
1450 4377 1529 4439 este
1545 4378 1649 4479 entre
1670 4360 1770 4451 euls,
1791 4390 1890 4471 pour
1901 4390 2011 4441 cause

593 4487 641 4565 de
658 4488 695 4565 la
712 4488 924 4568 succession
941 4487 1004 4567 ssu
1017 4489 1203 4579 Jehanue,
1219 4487 1317 4567 farne
1326 4488 1426 4597 judis
1440 4489 1579 4569 doudit
1595 4491 1715 4570 iehan
1734 4510 1772 4572 et
1789 4520 1878 4571 seur
1898 4494 1950 4572 de
1964 4494 2014 4573 la·

593 4618 671 4697 dite
696 4620 833 4711 Maris,
864 4620 988 4697 traitie
1016 4637 1055 4698 et
1082 4620 1217 4699 acorde
1242 4638 1298 4699 est
1323 4638 1429 4699 entre
1454 4621 1609 4702 lesdites
1636 4623 1775 4732 parties
1798 4653 1888 4731 que,
1914 4654 2012 4732 pour

593 4778 703 4831 cause
719 4750 977 4835 desmuebles
995 4751 1044 4831 de
1059 4750 1095 4828 la
1113 4750 1326 4831 succession
1342 4751 1389 4830 de
1404 4752 1521 4832 ludite
1540 4754 1730 4846 Jehanne,
1747 4755 1841 4835 ledit
1859 4756 2012 4837 lebana

593 4882 734 4986 promis
753 4910 774 4959 a
791 4881 894 4989 paier
909 4882 1017 4959 audit
1033 4880 1247 4961 Guillaume
1264 4900 1302 4961 ct
1316 4912 1336 4961 a
1351 4913 1391 4962 sa
1404 4883 1503 4963 fame
1525 4884 1610 4963 huit
1626 4914 1714 4965 cena
1734 4886 1845 4968 livres
1856 4888 2010 4997 parisis,

594 5012 680 5089 c'est
696 5009 856 5092 assavoir
873 5027 1006 5120 quatre
1026 5038 1114 5089 cena
1130 5010 1240 5091 livres
1260 5010 1314 5091 du
1331 5030 1451 5091 terme
1468 5012 1515 5091 de
1531 5013 1566 5093 la
1580 5015 1806 5097 Touesainz
1822 5019 2013 5099 darrenei-

594 5158 743 5220 remcnt
756 5170 884 5249 passea
900 5158 939 5221 et
957 5159 1088 5250 quatoe
1108 5170 1197 5221 cene
1215 5142 1326 5223 livres
1342 5174 1364 5223 a
1381 5144 1416 5225 la
1434 5144 1592 5225 Nativite
1611 5145 1708 5239 saint
1720 5148 2013 5257 lehun-Baptiste

595 5272 774 5376 prochain
789 5290 939 5366 venant,
956 5291 996 5353 et
1013 5302 1112 5381 pour
1129 5292 1211 5353 tant
1230 5291 1298 5355 ont
1315 5275 1411 5355 ledit
1429 5275 1645 5357 Guillaume
1658 5296 1697 5359 ct
1709 5309 1749 5359 sa
1763 5281 1861 5359 same
1876 5309 2013 5361 renon-

597 5401 652 5477 cie
672 5430 693 5479 a
715 5418 803 5481 tour
833 5404 888 5484 les
905 5406 1078 5487 muebles
1096 5406 1162 5515 qui
1184 5404 1347 5488 furente
1372 5406 1489 5487 ladite
1507 5411 1691 5503 Jehanne,
1713 5428 1752 5489 et
1769 5412 1889 5519 quitto
1907 5414 2012 5493 audit
