5817 7292
993 1027 1259 1133 avounrns
1286 1046 1349 1116 nr
1376 1026 1579 1119 Procas.
1918 1044 1991 1116 soa

572 1184 843 1263 decim-Ventis
857 1183 1016 1290 predicti
1031 1185 1148 1263 Castri
1161 1184 1208 1261 de
1218 1187 1387 1263 Petrucia
1405 1186 1452 1263 de
1467 1185 1646 1292 predictis
1658 1204 1787 1263 contm
1796 1186 1898 1291 ipsos
1907 1211 1994 1289 pro-
2030 1191 2214 1254 Pavnvrsrv,

571 1314 703 1422 positis
718 1312 880 1391 absoluti
897 1313 1066 1403 fuerunt,
1090 1332 1144 1403 et,
1169 1316 1199 1391 si
1220 1317 1289 1421 ipsi
1312 1317 1473 1422 dampna
1487 1333 1525 1393 et
1536 1317 1716 1393 interesse
1731 1344 1823 1421 que,
1840 1331 1994 1420 propter
2091 1282 2154 1324 Μ’

573 1446 662 1533 hoc,
672 1444 934 1520 sustinuerunt
947 1462 1075 1549 petere
1086 1444 1275 1523 voluerint
1287 1464 1414 1524 contra
1428 1445 1616 1552 predictos
1629 1444 1816 1532 consules,
1828 1444 1995 1550 partibus

573 1573 727 1661 auditis,
740 1572 806 1651 fiet
827 1574 899 1662 eis,
920 1604 1034 1680 super
1053 1577 1142 1664 hoc,
1162 1575 1312 1683 justicie
1332 1576 1663 1681 complementum.

630 1704 806 1781 Mercurii
822 1722 907 1811 post
919 1706 1202 1783 Penthecosten.

630 1837 680 1913 Μ.
701 1836 826 1913 Droco
841 1837 889 1914 de
907 1836 1066 1913 Karitate
1082 1839 1293 1942 reportavit.

630 2099 802 2176 LXXXV.
833 2099 934 2174 Mota
948 2096 1030 2183 lite,
1050 2098 1089 2171 in
1111 2096 1213 2172 curia
1233 2115 1374 2186 nostra,
1397 2099 1495 2176 inter
1514 2099 1707 2175 dominam
1726 2096 1775 2175 de
1793 2099 1934 2189 Maula,
1951 2127 1996 2176 ex

573 2241 676 2329 parte
692 2255 779 2316 una,
796 2240 834 2303 et
846 2226 1058 2303 iohannem
1071 2226 1118 2302 de
1131 2226 1270 2317 Insula,
1287 2223 1476 2315 clericum,
1493 2256 1535 2304 ac
1549 2229 1631 2334 ejus
1645 2226 1792 2317 fratres,
1804 2257 1848 2304 ex
1863 2228 1994 2315 altera,

573 2382 687 2459 super
711 2384 756 2433 eo
783 2354 889 2462 quod
912 2354 1011 2433 dicta
1041 2354 1193 2432 domina
1217 2357 1367 2461 petebat
1390 2386 1429 2433 se
1453 2359 1552 2435 tueri
1578 2358 1618 2432 in
1638 2358 1773 2435 saisina
1792 2358 1928 2435 domus
1947 2358 1995 2434 de

573 2483 747 2592 Plexeyo,
766 2486 814 2562 de
829 2514 904 2591 qua
923 2485 1069 2563 dicebat
1086 2514 1125 2562 se
1144 2514 1223 2563 esse
1242 2488 1423 2577 saisirem,
1448 2515 1664 2592 proponens
1684 2487 1995 2565 consuetudinem

573 2614 646 2692 loci
667 2616 706 2690 in
724 2643 801 2721 quo
817 2615 885 2692 sita
905 2631 962 2690 est
985 2614 1084 2692 dicta
1105 2615 1241 2693 domus
1262 2634 1299 2691 et
1320 2616 1492 2693 locorum
1505 2617 1713 2693 vicinorum
1728 2634 1766 2692 et
1787 2616 1996 2721 specialiter

575 2745 851 2822 vicecomitatus
871 2744 1102 2834 Parisiensis,
1126 2774 1205 2823 esse
1227 2745 1358 2833 talem,
1382 2745 1555 2823 videlicet
1575 2746 1698 2851 quod,
1715 2746 1812 2823 inter
1832 2746 1994 2837 nobiles,

576 2892 727 2954 mortuo
740 2874 891 2963 marito,
907 2902 1012 2965 uxor,
1029 2904 1226 2953 remanens
1244 2877 1372 2981 vidua,
1392 2860 1524 2965 babet,
1534 2906 1628 2953 -curn
1644 2878 1733 2954 dote
1749 2905 1832 2966 sua,
1847 2875 1998 2954 electio-

577 3034 665 3083 nem
681 3006 870 3113 capiendi,
883 3034 952 3112 pro
965 3007 1160 3084 mancione
1176 3036 1259 3099 sua,
1276 3007 1433 3085 domum
1449 3036 1563 3114 quam
1578 3006 1738 3085 voluerit
1754 3008 1801 3084 de
1816 3006 1891 3085 illis
1904 3036 1996 3114 quas

576 3136 738 3215 habebat
754 3154 791 3214 et
804 3137 956 3215 tenebat
977 3137 1099 3215 dictus
1122 3138 1278 3215 maritus
1296 3165 1403 3227 suus,
1424 3154 1597 3243 tempore
1616 3167 1692 3244 quo
1710 3137 1870 3227 vivebat3
1891 3156 1996 3244 parte

574 3268 663 3345 dicti
682 3267 862 3346 lobannis
883 3285 921 3344 et
940 3266 1095 3344 fratrum
1115 3296 1271 3345 suorum
1295 3284 1446 3373 petente
1472 3296 1627 3345 manum
1648 3285 1814 3345 nostram
1839 3270 1998 3346 indicta

567 3398 690 3478 'domo
704 3399 909 3507 appositam
924 3398 1105 3487 amoveri,
1129 3398 1379 3505 eamdemque
1397 3398 1556 3477 domum
1571 3399 1642 3476 sibi
1660 3400 1700 3475 in
1714 3416 1839 3476 totum
1859 3399 1998 3475 delibe-

574 3532 646 3608 rari
661 3548 700 3609 et
712 3559 751 3608 se
771 3531 924 3609 defendi
938 3530 977 3607 in
990 3531 1125 3607 saisina
1140 3529 1324 3636 ejusdem,
1338 3548 1375 3607 et
1387 3530 1544 3636 insuper
1558 3531 1780 3608 contrariam
1798 3549 1998 3608 consuetu·

575 3659 704 3736 dinem
713 3676 964 3763 proponente,
978 3659 1153 3735 videlicet
1163 3661 1268 3763 quod
1278 3660 1389 3735 vidua
1402 3660 1553 3735 domina
1564 3686 1642 3736 non
1652 3674 1777 3762 potest
1787 3658 1942 3761 eligere,
1958 3661 1997 3733 in

577 3815 663 3863 casu
674 3784 854 3891 predicto,
867 3785 934 3861 sed
950 3785 1065 3863 debet
1077 3814 1209 3891 capere
1224 3803 1261 3863 et
1275 3785 1415 3864 babere
1429 3786 1641 3863 manerium
1658 3782 1862 3890 principale
1879 3801 1918 3859 et
1930 3784 1997 3861 illo

578 3914 691 3993 debet
703 3942 782 3993 esse
798 3930 991 3992 contenta:
1008 3914 1094 3995 Visa
1109 3916 1222 4023 igitur
1237 3916 1410 4021 inquesta
1425 3943 1539 4021 super
1551 3914 1746 4021 predictis,
1761 3913 1998 3993 demandato

578 4064 724 4135 nostro,
740 4044 851 4134 facta,
869 4043 1082 4152 auditisque
1096 4044 1269 4151 pluribus
1282 4046 1496 4124 racionibus
1507 4074 1575 4152 per
1587 4062 1732 4151 partem
1746 4043 1899 4122 domine
1912 4072 1999 4150 pre·

579 4177 677 4253 dicte
690 4174 902 4283 propositis,
914 4174 1002 4283 quia
1022 4204 1099 4254 non
1120 4192 1176 4253 est
1195 4177 1389 4255 inventum
1408 4177 1573 4283 aliquam
1593 4176 1777 4253 dictarum
1798 4192 1999 4253 consuetu·

580 4307 711 4384 dinum
729 4305 778 4383 ad
795 4305 948 4412 plenum
969 4334 1049 4383 esse
1068 4305 1283 4412 probatam,
1307 4334 1377 4413 per
1397 4308 1496 4385 dicte
1523 4307 1626 4383 curie
1646 4322 1772 4383 nostre
1789 4304 1995 4412 judicium,

578 4436 719 4515 dictum
731 4435 804 4513 fuit
816 4435 936 4541 quod,
951 4436 1088 4514 vocatis
1100 4437 1269 4543 partibus
1281 4438 1459 4544 predictis
1472 4454 1513 4515 et
1523 4436 1728 4516 heredibus
1742 4434 1908 4513 defuncti
1921 4464 1999 4514 ma-

577 4567 639 4644 riti
661 4566 759 4647 dicte
779 4565 952 4657 domine,
973 4567 1038 4673 qui
1059 4566 1183 4645 eidem
1202 4568 1336 4645 marito
1357 4569 1579 4658 succedunt,
1600 4598 1642 4647 ex
1662 4584 1766 4674 parte
1785 4567 1900 4674 patris
1919 4570 1996 4657 sui,

579 4715 616 4774 et
634 4697 717 4774 aliis
736 4696 933 4775 evocandis
956 4698 1022 4803 qui
1041 4715 1188 4803 partem
1213 4697 1333 4777 facere
1354 4698 1541 4777 voluerint
1567 4700 1606 4775 in
1631 4697 1824 4804 predictis,
1849 4696 2000 4803 plenius

578 4828 791 4935 inquiretur
805 4828 939 4906 veritas
954 4827 1002 4905 de
1017 4829 1212 4935 predictis,
1230 4848 1268 4907 et
1282 4829 1387 4936 quod
1398 4829 1548 4907 interim
1566 4829 1664 4907 dieta
1678 4828 1830 4906 domina
1841 4856 1910 4935 per
1923 4858 2000 4907 ma-

579 4986 671 5036 num
684 4975 849 5037 nostram
859 4959 899 5035 in
909 4959 1006 5037 dicta
1015 4959 1132 5037 domo
1147 4958 1356 5037 remanebit
1368 4977 1406 5037 et
1419 4958 1654 5038 amovebitur
1666 4960 1998 5065 impedimentum,

580 5089 611 5165 si
627 5089 750 5195 quod,
761 5119 829 5196 per
843 5088 962 5168 dictos
975 5088 1108 5169 fratres
1122 5089 1180 5167 vel
1195 5090 1304 5181 alios,
1321 5089 1445 5168 eidem
1462 5118 1575 5197 super
1588 5091 1661 5167 hoc
1675 5109 1892 5197 apponatur,
1909 5119 2001 5197 pen·

552 5288 554 5293 ,
583 5217 694 5297 dente
712 5248 820 5299 causa
837 5220 1016 5327 predicta.

638 5350 811 5427 Mercurii
830 5351 1007 5457 predicta.

689 5524 741 5565 tes
763 5524 843 5567 omit.
867 5528 912 5567 111.
