5817 7292
854 1114 934 1187 ers.
1434 1107 1526 1182 ins
1556 1051 1694 1182 enin.

630 1265 814 1325 efficimur,
849 1253 1054 1364 judiciuin,
1069 1251 1232 1330 nnnllete
1249 1251 1423 1342 luerunt,
1436 1250 1567 1329 eidem
1584 1249 1737 1328 domine
1758 1267 1796 1328 et
1817 1250 1899 1358 ejus
1915 1253 2182 1362 primogenito,
2201 1285 2280 1336 non

691 1357 755 1404 Μ’
855 1382 1092 1464 obstantibus
1105 1383 1323 1491 propositis,
1336 1401 1414 1460 tem
1432 1411 1477 1459 ex
1491 1398 1594 1488 perte
1608 1381 1825 1490 ingerranni
1837 1439 1846 1468 ‚
1860 1371 2149 1491 nnnc-episcopi
2167 1388 2282 1466 Mori-

854 1515 997 1607 nonus,
1023 1542 1136 1622 quern
1162 1531 1331 1620 experte
1355 1513 1540 1591 heredum
1567 1530 1604 1588 et
1627 1527 1869 1591 executurum
1895 1513 2048 1592 Henrici
2075 1532 2112 1593 et
2134 1517 2279 1609 Iacchi,

854 1646 1049 1754 quoddam
1060 1637 1324 1752 episodpoium
1336 1645 1629 1733 Morinorum,
1644 1671 1664 1720 a
1676 1662 1849 1751 tenpore
1862 1645 2112 1724 articulorum
2124 1648 2164 1724 in
2181 1649 2282 1728 dicto

855 1777 1012 1887 mgocin
1030 1776 1273 1866 traditorum,
1300 1774 1613 1852 deliberabuntur
1637 1793 1675 1852 et
1697 1775 1922 1865 reddentur,
1943 1775 2120 1856 videlicet
2139 1777 2196 1854 illi
2216 1782 2281 1888 qui

855 1925 980 1986 extent
992 1925 1031 1986 st
1047 1907 1202 1986 illorum
1214 1905 1391 2013 vnlnrqui
1411 1921 1644 1998 nonerunt,
1660 1907 1752 1984 scito
1770 1934 1838 2013 per·
1850 1907 2018 1985 officium
2036 1909 2138 1988 curie
2154 1928 2281 1990 nostre

854 2040 980 2116 valore
997 2017 1192 2143 predictos
1214 2039 1321 2114 Facta
1340 2037 1466 2143 igitur,
1492 2063 1537 2114 ex
1555 2034 1682 2114 officio
1709 2037 1811 2114 curie
1838 2054 1986 2130 nosue,
2006 2039 2146 2118 vocetis
2171 2040 2281 2118 dictis

853 2170 1036 2276 pertibus,
1057 2194 1172 2275 super
1190 2168 1316 2246 valore
1334 2167 1521 2275 predicto,
1545 2165 1718 2274 diligenti
1738 2167 1914 2274 inquens
1932 2169 2009 2246 vise
2026 2185 2065 2246 et
2088 2197 2175 2246 cum
2195 2171 2279 2248 dili·

854 2301 985 2408 gsnein
1004 2301 1227 2388 examinate,
1255 2329 1340 2376 cnm
1359 2300 1554 2376 inventum
1573 2297 1688 2376 fuerit
1706 2298 1937 2378 sufficienter
1954 2298 2152 2406 probatum
2171 2303 2279 2407 quod

856 2434 903 2511 de
919 2431 1105 2510 fructibus
1120 2449 1160 2508 et
1179 2430 1339 2508 exitibus
1356 2430 1543 2508 dictorum
1561 2429 1753 2508 benorum
1775 2429 2016 2508 inmobilium
2033 2429 2160 2508 dicun
2176 2433 2278 2508 Hen-

854 2565 955 2642 ricus
974 2557 1042 2668 pre
1060 2580 1231 2667 tempore
1249 2591 1339 2653 suo,
1353 2559 1528 2638 videlicet
1542 2579 1770 2666 perannum
1784 2578 1823 2639 et
1837 2559 2052 2650 dimidium,
2066 2561 2279 2668 qundtem-

854 2719 925 2798 pus
939 2693 1080 2798 incepit
1098 2677 1197 2768 enne
1211 2692 1365 2769 Domini
1380 2691 1586 2768 millesimo
1605 2691 1866 2772 ducentesimo
1882 2692 2110 2798 octogesimo
2126 2693 2276 2798 quinto,

854 2824 903 2900 ad
916 2822 1081 2900 valorem
1097 2839 1350 2900 ueoenterum
1368 2822 1553 2900 librarum
1570 2840 1608 2900 et
1625 2824 1754 2930 viginti
1773 2823 1983 2902 soli-dorum
1998 2823 2277 2914 Prusensium,

855 2954 1025 3032 etdictus
1036 2956 1214 3042 derebus,
1229 2983 1298 3060 pro
1311 2971 1485 3061 tempore
1499 2983 1585 3046 suo,
1599 2955 1773 3033 videlicet
1782 2981 1851 3062 per
1864 2955 2152 3062 quatuordecim
2164 2983 2281 3034 nnnos

854 3084 1057 3164 inmediste
1067 3101 1279 3192 sequentes,
1293 3084 1341 3161 ad
1351 3086 1514 3163 valorem
1525 3085 1597 3162 tris
1607 3085 1725 3162 millia
1735 3103 1774 3163 et
1783 3103 2036 3164 trecentarum
2046 3088 2281 3194 septuaginta

853 3234 998 3322 septem
1010 3214 1192 3293 librnmm
1203 3216 1481 3302 Parisiensium,
1497 3245 1538 3292 ac
1551 3215 1673 3293 dictus
1684 3217 1918 3326 ingerranus,
1932 3244 2002 3322 pro
2013 3235 2275 3322 tempererare,

853 3346 1027 3423 videlicet
1039 3374 1107 3452 per
1117 3347 1286 3453 quinque
1296 3373 1413 3423 annos
1426 3347 1631 3424 inmedinte
1642 3345 1984 3453 subsequentes,ed
1995 3345 2159 3424 rnlorem
2171 3343 2276 3422 mille

855 3493 893 3555 et
910 3494 1163 3555 trecentarum
1183 3491 1221 3554 et
1239 3477 1368 3586 viginti
1388 3476 1571 3555 librarum
1597 3476 1861 3556 Parisiensirnn
1884 3493 2134 3584 perceperunt
2152 3493 2191 3553 et
2210 3473 2276 3552 he-

853 3607 1034 3699 buerunt,
1046 3607 1227 3714 percruie
1236 3616 1366 3686 nostre
1369 3608 1574 3716 judicium,
1590 3609 1732 3686 diuum
1742 3607 1863 3686 fuitet
1873 3609 2161 3715 prenunninmrn
2170 3607 2275 3714 quud

854 3766 985 3817 omnes
1004 3766 1152 3817 summe
1170 3739 1338 3846 predicte
1355 3738 1453 3817 dicte
1471 3739 1626 3818 domine
1645 3758 1683 3816 et
1702 3739 1785 3847 ejus
1800 3739 2051 3847 primogenito
2068 3738 2276 3816 reddentur

853 3870 1217 3948 etdeliberebnntur
1229 3870 1433 3978 apartibus
1445 3870 1660 3961 antedictis,
1677 3871 1910 3962 videlicetab
1926 3869 2131 3948 heredibus
2144 3883 2182 3946 et
2196 3897 2279 3947 exe-

854 4001 1046 4079 cutoribus
1066 4001 1156 4079 dieti
1175 4002 1327 4080 Henrici
1347 4019 1516 4080 trecente
1538 4001 1634 4079 libre
1649 4019 1690 4080 et
1700 4001 1829 4110 viginti
1844 4000 1958 4078 solidi
1967 3999 2213 4098 ¹Purisienses²
2231 3999 2278 4078 nb

854 4132 1059 4212 heredibus
1080 4151 1118 4210 st
1138 4134 1400 4213 executoribus
1415 4133 1506 4212 dicti
1517 4133 1648 4212 -Jeeobi
1669 4134 1739 4211 tria
1755 4131 1874 4209 millia
1890 4149 1930 4208 et
1944 4149 2111 4210 trecente
2128 4149 2277 4238 septus·

852 4261 954 4367 ginta
969 4280 1114 4371 septem
1132 4263 1229 4343 libre
1240 4265 1482 4354 Purisienses‚
1496 4283 1571 4343 ete
1588 4263 1687 4343 dicto
1704 4265 1949 4373 lugemus,
1964 4289 2066 4340 nunc
2083 4262 2273 4368 episeopo,

854 4393 958 4470 mille
979 4411 1016 4471 et
1033 4411 1201 4474 trecente
1221 4415 1260 4475 et
1279 4399 1405 4505 viginti
1427 4398 1525 4476 libre
1543 4396 1785 4486 Parisienses‚
1806 4395 1846 4472 in
1865 4394 1989 4474 relore
2008 4421 2088 4501 quo
2105 4393 2177 4470 fuit
2194 4407 2276 4471 mo·

853 4540 954 4615 neta,
975 4523 1149 4603 distincte
1167 4557 1234 4635 per
1255 4528 1422 4637 singulos
1439 4555 1558 4606 tenos
1571 4527 1778 4634 predictos,
1799 4525 1970 4604 deductis
1983 4543 2111 4632 tenren
2124 4524 2272 4612 exinde,

853 4681 920 4759 pro
940 4671 1112 4763 tempore
1132 4658 1222 4735 dicti
1242 4660 1409 4748 Henrici‚
1430 4659 1676 4767 quadraginta
1699 4657 1806 4737 libris
1824 4655 2109 4744 Perisiensibus,
2128 4673 2182 4742 et,
2204 4682 2272 4760 pro

853 4800 1023 4890 tempore
1042 4787 1132 4865 dicti
1152 4790 1295 4882 Jacobi,
1318 4809 1469 4868 centum
1489 4807 1527 4866 et
1543 4788 1673 4896 viginti
1695 4787 1802 4866 libris
1819 4787 2103 4874 Parisiensibus,
2120 4811 2189 4891 pro
2208 4785 2275 4860 do-

852 4915 976 4998 tutuo
994 4916 1150 4998 demine
1171 4899 1346 5000 deMnrli
1366 4919 1414 4997 ab
1431 4920 1577 4998 eisdem
1599 4919 1743 5011 solnt03
1765 4919 1838 4997 hoc
1856 4918 2014 5024 insuper
2033 4914 2133 4994 selvo
2157 4931 2195 5024 et
2214 4941 2274 4990 re-

851 5062 956 5126 tento
970 5048 1092 5156 quod,
1107 5050 1154 5128 de
1171 5050 1339 5130 iacienda
1351 5051 1661 5160 coqnenseciene
1678 5077 1746 5127 seu
1760 5047 1994 5126 deductione
2009 5046 2112 5124 illius
2125 5071 2274 5124 summe

850 5178 1029 5282 pecunie,
1045 5210 1134 5288 que,
1146 5211 1220 5290 pro
1233 5183 1381 5292 gageiis
1395 5181 1585 5262 dictorum
1599 5182 1807 5274 benorum,
1825 5178 1950 5258 solun
1963 5176 2038 5255 fuit
2050 5177 2208 5255 domino
2220 5174 2271 5252 dc
2319 5283 2326 5290 ι

851 5306 1060 5417 Creteques
1066 5330 1158 5390 ente
1169 5313 1411 5392 interdictam
1422 5314 1495 5394 sibi
1509 5315 1701 5394 bonorum
1713 5339 1872 5417 snorum
1883 5307 2268 5394 edminisnecinnem‚

850 5440 1052 5521 innuitur
1071 5445 1186 5532 rano.
1202 5462 1318 5550 pon
1330 5445 1384 5523 se
1399 5447 1484 5553 jure
1504 5445 1634 5535 nen,
1655 5420 1795 5522 aunei
1813 5443 1983 5549 pannus
2001 5437 2209 5520 meus.
