5817 7292
848 1089 894 1158 80
1429 1087 1519 1160 LES
1550 1086 1689 1160 OLlM.
1801 1098 1808 1113 '

620 1235 806 1296 Pmurrelv·
847 1225 1038 1330 dampnati
1059 1225 1213 1304 suerunt
1238 1227 1328 1304 dicti
1352 1229 1458 1336 prior
1482 1249 1520 1306 et
1543 1228 1746 1335 capitulum
1766 1230 1807 1304 in
1827 1230 2028 1306 emendam
2047 1233 2269 1339 quingenta-

681 1327 744 1368 Μ’
846 1385 931 1433 rum
948 1355 1129 1432 librarum
1145 1358 1444 1447 Turonensium,
1463 1360 1562 1438 etad
1577 1359 1818 1437 reddendum
1834 1359 1936 1436 dicto
1951 1359 2068 1467 Helye
2082 1362 2269 1467 predictas

848 1488 977 1564 decem
995 1485 1110 1582 libras
1127 1485 1173 1563 ab
1193 1488 1330 1566 eodem
1351 1507 1528 1580 extortam
1550 1491 1598 1566 de
1616 1490 1754 1595 quibus
1772 1489 1986 1597 quingentis
2004 1490 2128 1582 libris,
2148 1493 2270 1572 domi-

845 1649 916 1696 nus
930 1622 1006 1696 Rea
1022 1616 1176 1695 babebit
1191 1618 1622 1726 quadringentaslibras,
1635 1636 1674 1696 et
1693 1620 1816 1698 dictus
1831 1620 1982 1727 Helyas,
1997 1649 2072 1698 una
2089 1651 2177 1699 cum
2190 1653 2272 1730 pre-

846 1749 955 1827 dictis
976 1748 1107 1824 decem
1128 1747 1252 1834 libris,
1274 1775 1342 1852 pro
1362 1749 1439 1824 suis
1463 1749 1592 1826 labore
1612 1767 1651 1826 et
1671 1748 1862 1854 dampnis,
1884 1767 2038 1828 centum
2057 1751 2181 1831 libras.

902 1880 1076 1956 Mercurii
1095 1895 1181 1984 post
1200 1878 1424 1956 Cathedmtn
1445 1879 1560 1957 sancti
1579 1880 1689 1957 Petri.

902 2147 1023 2224 dell.
1056 2146 1153 2223 Cum
1174 2146 1273 2222 inter
1288 2165 1569 2250 procuratorem
1585 2129 1772 2233 nostrum,
1788 2174 1858 2251 pro
1878 2147 2003 2236 nobis,
2022 2165 2060 2224 et
2073 2147 2268 2254 religiosos

845 2278 942 2352 viros
971 2276 1144 2352 abbatem
1175 2291 1214 2352 et
1241 2294 1469 2353 conventum
1499 2275 1716 2351 monasterii
1744 2275 2028 2384 Beati-Remigii
2055 2279 2266 2367 Remensis,

846 2437 914 2514 pro
930 2434 985 2493 se,
1001 2435 1043 2482 ex
1059 2434 1134 2481 una
1153 2423 1272 2511 parte,
1289 2435 1331 2482 ac
1343 2405 1525 2484 dilectum
1542 2423 1579 2482 et
1591 2403 1747 2482 lidelem
1758 2423 1932 2482 nostrum
1948 2407 2267 2515 archiepiscopum

846 2540 1090 2624 Remensem,
1106 2564 1173 2642 pro
1190 2564 1246 2625 se,
1264 2563 1308 2612 ex
1319 2536 1451 2623 altera,
1465 2537 1615 2643 questio
1631 2552 1730 2614 esset
1748 2553 1872 2624 mota,
1894 2537 2064 2642 predicto
2085 2538 2269 2644 archiepi-

846 2696 974 2774 scopo,
993 2668 1148 2745 ecclesie
1173 2695 1240 2744 sue
1260 2667 1434 2759 nomine,
1452 2667 1627 2773 pluribus
1642 2669 1762 2745 causis
1778 2685 1816 2744 et
1833 2668 2048 2745 racionibus
2064 2687 2267 2760 asserente,

846 2819 882 2877 et
907 2816 1056 2905 petente
1083 2827 1151 2905 per
1172 2799 1359 2906 judicium
1384 2817 1512 2876 nostre
1537 2800 1641 2876 curie
1663 2799 1842 2877 declarari
1862 2828 1903 2875 ac
1921 2801 2161 2907 pronunciari
2181 2831 2270 2908 pro-

845 2933 1040 3038 prietatem
1070 2930 1183 3037 garde
1214 2929 1303 3007 dicti
1335 2931 1569 3022 monasterii,
1597 2931 1916 3037 pertinenciarum
1945 2947 1982 3008 et
2009 2934 2268 3011 membrorum

847 3063 1016 3171 ejusdem
1037 3061 1196 3137 sitorum
1217 3061 1344 3138 Remis
1368 3079 1407 3138 et
1428 3060 1525 3138 inira
1548 3062 1770 3139 banleucam
1790 3065 2033 3153 Remensem,
2056 3064 2102 3141 ad
2123 3065 2267 3169 ipsum,

847 3192 1001 3271 ecclesie
1015 3191 1257 3282 suenomine,
1275 3191 1464 3297 pertinere
1481 3191 1640 3282 debere;
1657 3208 1696 3267 et
1709 3220 1729 3268 e
1742 3209 1874 3268 contra
1884 3210 2108 3297 procurator
2128 3212 2266 3286 noster,

846 3353 915 3431 pro
936 3323 1062 3410 nobis,
1086 3322 1251 3427 dictique
1269 3320 1454 3429 religiosi,
1477 3348 1546 3427 pro
1567 3349 1625 3410 se,
1647 3321 1822 3426 pluribus
1849 3320 1968 3397 causis
1994 3338 2033 3398 et
2055 3323 2269 3401 racionibus

844 3471 1098 3563 proponentes
1119 3453 1256 3531 dictam
1273 3453 1427 3560 gardam
1441 3453 1490 3529 ad
1504 3439 1590 3540 nos,
1612 3480 1689 3528 non
1704 3453 1752 3528 ad
1769 3452 1913 3528 dictum
1928 3452 2265 3558 archiepiscopum,

846 3589 1057 3695 pertinere,
1073 3603 1243 3693 peterent
1268 3613 1337 3662 nos
1362 3601 1400 3662 ct
1423 3585 1525 3691 ipsos
1547 3583 1743 3691 religiosos
1767 3583 1907 3661 absolvi
1929 3583 2066 3660 debere
2085 3585 2131 3661 ab
2151 3585 2268 3691 impe-

846 3719 983 3796 ticione
1009 3715 1195 3824 predicta3
1222 3743 1365 3822 nosque
1390 3744 1503 3821 super
1529 3715 1724 3821 predictis,
1749 3714 1886 3790 vocatis
1911 3713 2100 3819 partibus,
2128 3715 2268 3819 inquiri

846 3851 1047 3927 fecerimus
1068 3849 1288 3926 veritatem:
1312 3847 1501 3937 Tandem,
1524 3847 1662 3924 auditis
1684 3845 1852 3952 parcium
1873 3846 2087 3923 racionibus
2114 3845 2202 3922 hinc
2232 3863 2270 3921 et

847 3982 955 4080 inde,
982 3981 1132 4086 visaque
1161 3980 1333 4086 inquesta
1365 4006 1478 4084 super
1505 3979 1580 4055 hoc
1606 3976 1654 4053 de
1680 3977 1857 4052 mandato
1887 3995 2017 4054 nostro
2044 3975 2155 4065 facta,
2183 3977 2269 4052 visis

846 4111 962 4190 eciam
997 4110 1200 4219 privilegiis
1233 4110 1559 4215 necnon.scriptis
1583 4107 1744 4215 antiquis
1773 4107 1813 4183 in
1844 4107 2002 4186 modum
2030 4106 2268 4214 probaciouis

845 4273 957 4348 super
976 4244 1049 4320 hoc
1078 4272 1097 4318 a
1127 4239 1295 4347 partibus
1316 4240 1531 4347 productis,
1557 4239 1746 4346 predictos
1771 4256 2052 4344 procuratorem
2077 4255 2265 4328 nostrum,

844 4399 913 4476 pro
934 4371 1059 4462 nobis,
1083 4390 1121 4448 et
1142 4371 1356 4480 religiosos,
1378 4399 1446 4478 pro
1471 4398 1530 4459 se,
1554 4369 1601 4446 ab
1627 4368 1896 4475 impeticionne
1916 4369 2084 4476 predicta
2103 4369 2193 4446 dicti
2213 4399 2268 4445 ar·

847 4500 1091 4608 chiepiscopi,
1123 4528 1236 4606 super
1261 4501 1488 4606 proprietate
1514 4499 1628 4610 garde
1648 4499 1836 4606 predicte,
1857 4529 1925 4607 per
1944 4500 2046 4578 curie
2066 4517 2193 4577 nostre
2204 4500 2268 4606 ju·
2328 4589 2332 4598 Ι

845 4631 1004 4720 dicium,
1027 4632 1201 4708 duximus
1221 4631 1484 4708 absolvendos·

848 4809 861 4825 =·
901 4761 1074 4848 Mercurii
1093 4779 1180 4868 post
1201 4759 1428 4846 Cathcdra'm
1449 4762 1564 4838 sancti
1585 4763 1703 4850 Petri,
1719 4762 1926 4840 Februarii.

897 5028 992 5103 XlX.
1024 5027 1118 5103 Cum
1146 5026 1247 5130 prior
1266 5025 1439 5102 Fratrum
1460 5041 1498 5100 et
1510 5040 1728 5132 procurator
1740 5026 1922 5102 Sororum
1938 5022 2023 5100 ville
2040 5025 2263 5112 insulensis,

844 5158 987 5235 ordinis
1008 5155 1307 5244 predicatorum,
1329 5156 1517 5263 quandam
1537 5156 1767 5262 inquestam‘,
1784 5155 1833 5231 de
1852 5153 2030 5265 mandato
2045 5172 2175 5234 nostro
2192 5155 2267 5232 lac·

842 5306 1000 5394 temper
1013 5286 1255 5392 Radulphum
1272 5287 1322 5364 de
1335 5289 1576 5375 Betencourt,
1594 5315 1706 5392 snper
1721 5283 1977 5361 destructione
1994 5283 2193 5360 domorum
2212 5287 2266 5389 ip

842 5447 969 5496 sorum
991 5417 1260 5506 lnsulensium,
1285 5417 1401 5494 videri
1425 5435 1597 5522 peterent
1618 5434 1657 5493 et
1672 5414 1852 5520 judicari;
1875 5431 1914 5489 et
1934 5442 1954 5489 e
1974 5429 2101 5488 contra
2122 5412 2263 5490 scabini
