5817 7292
1052 1135 1317 1246 nruuerus
1341 1151 1406 1226 rr
1432 1136 1639 1229 esoces.
2008 1153 2057 1228 tr

638 1293 820 1383 carensis,
850 1289 1052 1404 diligenter
1077 1295 1287 1404 inquireret
1308 1293 1528 1372 terimam:
1548 1293 1636 1372 Visa
1658 1293 1774 1400 igitur
1800 1295 1986 1403 inquesta,
2010 1295 2058 1374 de
2095 1307 2282 1371 mamert.

636 1424 816 1500 mandato
834 1439 982 1515 nostre,
997 1454 1109 1532 super
1123 1426 1197 1504 biis
1209 1425 1318 1520 laeta,
1334 1453 1403 1532 per
1417 1425 1520 1503 curie
1533 1441 1662 1502 nostre
1671 1424 1879 1532 judicium,
1892 1454 2060 1532 pronun·
2157 1397 2220 1442 ω’

637 1553 776 1630 ciatum
793 1553 914 1633 extitit
931 1556 1122 1663 predictos
1138 1556 1312 1636 homines
1325 1553 1580 1637 Vallircharri
1596 1583 1703 1632 snam
1718 1555 1974 1634 intencionem
1987 1557 2060 1634 sul·

637 1681 808 1762 ficientes
822 1685 998 1791 probasse
1014 1703 1052 1764 et
1066 1704 1202 1765 camum
1220 1685 1426 1795 predictam
1443 1713 1576 1764 eorum
1592 1681 1733 1764 debere
1744 1686 1916 1765 reuereri
1926 1687 2062 1794 ‚cujus

636 1831 748 1892 tenor
761 1817 933 1925 seqnitur
946 1817 985 1894 iu
998 1818 1206 1896 heeverbe:
1220 1853 1233 1888 ι
1246 1820 1325 1927 Ego
1338 1816 1597 1909 Tbenbaldus,
1611 1817 1950 1896 Trecensiscumes
1961 1817 2062 1925 pale·

635 1944 755 2035 tinus,
773 1945 973 2038 universis,
989 1964 1065 2024 tam
1082 1947 1219 2026 suturis
1231 1975 1346 2056 quum
1356 1947 1613 2056 presentibus,
1628 1965 1767 2029 uotum
1783 1946 1880 2025 facin
1895 1975 1957 2026 me
1975 1976 2064 2026 ceu·

637 2076 787 2152 cessisse
806 2075 1024 2155 huminibus
1039 2079 1187 2187 Maraye
1200 2095 1238 2156 et
1248 2078 1423 2158 villarum
1435 2079 1757 2186 appendencinm,
1770 2078 1913 2158 seilicet
1923 2079 2064 2158 Sancti·

636 2205 823 2296 Medardi,
837 2208 993 2286 Chevini
1011 2226 1050 2287 et
1064 2209 1319 2290 VallisCharti
1333 2271 1342 2302 ,
1357 2211 1461 2318 quod
1478 2211 1708 2319 quicumque
1724 2210 1764 2286 in
1778 2209 1869 2317 ipsis
1882 2214 2064 2292 manserit

637 2351 673 2411 et
696 2353 833 2416 terram
860 2369 946 2418 cum
968 2341 1193 2420 animalibus
1217 2339 1293 2420 sive
1318 2369 1405 2420 cum
1433 2341 1586 2420 animali
1613 2339 1835 2430 excoluerit,
1858 2340 2062 2422 duedecim

636 2465 810 2546 denarios
824 2487 861 2548 et
872 2470 1015 2548 minam
1026 2501 1141 2550 unam
1157 2501 1270 2552 avene
1281 2501 1350 2581 per
1359 2502 1502 2552 annum
1508 2471 1722 2588 persolvet3
1734 2473 1800 2580 qui
1811 2498 1898 2550 veru
1911 2472 2062 2552 nullum

635 2598 773 2675 animal
790 2600 838 2676 ad
854 2617 954 2680 terre
974 2603 1160 2683 culturum
1178 2601 1409 2711 apposuerit,
1428 2603 1632 2682 duodecim
1647 2619 1794 2680 tantum
1809 2602 1985 2682 denarios
2000 2633 2065 2681 an·

636 2728 780 2806 nuatim
808 2731 955 2809 reddet.
981 2735 1086 2811 Hane
1113 2735 1230 2812 eciam
1256 2733 1409 2841 prelatis
1431 2733 1655 2812 hominibus
1678 2732 1822 2810 contuli
1849 2732 2061 2810 libertatem

635 2859 740 2963 quod
761 2861 903 2938 atallia
922 2881 960 2940 et
978 2863 1027 2940 ab
1046 2865 1151 2941 omni
1172 2865 1363 2942 erectione
1377 2862 1654 2970 permanebunt
1673 2862 1868 2952 inmunem
1888 2884 1960 2940 nee
1978 2864 2064 2940 the-

566 2999 575 3014 ·
636 2986 792 3067 loneum
814 3017 884 3070 nee
907 2993 1127 3102 pedagium,
1148 2995 1254 3101 quod
1273 3019 1403 3072 meum
1423 2993 1474 3072 sit
1491 2994 1531 3070 in
1550 3011 1651 3070 terra
1668 3021 1773 3081 mea,
1794 2993 1998 3072 donabunt
2012 2995 2062 3072 ed

636 3119 718 3198 hec.
736 3121 972 3202 Ferelautum
993 3123 1040 3202 de
1060 3125 1247 3234 sexaginta
1265 3124 1412 3216 solidis,
1429 3125 1605 3231 quinque
1625 3121 1756 3200 solidis
1773 3123 2041 3204 terminabitur
2051 3159 2068 3226 ς,

635 3250 732 3330 illud
761 3249 809 3329 de
834 3255 1005 3361 quinque
1033 3254 1182 3347 solidis,
1213 3254 1416 3332 duodecim
1446 3254 1611 3332 denariis
1636 3252 1893 3361 couplebitun
1921 3255 2063 3334 clamer

636 3407 804 3490 queque,
826 3403 989 3494 quatum
1008 3385 1172 3464 denariis
1193 3383 1468 3464 emendabitur.
1487 3385 1668 3464 Concessi
1687 3385 1808 3461 eciem
1826 3383 1981 3491 prelatis
1994 3387 2063 3466 bo-

635 3514 802 3595 minibus
818 3517 941 3626 quod‚
961 3517 1087 3626 siquis
1100 3517 1193 3596 inde
1205 3518 1309 3598 abire
1322 3516 1500 3605 voluerit,
1516 3515 1680 3594 venditis
1690 3515 1874 3594 dumibus
1888 3535 1927 3595 et
1939 3518 2061 3625 penis,

635 3645 843 3754 ceterisque
863 3647 976 3727 rebus
994 3647 1172 3754 propriis,
1194 3649 1322 3755 quiete
1342 3646 1483 3755 peterit
1499 3645 1615 3724 abiret
1636 3647 1741 3724 Hanc
1758 3646 1886 3755 itaque
1900 3676 2063 3728 cenven-

636 3776 784 3854 cinnem
805 3779 983 3857 omnibns
1001 3779 1067 3887 qui
1088 3779 1128 3856 in
1147 3777 1299 3887 prefatis
1317 3777 1415 3856 villis
1433 3778 1656 3869 manserint,
1677 3805 1698 3853 a
1716 3807 1781 3854 ure
1793 3781 1836 3855 et‘
1846 3778 1896 3856 ab
1909 3779 2062 3860 beredi-

636 3903 709 3984 bus
733 3909 847 3996 meis,
874 3909 1033 3988 firmiter
1053 3927 1092 3988 et
1114 3909 1383 4018 perpetualiter
1405 3909 1679 3987 observandam
1700 3909 1880 4016 depactus
1897 3939 2001 4001 sums
2024 3929 2063 3988 et

637 4052 680 4112 nt
705 4036 775 4113 hec
803 4056 891 4117 nota
917 4059 1162 4146 permansum
1188 4041 1325 4119 litteris
1350 4057 1543 4137 annotata,
1570 4038 1684 4147 sigilli
1707 4040 1786 4116 snei
1810 4041 2061 4146 impressione

638 4165 793 4246 firmavi.
813 4167 945 4247 Actum
957 4172 1100 4258 Trecis,
1118 4197 1217 4251 sune
1228 4169 1756 4262 Verbiincarnatimillesimo
1770 4171 1978 4247 centesimo
1994 4199 2064 4249 no-

637 4299 830 4406 nagesimo
853 4317 994 4378 octavu.
1016 4303 1154 4379 Datum
1174 4329 1242 4409 per
1260 4327 1416 4378 manum
1433 4299 1577 4379 Galteri
1596 4297 1931 4377 naucellsriirllets
1949 4301 2061 4379 Petrir

639 4429 814 4508 Mercurii
830 4447 917 4538 post
932 4431 1267 4510 Circumcisionem
1283 4430 1450 4510 Domini.
1469 4468 1482 4498 ι
1495 4430 1536 4507 ln
1550 4429 1656 4536 cujus
1665 4428 1720 4505 rei
1733 4425 2064 4511 testimoniumte

639 4587 771 4638 norem
790 4561 890 4640 dicte
911 4579 1010 4641 carte
1030 4563 1177 4642 comitis
1196 4559 1478 4642 Theubsldide
1495 4561 1616 4639 verbu
1631 4561 1681 4638 ad
1698 4560 1871 4653 verbum,
1889 4579 2064 4671 utsupra

637 4693 800 4797 presenti
822 4709 947 4771 nustre
968 4711 1066 4772 carte
1086 4694 1316 4802 incorporari
1336 4693 1511 4784 lecimus,
1534 4693 1645 4800 eique
1665 4709 1836 4770 nostrum
1856 4694 1994 4800 apponi
2013 4694 2066 4774 si-

637 4821 791 4927 gillum,
818 4851 862 4902 es
887 4825 961 4903 biis
984 4825 1178 4904 dummret
1194 4825 1366 4934 periculo
1385 4823 1580 4907 vetustatis
1602 4824 1757 4931 antique
1776 4841 1885 4904 carte·
1896 4823 2064 4932 predicte

639 4977 722 5030 esre
751 4971 789 5034 et
814 4958 1027 5064 parpsmeni
1044 4956 1176 5064 ipsius
1199 4951 1377 5036 videlieet
1402 4957 1612 5064 previdere.
1629 4954 1805 5039 volentes
1836 4959 1913 5035 Nos
1935 4973 2065 5036 autern

638 5084 822 5178 lobeune,
850 5087 921 5166 Dei
939 5089 1080 5197 grstia,
1103 5089 1263 5166 Francier
1276 5106 1326 5166 et:
1341 5089 1498 5171 Navarre
1521 5086 1671 5196 regina,
1691 5087 1898 5194 Campanis
1918 5106 1962 5167 et
1979 5088 2065 5168 brie

638 5217 828 5296 comitissa
841 5219 1114 5326 =pslstira2,2dls
1128 5221 1235 5328 cujus
1252 5217 1664 5326 hereditatepredists
1671 5245 1824 5298 merere
1841 5231 2065 5308 nuscuntur,

639 5365 817 5427 nustmm
833 5351 1100 5458 intpremissis,¹
1119 5368 1309 5460 qur-turn
1327 5350 1374 5441 ad
1391 5377 1466 5428 uer
1482 5349 1649 5456 preminet
1666 5348 1931 5457 impertientes
1945 5375 2065 5426 meus

640 5494 740 5568 tum,
768 5481 939 5592 sigillum
960 5485 1136 5565 numum
1163 5483 1327 5564 fecimus
1350 5480 1491 5591 apponi
1516 5480 1772 5588 presentibus,
1800 5508 1876 5558 una
1902 5478 2066 5558 cumei-1

1909 5633 1938 5699 6.
