5817 7292
1034 1095 1306 1203 succurre
1331 1113 1395 1185 rr
1421 1096 1629 1186 succus.
1970 1117 2043 1191 sos

623 1257 832 1339 Guillelmo
850 1273 1025 1364 parerent
1044 1273 1082 1332 ct
1101 1253 1344 1333 intenderent
1357 1253 1400 1330 in
1418 1253 1611 1360 premissis
1628 1271 1666 1330 ct
1680 1282 1724 1331 ea
1739 1257 1993 1364 tangentibus,
2007 1276 2047 1336 et
2083 1270 2213 1327 rernm
2226 1273 2269 1334 tv,

624 1390 769 1468 eisdem
788 1387 1017 1466 innisum
1030 1414 1078 1462 ne
1096 1387 1144 1463 ue
1160 1385 1270 1463 uem
1285 1384 1404 1462 causis
1422 1402 1709 1494 egumenus,
1724 1387 1879 1494 eques
1897 1405 2043 1494 pose,
2146 1361 2208 1406 ¹³⁰⁸·

624 1518 850 1625 contemptis
868 1517 1049 1622 predictis
1068 1516 1384 1606 inbibicionibus,
1398 1516 1559 1624 predicti
1579 1515 1855 1594 Nobiliacenses
1870 1517 1917 1594 dc
1935 1519 2049 1598 dictis

625 1651 745 1729 causis
763 1675 986 1757 cognoscere
1006 1649 1261 1726 communiter
1279 1666 1609 1755 presumpserunt,
1628 1667 1691 1738 et,
1705 1649 1807 1728 dicto
1817 1649 2049 1742 Guillebnoz,

625 1782 885 1891 cognicionem
901 1779 1087 1858 dictarum
1101 1808 1296 1858 causarum
1311 1806 1482 1858 exercere
1497 1779 1637 1858 volenti
1648 1839 1657 1870 ,
1670 1779 1933 1888 multipliciter
1945 1785 2053 1860 resti-

624 1929 773 2002 terunt,
795 1910 1005 1989 inhibendo
1030 1911 1250 1988 bominibus
1269 1910 1369 1988 dicte
1388 1910 1478 1988 ville
1502 1939 1550 1988 uc
1576 1938 1703 1988 coram
1723 1911 1825 1989 dicto
1845 1911 2051 1992 Guillelmo

627 2046 675 2123 de
691 2043 801 2121 dictis
818 2042 938 2119 censis
952 2041 1159 2148 litigarent,
1174 2041 1385 2149 frangendo
1398 2041 1553 2120 saisines
1567 2070 1635 2148 per
1650 2069 1738 2126 eum
1753 2041 1882 2142 fectu,
1900 2061 1939 2120 et
1953 2043 2052 2121 mul·

625 2193 681 2252 tes
706 2174 831 2251 eidem
852 2201 1040 2250 rescusses
1057 2172 1250 2264 faciendo,
1272 2172 1408 2250 domos
1430 2171 1595 2250 firmatus
1616 2190 1654 2250 et
1675 2173 1853 2282 sigillatus
1872 2202 1940 2281 per
1961 2203 2049 2254 eum

627 2305 849 2412 aperiendo,
866 2321 905 2382 et
918 2304 1041 2412 sigilla
1060 2289 1284 2411 lmngendo,
1302 2319 1342 2380 et
1359 2302 1408 2381 ad
1422 2322 1562 2382 terram
1582 2303 1845 2411 probiciendo,
1864 2323 1903 2382 et
1921 2304 2050 2412 plures

627 2435 720 2513 elios
739 2463 928 2528 excessus,
949 2461 1134 2513 recurrens
1153 2453 1192 2512 et
1215 2434 1496 2552 inobediencies
1515 2433 1706 2529 faciendo,
1729 2436 1768 2512 in
1788 2453 2048 2544 contemptum

627 2583 798 2642 nostrum
819 2583 858 2643 et
875 2565 1128 2672 prejudicium
1153 2566 1244 2642 'dicti
1269 2565 1435 2671 episcopi
1460 2594 1538 2645 non
1558 2567 1755 2643 modicum
1775 2583 1813 2643 et
1831 2595 2049 2675 gravassent

628 2713 782 2802 propter
799 2724 896 2801 quos
916 2725 1085 2774 excessus
1103 2695 1192 2800 ipsi,
1206 2713 1284 2772 tam
1299 2695 1410 2772 nobis
1429 2723 1543 2801 quam
1563 2695 1663 2774 dicto
1679 2697 1870 2802 episcopo,
1888 2697 1927 2774 iu
1943 2699 2053 2776 certis

629 2826 791 2931 pecunie
809 2826 969 2902 summis
988 2826 1255 2931 condempnati
1274 2824 1446 2916 luerunt,
1464 2843 1502 2901 et
1517 2825 1643 2902 eidem
1658 2824 1864 2906 senescallo
1880 2827 2052 2906 mendes-

630 2985 758 3034 semus
783 2954 891 3062 quod
917 2956 1038 3034 dictos
1060 2954 1339 3033 Nobiliacenses
1366 2954 1611 3061 compelleret
1637 2956 1685 3032 ad
1711 2955 1936 3036 solvendum
1964 2985 2052 3036 con-

631 3085 945 3193 dempnacionem
969 3086 1196 3193 predictem3
1223 3086 1397 3173 demum,
1425 3085 1527 3163 dicto
1551 3085 1759 3166 Guillelmo
1782 3087 1962 3192 deputato
1987 3115 2054 3194 per

631 3218 774 3294 dictum
798 3215 1043 3294 senescallum
1070 3218 1118 3295 ad
1144 3214 1408 3292 execuciouem
1432 3216 1601 3320 predicte
1627 3216 1985 3323 condempnacionis
2003 3217 2055 3296 fa-

631 3347 821 3436 ciendam,
843 3347 914 3452 ipsi
933 3346 1211 3432 Nobiliacenscs
1228 3344 1490 3451 multipliciter
1509 3345 1549 3421 in
1574 3346 1795 3452 hujusmodi
1818 3347 2052 3439 restiterunt,

582 3566 586 3574 ¹
631 3478 760 3584 plures
778 3505 966 3570 excessus,
987 3506 1175 3556 rescusses
1194 3494 1233 3554 et
1252 3474 1534 3554 inobediencias
1554 3474 1727 3554 faciendo
1748 3494 1786 3554 et
1803 3478 1938 3556 iterato
1958 3478 2056 3556 male

632 3607 741 3687 malis
754 3607 1023 3698 accumulando,
1041 3609 1081 3684 in
1100 3623 1361 3713 contemptum
1379 3615 1608 3684 nostrum'et
1621 3607 1875 3716 prejudicium
1893 3609 2056 3717 episcopi

632 3738 854 3844 supradicti3
869 3767 983 3844 super
996 3739 1152 3845 quibus,
1166 3737 1302 3815 vocatis
1317 3736 1497 3842 partibus,
1513 3736 1653 3842 inquiri
1669 3736 1738 3814 leci
1744 3765 1827 3814 mus
1840 3738 2034 3815 veritatem
2047 3771 2055 3814 ε

633 3868 825 3961 Tandem,
847 3869 1021 3975 inquestn
1042 3898 1157 3975 super
1179 3867 1371 3974 premissis
1394 3867 1505 3956 factm
1527 3867 1603 3944 visa
1631 3884 1668 3944 et
1697 3867 1896 3975 diligenter
1922 3871 2058 3944 mami-

635 4016 816 4106 nata,per
827 4001 932 4077 curie
943 4009 1069 4080 nostre
1076 3999 1282 4108 judicium,
1298 3999 1444 4076 dictum
1457 3997 1646 4105 luitquod
1657 3997 1748 4074 dicti
1759 3998 2055 4088 Nobiliacenses,

635 4160 704 4238 pro
724 4131 901 4238 predictis
920 4133 1131 4210 excessibus
1149 4150 1189 4210 et
1206 4131 1480 4210 inobedienciis
1499 4130 1631 4208 iterato
1650 4129 1772 4221 lectis,
1789 4129 1934 4207 solvent
1943 4130 2059 4208 'nobis

636 4261 743 4368 mille
770 4261 885 4340 libres
905 4265 1164 4352 Turonenses,
1190 4289 1260 4369 pro
1287 4261 1464 4352 emenda,
1490 4277 1528 4339 et
1553 4260 1653 4338 dicto
1680 4259 1856 4367 episcopo
1881 4260 2059 4343 ducentes

638 4392 770 4482 libras,
786 4421 856 4499 pro
876 4393 953 4470 suis
970 4394 1144 4500 dampnis
1159 4409 1198 4470 et
1217 4393 1423 4471 interesse,

695 4521 895 4602 Dominica
912 4541 999 4629 post
1016 4524 1246 4602 Catbedrem
1265 4524 1382 4601 sancti
1402 4522 1514 4600 Petri.

657 4692 665 4713 ι
696 4652 920 4760 Posquerius
938 4655 1152 4762 reportavit.

697 4914 852 4992 XLVIII.
882 4914 997 5004 Cum,
1011 4943 1081 5023 per
1091 4933 1275 4994 arrestum
1287 4916 1392 4994 curie
1404 4934 1549 5006 nostre,
1568 4917 1712 4996 dietum
1721 4915 2065 5027 lueritctpronun-

642 5047 782 5124 cietum
794 5045 901 5151 quod
911 5046 1057 5125 fructm
1069 5065 1110 5125 et
1120 5047 1239 5125 exitus
1251 5047 1508 5154 quorumdam
1523 5046 1714 5130 bonorum
1728 5049 1987 5144 inmobilium,
2002 5081 2066 5130 su-

643 5204 714 5282 per
722 5178 879 5283 quibus,
891 5178 932 5254 in
944 5196 1069 5257 nostre
1083 5180 1204 5276 curie,
1219 5179 1367 5286 questio
1377 5180 1592 5260 vertebatur
1605 5181 1705 5260 inter
1718 5181 1910 5262 dominam
1924 5183 1972 5261 de
1982 5183 2067 5262 Cre·

643 5334 780 5414 seques
790 5325 829 5385 et
838 5308 921 5416 ejus
930 5310 1238 5419 primogenitum,
1251 5335 1380 5386 eruca
1389 5328 1506 5417 parte,
1518 5329 1558 5390 et
1568 5313 1786 5419 episcopum
1797 5311 2062 5396 Morinense'm,

649 5461 691 5511 ex
701 5436 829 5526 altere,
844 5465 1009 5545 quorum
1019 5439 1208 5520 bonorum
1221 5441 1462 5520 inmobilium
1473 5443 1731 5532 vendiciones,
1744 5471 1812 5547 per
1822 5444 1922 5518 curie
1938 5454 2063 5516 nostre

728 5609 778 5652 urs
798 5610 880 5653 ocru.
902 5613 948 5654 ιιι.
1897 5594 1935 5676 39
