5817 7292
1025 1101 1293 1211 evectans
1318 1121 1381 1192 nr
1407 1100 1613 1194 esoces.
1957 1118 2024 1192 ter

611 1261 847 1371 pellacionis,
868 1260 1046 1368 predictis
1065 1262 1232 1370 partibus
1251 1261 1291 1338 in
1312 1277 1437 1339 nostra
1463 1261 1565 1339 curia
1583 1257 1814 1350 constitutis,
1840 1277 1880 1337 et
1897 1259 2033 1340 auditis
2067 1269 2196 1325 Puum
2216 1270 2261 1332 tv,

610 1394 779 1502 parcium
796 1393 1011 1471 racionibus
1029 1393 1119 1471 binc
1137 1411 1173 1471 et
1186 1394 1291 1482 inde,
1308 1393 1464 1500 visoque
1480 1417 1658 1498 processu
1672 1389 1841 1495 parcium
1857 1390 2034 1496 predicta·
2131 1363 2195 1405 Μ’

610 1555 712 1616 rum,
736 1555 802 1632 per
823 1525 925 1602 curie
946 1542 1071 1602 nostre
1089 1525 1279 1634 judicium
1307 1525 1450 1602 dictum
1470 1522 1543 1600 luit
1565 1520 1777 1631 predictum
1796 1522 2032 1627 prepositum

610 1657 707 1733 bene
728 1657 916 1764 judicasse
946 1674 984 1734 et
1009 1657 1153 1734 dictum
1181 1655 1405 1736 Ganfiidum
1433 1655 1531 1732 male
1560 1652 1786 1761 appellasse,
1814 1669 1852 1729 et
1877 1651 2033 1729 mauda-

610 1787 714 1866 bitur
731 1787 946 1864 execuci'oni
962 1788 1172 1896 judicatum
1193 1788 1417 1895 predictum.

660 1919 773 2010 Dicto
789 1917 971 1996 Gaulridc
990 1918 1090 1994 curia
1105 1947 1149 1995 ex
1163 1947 1271 1996 causa
1283 1918 1427 1995 remisit
1441 1917 1550 1993 istam
1564 1913 1776 1992 emendam.

662 2050 761 2126 Jovis
772 2066 857 2155 post
868 2047 1128 2154 Epiphaniam.

662 2306 769 2386 XCV.
801 2305 915 2395 Cum,
944 2323 1099 2414 propter
1130 2307 1310 2412 quasdam
1348 2306 1505 2413 injurias
1540 2333 1633 2412 quas
1665 2307 1773 2411 Hugo
1801 2305 1851 2381 de
1877 2304 2033 2382 Chaslu·

606 2437 705 2527 ceio,
735 2435 974 2525 domicellus,
1002 2436 1171 2514 intulisse
1196 2437 1389 2515 dicebatur
1412 2436 1516 2513 fratri
1541 2434 1749 2514 Guillelmo
1773 2437 1820 2512 de
1846 2434 2030 2542 Gingnec,

604 2569 789 2645 monacho
809 2568 1076 2655 Salteniarum,
1104 2569 1247 2644 ordinis
1272 2567 1548 2653 Cluniaceusis,
1571 2565 1732 2643 ballivus
1751 2564 1944 2653 Arvernie,
1964 2595 2033 2673 per

605 2700 814 2803 inquestam
831 2724 944 2803 super
957 2698 1030 2774 hoc
1044 2697 1196 2786 saetam,
1213 2698 1355 2773 dictum
1372 2699 1571 2803 Hugouem
1587 2695 1758 2800 predicto
1773 2698 1974 2786 monacho,
1992 2697 2032 2774 in

605 2828 849 2933 quadraginta
869 2827 992 2919 libris,
1016 2844 1053 2903 et
1073 2828 1229 2904 domino
1249 2827 1358 2933 Regi,
1379 2855 1449 2933 pro
1473 2827 1635 2902 emenda
1654 2854 1737 2914 sua,
1759 2827 1968 2903 incentum
1988 2827 2033 2903 li·

605 2959 681 3034 bris
702 2957 1001 3045 Turonensibus,
1025 2958 1357 3063 condempnasset,
1375 2957 1528 3034 etidem
1541 2959 1650 3064 Hugo
1672 2985 1694 3033 a
1713 2956 2032 3034 condemnacicne

605 3088 822 3197 hujusmodi
841 3088 888 3164 ad
903 3105 1069 3166 nostram
1085 3089 1226 3164 curiam
1241 3085 1478 3194 appellasset,
1493 3088 1665 3175 tandem,
1681 3087 1721 3162 in
1738 3115 1848 3162 causa
1863 3087 1961 3166 dicte
1973 3116 2033 3192 ap

602 3217 836 3326 pellacionis,
857 3219 1036 3325 predictis
1054 3218 1221 3324 partibus
1241 3219 1280 3294 in
1301 3217 1404 3295 curia
1427 3217 1890 3323 nostracomparentibus,
1909 3217 2032 3295 dietus

604 3351 728 3459 Hugo,
751 3349 925 3454 pluribus
945 3349 1158 3426 nacionibus
1180 3351 1378 3454 proposuit
1401 3348 1440 3423 id
1463 3348 1569 3452 quod
1590 3375 1658 3452 per
1684 3348 1827 3424 dictum
1851 3347 2030 3426 ballivum

602 3509 715 3586 super
725 3482 798 3558 boc
811 3479 948 3556 lactum
966 3479 1087 3557 fuerin
1098 3479 1261 3558 revocari
1275 3478 1430 3566 debere,
1442 3494 1548 3584 parte
1559 3478 1711 3555 adversa
1724 3478 1852 3583 plures
1862 3477 2031 3557 raciones

602 3611 640 3687 in
653 3610 881 3689 contrarium
898 3628 1135 3718 proponente
1150 3608 1321 3688 :Auditis
1336 3608 1451 3716 igitur
1466 3608 1659 3687 hincinde
1674 3610 1888 3714 propositis,
1903 3629 1941 3689 et
1955 3613 2030 3688 visa

602 3729 774 3847 inquesta
794 3770 906 3846 super
921 3741 1030 3818 dictis
1048 3741 1196 3850 injuriis
1212 3742 1321 3828 lacta,
1335 3769 1405 3846 per
1419 3739 1522 3816 curie
1538 3755 1666 3817 nostre
1675 3739 1865 3844 judicium
1881 3739 2027 3854 dictum

602 3869 673 3945 fuit
697 3871 908 3977 predictum
929 3871 1112 3948 ballivum
1132 3870 1230 3948 bene
1247 3871 1451 3979 judicasse,
1478 3885 1516 3946 et
1540 3869 1683 3945 dictum
1705 3870 1904 3981 Hugonem
1929 3869 2028 3946 male

602 3998 824 4106 appellasse,
849 4019 886 4078 et
905 4003 1008 4108 quod
1029 4001 1197 4108 predicta
1219 3999 1516 4106 condempnacio
1537 3997 1781 4076 mandabitur
1799 3999 2025 4076 execucioni.

600 4130 716 4208 Curis
740 4159 826 4209 vero
850 4131 1047 4208 emendam
1070 4160 1090 4207 a
1116 4130 1217 4207 dicto
1243 4132 1306 4217 H.,
1333 4159 1401 4235 pro
1422 4130 1522 4207 dicta
1544 4128 1644 4205 mala
1661 4128 1917 4235 appellaeione
1942 4157 2026 4216 sua,

601 4261 769 4338 debitam
788 4261 858 4338 sibi
874 4260 1018 4338 remisit
1035 4290 1078 4338 ex
1097 4288 1216 4337 causa.

657 4392 756 4469 Jovis
774 4392 812 4468 in
833 4391 927 4470 festo
950 4393 1065 4469 sancti
1089 4391 1291 4472 Vincencii.

657 4651 779 4731 XCVI.
811 4651 908 4730 Cum
934 4654 1067 4729 Petrus
1089 4653 1272 4742 Pemant,
1298 4650 1514 4758 prepositus
1536 4667 1627 4728 tuuc
1651 4650 1699 4728 de
1726 4648 1943 4741 Exolduno,
1963 4651 2025 4727 Jo-

601 4783 766 4860 hannem
785 4783 941 4892 burgeis
965 4783 1117 4875 Milant,
1137 4811 1207 4889 pro
1226 4783 1438 4888 suspicione
1465 4781 1661 4890 cujusdam
1685 4780 1884 4870 latrocinii,
1906 4781 2026 4887 cepis-

599 4930 671 5002 set,
694 4929 732 4991 et
755 4930 884 4990 contra
903 4941 991 4990 eum
1009 4941 1124 5020 super
1146 4915 1219 4990 hoc
1238 4914 1497 5020 processisset,
1513 4942 1740 5020 quamquam
1760 4912 1863 4989 idem
1885 4912 2025 4989 Joban·

600 5071 665 5122 nes
692 5063 821 5122 contra
848 5072 935 5122 eum
965 5044 1094 5152 plures
1122 5071 1250 5122 causas
1273 5044 1524 5122 recusacionis
1548 5043 1824 5150 proposuisset,
1851 5043 2022 5132 taudem,

599 5172 702 5251 idem
723 5177 935 5281 prepositus
957 5177 1101 5254 dictum
1119 5176 1350 5268 lobannem,
1372 5203 1442 5282 per
1462 5175 1637 5254 homines
1653 5174 1758 5252 curie
1778 5175 1876 5252 dicte
1896 5199 2027 5280 prepo-
2116 5199 2119 5206 ·

598 5304 730 5396 siture,
748 5307 795 5382 ad
816 5307 995 5384 ultimum
1015 5306 1242 5414 supplicium
1258 5307 1567 5415 condempnavit;
1587 5335 1609 5384 a
1630 5333 1706 5414 quo
1721 5305 1909 5412 judicato,
1927 5320 2024 5380 tam·

599 5461 713 5538 quam
728 5434 820 5514 salso
836 5455 875 5513 et
891 5466 1022 5543 pravo,
1044 5437 1167 5517 dictus
1180 5439 1370 5516 Jobannes
1388 5465 1537 5518 necnon
1552 5439 1742 5518 lohannes
1759 5434 1910 5518 Milant,
1930 5430 2022 5510 dicti

1838 5585 1889 5647 62.
