5817 7292
818 1130 823 1141 '
852 1149 899 1225 uo
1435 1157 1525 1229 uus
1554 1155 1694 1229 oum.

626 1303 754 1356 mium
767 1299 811 1362 IV·
850 1297 985 1375 litteris
1005 1327 1049 1375 ex
1073 1317 1175 1404 parte
1204 1299 1293 1376 dicti
1313 1299 1521 1407 presbyteri
1539 1298 1753 1405 productis,
1775 1297 1978 1404 habitaque
1997 1296 2271 1378 deliberacione

686 1393 748 1436 lm
851 1457 966 1534 super
984 1430 1056 1506 hoc
1076 1429 1264 1537 diligenti,
1285 1458 1354 1536 per
1372 1428 1561 1536 judicium
1580 1445 1707 1506 nostre
1726 1428 1846 1515 curie,
1869 1428 2012 1504 dictum
2035 1427 2107 1517 fuit
2131 1447 2170 1506 et
2189 1460 2275 1536 pro-

850 1559 1068 1636 nunciatum
1087 1561 1277 1667 predictos
1297 1560 1471 1638 homines
1490 1557 1588 1636 male
1599 1558 1787 1666 judicasse
1803 1575 1840 1636 et
1853 1559 1996 1636 dictum
2011 1560 2273 1667 presbyterum

852 1692 948 1768 bene
969 1690 1195 1798 appellasse,
1218 1707 1256 1767 et
1275 1689 1379 1796 quod
1399 1690 1489 1769 dicti
1516 1689 1689 1767 hominos
1711 1690 1782 1768 boc
1801 1689 1911 1772 nobis
1930 1691 2188 1768 emendarent.

907 1823 1035 1900 Mense
1053 1820 1285 1900 Decembris.

1166 2332 1477 2446 INQUESTE
1506 2335 1580 2420 ET
1609 2331 1958 2421 PROCESSUS

978 2555 1080 2622 itii,
1109 2553 1298 2606 tunicari
1326 2555 1364 2604 in
1389 2516 1659 2608 ranisnnnro
1684 2553 2147 2619 cuntur-siucroncu,

1380 2749 1471 2795 ANNO
1493 2746 1625 2801 ootttttt
1649 2751 1744 2792 HCGC.

907 2969 935 3046 l.
968 2967 1065 3044 Cum
1093 2965 1253 3043 dilectus
1277 2982 1316 3042 et
1340 2965 1465 3044 fidelis
1483 2983 1612 3044 noster
1638 2965 1753 3044 abbas
1777 2965 2090 3072 Compendiensis
2108 2995 2277 3074 conque·

853 3117 1000 3176 reretur
1020 3099 1067 3174 de
1087 3097 1224 3175 ballivo
1243 3097 1549 3190 viromandensi,
1563 3127 1679 3204 super
1701 3126 1766 3188 eo,
1783 3116 1826 3175 ut
1845 3098 2011 3190 dicebat,
2033 3099 2137 3205 quod
2156 3098 2278 3176 dictus

852 3229 1010 3318 ballivus
1031 3228 1208 3305 eumdem
1226 3227 1400 3304 abbatem
1420 3226 1559 3333 injuste
1580 3228 1810 3334 impediebat
1828 3229 1867 3306 in
1882 3229 2098 3336 cognicione
2118 3244 2155 3305 et
2168 3230 2278 3335 puni·
2374 3309 2384 3326 l

853 3360 960 3436 cione
988 3357 1183 3465 cujusdam
1211 3357 1406 3434 occisionis
1433 3357 1480 3434 de
1506 3358 1675 3439 Johanne
1703 3360 1751 3436 de
1778 3359 1913 3448 Castis,
1934 3360 2129 3446 scutifero,
2155 3388 2278 3467 nuper

853 3490 946 3572 lacte
967 3489 1123 3566 interra
1143 3505 1180 3564 et
1194 3488 1344 3594 justicia
1369 3489 1486 3596 ipsius
1506 3489 1651 3567 abbatis
1676 3507 1714 3565 et
1733 3521 1754 3567 a
1773 3492 1851 3568 suis
1865 3490 2156 3598 justiciabilibus
2175 3491 2276 3597 apud

855 3619 1299 3727 Royz-super-Massam;
1322 3636 1399 3696 ete
1425 3637 1568 3708 contra,
1592 3620 1714 3697 dictus
1732 3619 1892 3702 ballivus
1912 3638 2139 3728 proponeret
2161 3620 2276 3728 hujus

853 3751 937 3828 sacti
968 3750 1226 3858 cognicionem
1254 3767 1291 3825 et
1317 3751 1559 3855 punicionem
1586 3752 1634 3828 ad
1657 3781 1744 3842 nos,
1771 3781 1846 3830 non
1868 3753 1916 3830 ad
1939 3753 2063 3859 ipsum
2082 3751 2273 3842 abbatem,

853 3881 1061 3986 pertinere,
1091 3908 1175 3956 cum
1207 3880 1310 3956 idem
1337 3881 1510 3992 armiger,
1539 3899 1582 3958 ut
1607 3881 1774 3971 dicebat,
1801 3884 1840 3958 in
1865 3881 2054 3960 conductu
2083 3882 2278 3960 servientis

854 4010 972 4090 nostri
995 4027 1032 4087 ct
1051 4027 1179 4086 contra
1197 4009 1314 4117 ipsius
1331 4012 1524 4090 servientis
1540 4013 1839 4118 prohibicionem
1854 4011 1987 4095 fuisset
2002 4013 2164 4098 occisus:
2181 4015 2279 4090 Tan-

855 4145 960 4232 dem,
982 4142 1121 4226 auditis
1138 4142 1308 4249 partibus
1325 4144 1413 4220 hinc
1435 4144 1595 4232 atinde,
1618 4173 1687 4250 per
1696 4144 1886 4250 judicium
1908 4162 2036 4223 nostre
2059 4145 2179 4235 curie,
2202 4144 2279 4222 dic-

862 4291 946 4368 tum
965 4273 1036 4351 luit
1055 4273 1175 4380 quod,
1194 4274 1283 4379 quia
1300 4275 1424 4352 dictus
1442 4276 1602 4383 armiger
1619 4275 1658 4351 in
1680 4275 1872 4352 conductu
1889 4277 2008 4356 nostri
2030 4277 2224 4354 servientis
2242 4292 2279 4352 et

855 4420 983 4481 contra
1004 4403 1084 4507 ejus
1105 4403 1297 4482 defensam
1315 4405 1436 4484 luerat
1455 4407 1615 4496 occisus,
1637 4405 1753 4514 hujus
1772 4406 1857 4484 facti
1883 4409 2052 4517 cognicio
2071 4407 2278 4514 etpunicio

855 4532 965 4610 nobis
991 4534 1215 4626 remanebit,
1244 4534 1344 4624 salvo
1367 4537 1453 4642 jure
1483 4537 1573 4614 dicti
1600 4535 1745 4616 abbatis
1770 4539 1811 4616 in
1837 4539 1920 4618 aliis
1947 4540 2091 4617 casibus
2117 4540 2276 4615 adeum

854 4662 1148 4767 pertinentibus,
1171 4664 1237 4768 qui
1259 4665 1479 4774 contingent
1498 4667 1537 4757 in
1557 4667 1642 4746 loco
1663 4671 1849 4775 predicto,
1871 4701 1913 4746 ac
1936 4670 2037 4748 salvo
2055 4667 2172 4744 eciam
2188 4667 2276 4772 jure

853 4796 972 4902 ipsius
992 4793 1135 4872 abbatis
1154 4794 1194 4870 in
1215 4795 1445 4874 forisfactura
1464 4799 1656 4877 bonorum
1678 4802 1867 4879 dictorum
1885 4798 2165 4880 malefactorum
2190 4823 2277 4872 con·

855 4927 1073 5005 sistencium
1093 4926 1163 5003 sub
1183 4928 1330 5006 eodem.
1347 4929 1388 5006 In
1401 4931 1525 5039 cujus,
1543 4948 1613 5010 otc.
1629 4933 1759 5010 Mense
1778 4927 2007 5008 Novembris.

912 5060 1056 5158 Debuit
1075 5061 1163 5166 poni
1184 5089 1297 5170 supra
1317 5060 1355 5137 in
1373 5080 1558 5169 quaterno
1578 5079 1816 5148 arrestorum.

911 5326 953 5408 ll.
985 5325 1083 5402 Cum
1104 5327 1224 5432 major
1243 5344 1282 5403 et
1295 5327 1412 5433 jurati
1431 5326 1519 5404 ville
1535 5327 1583 5404 de
1599 5324 1783 5413 usuariis,
1800 5350 1870 5428 pro
1886 5351 1925 5400 se
1945 5340 1984 5400 et
1999 5322 2186 5414 lohanna,
2203 5321 2279 5398 lilia

856 5454 1048 5564 quondam
1077 5455 1259 5533 lobannis
1288 5455 1335 5532 dc
1365 5454 1554 5548 Anisiaco,
1585 5472 1756 5561 peterent
1776 5454 1990 5561 judicatum
2017 5481 2087 5562 per
2111 5470 2278 5533 nostram
