5817 7292
961 1097 1033 1169 560
1540 1094 1630 1167 tas
1660 1092 1798 1167 OLlM.

735 1250 865 1303 aarum
877 1245 920 1310 Νι
959 1237 1110 1316 Henriei
1122 1253 1160 1315 et
1170 1237 1345 1345 laquem,
1359 1234 1441 1340 ejus
1453 1235 1596 1323 uxoris,
1612 1236 1659 1312 ad
1670 1251 1837 1313 nostram
1849 1235 1991 1312 curiam
2005 1236 2126 1314 extitit
2136 1241 2382 1346 appellatum:

960 1370 1056 1449 Visis
1070 1369 1186 1477 igitur
1199 1364 1436 1473 processibus
1453 1394 1649 1444 causarum
1664 1366 1916 1472 predictarum
1933 1383 1971 1443 et
1983 1366 2187 1475 diligenter
2201 1375 2387 1451 examina-

960 1503 1018 1594 tis,
1036 1528 1104 1607 pcr
1124 1498 1224 1575 curie
1242 1512 1369 1574 nostre
1382 1494 1585 1603 judicium,
1604 1496 1748 1573 dictum
1763 1494 1835 1573 luit
1853 1495 2068 1601 predictum
2087 1500 2385 1581 commissarium

797 1340 859 1383 1³10.

962 1651 1131 1710 nostrum
1158 1629 1254 1706 bene
1280 1627 1567 1735 pronunciasse,
1596 1628 1792 1734 dictosque
1820 1628 2026 1705 Henricum
2051 1645 2089 1707 et
2117 1632 2200 1738 ejus
2229 1661 2385 1711 uxorem

961 1764 1056 1840 male
1075 1760 1297 1868 appellasse,
1312 1775 1351 1835 et
1367 1757 1440 1836 boc
1455 1757 1726 1847 emendabunt,
1745 1775 1783 1835 et
1798 1754 2089 1839 demandabitur
2105 1763 2195 1839 dicti
2213 1766 2386 1843 commis-

961 1896 1047 1971 sarii
1074 1892 1262 1969 sentencia
1282 1889 1449 1997 predicta
1472 1890 1699 1968 execucioni.

1019 2023 1193 2101 Mercurii
1218 2038 1304 2098 ante
1325 2020 1473 2098 Pascha.

1013 2154 1125 2233 Greci
1148 2150 1362 2259 reportavit.

1017 2420 1093 2499 LV.
1123 2420 1206 2499 Lite
1230 2433 1346 2507 mota,
1373 2444 1497 2497 coram
1524 2418 1714 2525 preposito
1739 2419 1964 2509 Parisiense,
1992 2420 2090 2499 inter
2109 2421 2380 2509 lohannetum‚

962 2550 1084 2625 filium
1104 2549 1284 2627 Johannis
1305 2548 1394 2625 dicti
1411 2548 1588 2641 Comitis,
1610 2567 1773 2657 exparte
1791 2578 1882 2639 una,
1902 2568 1940 2627 et
1958 2549 2186 2628 Esmelotam
2200 2551 2334 2627 dietam
2346 2551 2383 2627 la

963 2679 1155 2755 Boisteuse
1178 2678 1227 2755 de
1243 2680 1400 2767 vannis,
1419 2678 1605 2768 exaltem,
1622 2708 1735 2785 super
1752 2708 1797 2757 eo
1820 2679 1924 2786 quod
1944 2680 2097 2788 petebat
2111 2682 2233 2758 dictus
2246 2682 2385 2758 lohan-

964 2828 1074 2887 netus
1100 2809 1241 2886 litteras
1262 2810 1481 2887 donacionis
1505 2810 1757 2916 quarumdam
1777 2811 1914 2887 domus
1935 2828 1973 2887 et
1991 2828 2092 2888 terre
2116 2811 2241 2888 eidem
2255 2811 2387 2890 loban-

964 2958 1088 3023 netoa
1104 2938 1202 3017 dicta
1216 2940 1405 3017 Esmelota
1422 2939 1534 3029 lacte,
1552 2939 1674 3047 sigillo
1695 2939 1884 3018 Castelleti
1899 2940 2093 3047 sigillatas,
2111 2959 2149 3017 et
2167 2942 2217 3018 ad
2233 2970 2386 3019 manum

964 3088 1147 3160 nostram,
1170 3071 1251 3147 sine
1274 3099 1384 3148 cause
1405 3070 1641 3177 cognicione‚
1661 3098 1731 3175 per
1750 3071 1894 3148 dictum
1914 3071 2147 3178 prepositum
2166 3073 2322 3177 positas,
2345 3088 2389 3147 ut

964 3202 1127 3290 dicebat,
1150 3201 1197 3277 ad
1221 3201 1439 3279 instanciam
1464 3200 1562 3277 dicte
1585 3199 1796 3288 Esmelota,
1823 3201 1891 3278 sibi
1918 3201 2024 3278 reddi
2049 3219 2087 3277 et
2105 3200 2328 3288 deliberari,
2348 3218 2388 3277 et

966 3332 1102 3417 dietam
1121 3330 1368 3408 donacionem
1380 3329 1540 3406 validam
1557 3328 1733 3406 declarari
1749 3347 1787 3406 et
1801 3330 1918 3407 dictas
1935 3330 2075 3407 litteras
2091 3329 2306 3407 execucioni
2324 3330 2388 3406 de·

964 3462 1043 3539 bite
1069 3460 1305 3549 demandari,
1325 3460 1423 3537 dicta
1444 3460 1635 3537 Esmelota
1660 3461 1698 3535 in
1719 3459 1945 3538 contrarium
1968 3459 2113 3536 dicente
2134 3487 2189 3548 se,
2216 3459 2309 3537 dolo
2332 3461 2386 3566 ip

965 3592 1043 3669 sius
1057 3591 1260 3668 lohanneti
1274 3609 1312 3667 et
1326 3591 1406 3698 ejus
1421 3591 1550 3695 patris,
1569 3591 1615 3668 ad
1631 3590 1949 3668 consenciendum
1963 3590 2147 3667 contentis
2161 3590 2200 3665 in
2215 3589 2314 3665 dieta
2328 3588 2387 3666 lit·

963 3739 1043 3798 tera
1064 3719 1179 3797 luisse
1197 3720 1406 3809 inductam,
1428 3737 1481 3810 et,
1503 3720 1633 3798 multis
1649 3720 1731 3798 aliis
1748 3721 1978 3808 racionibus‚
1995 3736 2227 3825 proponente
2247 3719 2389 3796 dietam

965 3852 1213 3929 donacionem
1228 3877 1307 3927 non
1324 3867 1454 3927 tenere
1471 3878 1541 3927 nec
1557 3880 1578 3927 a
1593 3851 1775 3958 principio
1795 3851 1979 3938 tenuisse;
1996 3849 2133 3926 auditis
2148 3849 2263 3955 igitur
2276 3876 2393 3956 super

965 3985 1038 4061 hoc
1053 3982 1342 4087 dictispartibus
1358 3999 1396 4057 et
1412 3981 1588 4087 inquisita
1603 3983 1756 4059 veritate
1771 4010 1886 4088 super
1898 3980 2106 4087 premissis,
2120 4009 2189 4085 per
2202 3980 2290 4057 dicti
2304 4008 2392 4087 pre-

965 4112 1076 4219 positi
1085 4113 1291 4219 judicium,
1303 4112 1594 4217 pronunciatum
1607 4111 1679 4187 luit
1689 4111 1805 4188 dictas
1817 4111 1960 4189 litteras
1973 4110 2073 4188 dicto
2084 4111 2297 4189 lobanneto
2307 4137 2393 4188 esse

966 4243 1215 4321 restituendas
1230 4258 1268 4319 et
1283 4240 1420 4318 dictam
1436 4242 1684 4320 donacionem
1698 4241 1859 4318 validam
1872 4270 1951 4319 esse
1968 4256 2006 4316 et
2018 4240 2135 4317 dictas
2150 4240 2292 4319 litteras
2304 4268 2395 4317 exe-

967 4373 1114 4452 cucioni
1134 4372 1261 4451 debite
1279 4372 1419 4449 debere
1436 4373 1672 4460 demandari,
1690 4401 1766 4450 non
1783 4370 2019 4451 obstantibus
2032 4370 2248 4476 propositis,
2266 4400 2311 4449 er
2325 4372 2396 4449 ad-

967 4530 1091 4593 vers03
1118 4532 1238 4610 aquo
1258 4502 1441 4610 judicato,
1470 4520 1647 4609 tanquam
1671 4504 1764 4581 falso
1790 4521 1827 4580 et
1849 4532 1979 4609 pravm
2007 4502 2105 4581 dicta
2129 4502 2317 4582 Esmelota
2342 4503 2394 4580 ad

967 4650 1130 4711 nostram
1145 4635 1287 4715 curiam
1297 4633 1513 4741 appellavit:
1529 4633 1678 4712 Auditis
1691 4635 1806 4743 igitur
1817 4634 1926 4711 dictis
1937 4632 2107 4739 partibus
2120 4633 2159 4709 in
2171 4632 2268 4711 dicta
2279 4660 2396 4711 causa

968 4763 1245 4869 appellacionis,
1266 4767 1420 4872 visoque
1440 4793 1618 4872 processu
1635 4767 1823 4872 predicto,
1841 4793 1909 4872 per
1925 4765 2028 4842 curie
2044 4780 2169 4841 nostre
2181 4762 2394 4871 judicium,

967 4895 1113 4971 dictum
1128 4894 1201 4973 luit
1218 4897 1429 5003 predictum
1447 4898 1682 5005 prepositum
1699 4900 1799 4977 bene
1813 4896 1999 5004 judicasse
2020 4912 2058 4972 et
2072 4895 2209 4972 dictam
2225 4895 2402 4974 Esmelo-

967 5041 1044 5100 tam
1058 5026 1156 5103 male
1171 5025 1387 5132 appellasse.
1403 5025 1518 5104 Curia
1534 5057 1622 5111 vero
1640 5045 1766 5109 nostra
1783 5045 1936 5134 propter
1953 5027 2035 5135 ejus
2048 5043 2302 5133 paupertatem
2317 5025 2400 5106 sibi

968 5183 1081 5259 super
1099 5154 1172 5232 hoc
1191 5155 1336 5233 remisit
1356 5158 1569 5235 emendam.

1026 5284 1203 5363 Mercurii
1223 5301 1308 5367 ante
1329 5285 1480 5369 Pascha.

1026 5418 1127 5527 Roya
1139 5415 1350 5524 reportavit.
