5817 7292
843 1123 889 1194 78
1417 1124 1513 1196 Lus
1538 1121 1677 1196 uultu.

616 1273 802 1333 renuerit,
841 1263 884 1340 in
900 1265 998 1342 dictu
1017 1265 1135 1342 domo
1154 1264 1366 1372 apponebat
1383 1265 1541 1373 injuste,
1556 1282 1601 1342 ut
1620 1263 1791 1342 dicebat:
1806 1264 1895 1344 Viso
1909 1262 2072 1373 (pterim
2093 1266 2264 1374 inquesta

678 1367 740 1408 lm
841 1423 953 1502 super
971 1396 1045 1474 hoc
1067 1396 1114 1472 de
1136 1395 1311 1473 mandato
1330 1413 1459 1474 nostro
1478 1396 1592 1485 saum,
1613 1395 1886 1504 perjudicium
1895 1413 2025 1476 nostre
2045 1399 2167 1487 curie,
2184 1399 2264 1476 dic·

839 1546 922 1604 tum
942 1526 1014 1604 suit
1034 1524 1138 1634 quod
1157 1525 1473 1632 impedimentum
1501 1526 1590 1604 dicti
1610 1524 1736 1603 ballivi
1761 1527 1801 1603 in
1823 1528 1940 1606 domo
1959 1530 2126 1634 predicta
2151 1559 2265 1636 appo-

840 1659 953 1734 situm
978 1656 1225 1748 amovebitur,
1246 1674 1283 1734 et
1301 1657 1406 1763 quod
1425 1657 1598 1764 ejusdem
1625 1656 1765 1734 domus
1786 1657 1975 1764 possessio
1999 1659 2098 1736 dicte
2117 1658 2262 1752 Gilete,

838 1793 992 1866 nomine
1018 1818 1095 1895 quo
1120 1817 1248 1897 supra,
1277 1787 1557 1879 deliberabitur,
1579 1786 1953 1896 siliqsaeredvlontm
1979 1790 2101 1868 exitus
2120 1807 2159 1868 et
2176 1820 2266 1897 pro-

837 1939 968 1999 ventus
988 1921 1053 2027 qui
1072 1947 1144 2027 per
1160 1920 1302 1997 dietum
1322 1917 1503 1998 ballivum
1517 1919 1686 2026 percepti
1705 1937 1794 1996 sunt
1813 1948 1882 1997 seu
1899 1919 2040 2026 percipi
2057 1937 2265 2026 potuerunt

838 2082 881 2128 ex
901 2053 1016 2128 domo
1035 2051 1226 2158 predicta,
1253 2051 1301 2127 ab
1324 2049 1392 2126 illo
1413 2066 1587 2156 tempore
1611 2076 1688 2156 quo
1713 2050 1837 2126 dictus
1855 2048 2014 2127 ballivus
2032 2077 2116 2126 eom
2135 2053 2264 2156 posuit

838 2185 884 2258 ad
911 2212 1065 2259 manum
1092 2209 1216 2270 suam,
1249 2181 1345 2257 selva
1372 2180 1508 2287 Egidio
1536 2181 1583 2256 de
1611 2180 1795 2258 leudvmo
1822 2196 1861 2258 et
1885 2180 1969 2287 ejus
1995 2180 2118 2269 mori,
2148 2209 2263 2287 super

837 2314 952 2391 domo
967 2313 1149 2421 predicta,
1168 2313 1207 2388 in
1222 2311 1448 2419 proprietate
1465 2327 1504 2388 et
1516 2311 1770 2417 possessione,
1781 2310 1969 2418 peticione
1984 2338 2118 2388 eorum
2134 2328 2261 2388 eontra

838 2474 1108 2553 quoscumque.

893 2576 1094 2656 Dominiee
1111 2592 1195 2654 ente
1215 2575 1442 2653 Catbedram
1462 2575 1578 2652 saneti
1597 2575 1709 2652 Petri.

893 2710 942 2786 ll.
964 2706 1123 2786 lacobus
1144 2707 1192 2784 de
1212 2705 1508 2786 SanctoOberto
1528 2705 1743 2811 reportavit.
1791 2775 1794 2778 .

890 2973 984 3050 ΧΙΙΙ.
1015 2974 1111 3052 Cum
1126 2973 1226 3049 inter
1240 2972 1415 3049 abbatem
1434 2987 1471 3048 et
1487 2985 1712 3048 convsruum
1725 2967 1981 3074 vleCeraseyo,
1998 2995 2042 3044 ex
2054 2995 2132 3043 unu
2142 2983 2260 3072 perte,

835 3122 871 3180 et
890 3122 1171 3210 procuratorem
1192 3120 1363 3179 nostrum
1378 3101 1417 3176 in
1429 3099 1676 3187 Normannia,
1696 3127 1766 3204 pro
1786 3098 1916 3187 nobis,
1938 3098 2176 3205 inquantum
2193 3123 2263 3172 uos

832 3210 965 3342 iungit,
992 3263 1036 3311 ex
1061 3235 1188 3321 altera,
1219 3259 1337 3336 super
1352 3232 1438 3336 jure
1468 3246 1686 3336 patronatus
1713 3227 1868 3304 ecclesie
1892 3227 2197 3305 Sancti-Ammoi
2225 3247 2263 3306 et

834 3366 975 3472 capelle
991 3363 1330 3444 Sancti-baumncii
1347 3363 1396 3440 (le
1414 3359 1682 3466 Thoriguieco,
1700 3358 1873 3465 dyocesis
1886 3358 2115 3467 bajocemis,
2133 3359 2261 3467 plures

834 3496 952 3572 habiti
971 3494 1113 3572 fuerint
1131 3519 1342 3601 processus,
1356 3509 1434 3568 tem
1454 3518 1580 3568 coram
1597 3488 1739 3567 ballivo
1749 3489 1978 3568 Cadomensi
1996 3518 2111 3598 qm
2126 3492 2169 3568 in
2181 3520 2259 3568 see—

834 3627 940 3703 oariis
960 3655 1002 3705 ec
1022 3625 1262 3734 parlamentis
1284 3623 1436 3711 nostris,
1455 3639 1509 3710 et,
1527 3649 1596 3728 pro
1616 3637 1774 3727 utraque
1789 3639 1910 3728 purte,
1933 3621 2044 3728 pluro
2056 3649 2170 3727 super
2184 3623 2258 3699 hoc

832 3758 926 3835 facta
946 3757 1087 3835 luerint
1103 3756 1269 3864 judicata
1282 3789 1290 3832 ε
1303 3755 1492 3842 Tandem,
1510 3752 1622 3830 dictis
1642 3753 1809 3858 partibus
1827 3754 1866 3828 in
1884 3769 2011 3831 nostre
2026 3753 2143 3841 curia,
2161 3752 2258 3829 Peri-

832 3889 926 3980 sius,
941 3889 1168 3977 constitutis,
1189 3887 1403 3993 auditisque
1426 3911 1559 3963 eorum
1579 3883 1794 3961 nacionibus
1810 3883 1897 3962 hius
1916 3900 1955 3960 et
1972 3882 2083 3969 inde,
2094 3879 2258 3990 visisque

831 4018 1035 4126 privilegiis
1062 4037 1100 4096 et
1123 4018 1263 4096 litteris.
1285 4018 1473 4095 (lictorum
1499 4013 1780 4122 religiosorum,
1803 4043 1845 4090 ac
1862 4012 2044 4121 judicatis
2061 4013 2256 4118 predictis,

830 4152 1095 4259 perjudicium
1106 4167 1232 4228 nostre
1245 4149 1365 4238 curis,
1377 4144 1774 4256 juspasrouetusdicte
1788 4143 1945 4222 erelesie
1956 4143 2256 4222 Sancti-Aminei

831 4301 869 4359 et
882 4282 1023 4389 capelle
1037 4280 1392 4370 Sancti-Lamenuii,
1411 4279 1450 4356 in
1470 4294 1655 4386 quantum
1674 4305 1744 4354 uos
1757 4275 1894 4383 tangit,
1912 4276 2171 4384 adjudicatum
2185 4276 2258 4354 fuit

829 4414 1015 4520 religiosis
1035 4412 1224 4520 predictis.
2026 4433 2033 4444 ·

887 4546 1015 4622 Mense
1031 4543 1239 4620 Februarii.

887 4674 1123 4754 llosselletus·
1137 4674 1349 4779 reportavit.

886 4939 979 5018 XIV.
1009 4939 1156 5018 Dilecto
1184 4956 1221 5016 et
1245 4936 1349 5015 fidoli
1373 4965 1443 5015 suo
1466 4938 1642 5045 episeopo
1666 4935 1876 5045 Bajoccosi,
1898 4933 2058 5011 ominem
2079 4948 2117 5009 et
2135 4929 2252 5008 dilec-

829 5073 999 5149 tionem:
1018 5072 1115 5151 Cum
1131 5070 1171 5146 in
1190 5095 1299 5149 causa
1320 5069 1387 5148 diu
1404 5087 1463 5148 eet
1480 5070 1520 5146 in
1542 5070 1647 5148 curie
1663 5085 1789 5147 nostra
1808 5066 1940 5174 agitata
1959 5065 2060 5140 iuter
2077 5061 2251 5140 abbatem

830 5219 868 5280 et
888 5221 1112 5282 conventum
1134 5202 1181 5281 de
1202 5202 1401 5310 Cereseyo,
1424 5228 1471 5279 er
1488 5228 1564 5280 uns
1584 5219 1706 5309 parte,
1729 5216 1769 5276 et
1785 5212 2065 5304 procuratorem
2080 5209 2251 5272 nostrum

828 5338 867 5414 in
886 5334 1130 5422 Normonniu,
1151 5332 1368 5443 pronubis,
1392 5359 1436 5410 ex
1461 5332 1590 5421 alteru,
1618 5356 1733 5438 super
1752 5329 1840 5437 jure
1858 5343 2077 5434 patronatus
2096 5323 2250 5402 ecclesie

829 5467 1137 5550 Sancti-Amindi
1165 5484 1204 5545 et
1229 5463 1371 5572 capelle
1395 5461 1738 5543 Sancti-Laurencii
1766 5461 1814 5538 de
1839 5458 2109 5564 Thorignieco,
2130 5472 2249 5534 vestre
