5817 7292
908 1058 982 1133 6110
1485 1057 1576 1129 tus
1602 1056 1743 1130 OLlM.

682 1208 866 1271 notauit,
906 1199 1615 1307 01111111111111111111111111111111
1637 1197 1811 1285 fuerunt,
1837 1195 2012 1275 videlicet
2035 1199 2142 1305 quod
2167 1199 2326 1311 Baldoy·

906 1362 997 1411 num
1011 1333 1059 1411 de
1072 1332 1275 1422 Grivenne,
1288 1358 1420 1409 eorum
1431 1330 1610 1409 clericum
1623 1346 1662 1407 11
1671 1329 1909 1419 servientem,
1923 1345 1967 1404 ut
1982 1328 2174 1422 dicebant,
2187 1332 2326 1411 loban-

905 1492 971 1543 nes
988 1464 1035 1542 de
1048 1464 1331 1553 suessionibus,
1344 1463 1555 1569 prepositus
1564 1460 1727 1567 Rogonis
1743 1460 1792 1537 de
1805 1462 2009 1566 Hangesto,
2021 1460 2169 1553 militis,
2187 1463 2325 1573 injuste

905 1611 1054 1701 ceperat
1068 1611 1106 1671 et
1120 1592 1247 1700 plures
1261 1592 1415 1699 injurias
1434 1592 1559 1669 eidem
1577 1590 1752 1668 intulerat
1770 1590 1809 1667 in
1822 1589 2094 1697 prejudicium,
2114 1610 2158 1669 ut
2172 1594 2323 1684 dicitur,

906 1726 1035 1803 decani
1049 1741 1088 1802 et
1101 1724 1253 1830 capituli
1267 1723 1522 1830 predictorum
1532 1784 1541 1813 ,
1553 1740 1590 1800 et
1600 1722 1790 1829 pendente
1803 1749 1912 1799 causa
1926 1722 2077 1800 incuria
2090 1724 2326 1805 nostrainter

906 1854 1087 1933 decanum
1106 1872 1143 1933 et
1155 1852 1360 1961 capitulum
1375 1883 1416 1931 ac
1432 1853 1593 1931 militem
1609 1852 1857 1959 supradictos,
1876 1853 2047 1959 inquesta
2060 1881 2130 1959 per
2143 1852 2322 1934 ballivum

743 1298 806 1342 1³11.

904 1986 1237 2065 Viromandensem
1253 2001 1293 2063 et
1306 1985 1387 2093 ejus
1406 1985 1644 2091 adjunctum,
1658 1984 1794 2059 virtute
1811 1982 2022 2060 litterarum
2038 1983 2182 2062 domini
2195 1988 2319 2095 Regis,

904 2113 1015 2203 lacta,
1035 2117 1110 2193 visa
1127 2132 1164 2193 et
1180 2116 1378 2223 diligenter
1390 2115 1617 2193 examinata:
1639 2115 1710 2190 Per
1722 2113 1827 2191 curie
1838 2130 1965 2192 nostre
1976 2113 2163 2221 judicium
2179 2116 2317 2193 dictum

905 2244 976 2324 luit
990 2247 1095 2354 quod
1111 2248 1151 2323 in
1162 2247 1333 2354 inquesta
1347 2246 1512 2353 predicta
1531 2243 1649 2323 nichil
1663 2245 1857 2322 inventum
1871 2261 1929 2322 est
1941 2244 2168 2323 sufficienter
2185 2247 2319 2353 proba-

903 2394 985 2454 tum
998 2394 1153 2485 propter
1166 2376 1271 2485 quod
1284 2376 1407 2483 aliqua
1425 2376 1585 2454 emenda
1598 2404 1667 2484 per
1681 2375 1823 2454 dictum
1839 2376 2072 2483 prepositum
2087 2374 2169 2453 lieri
2183 2376 2320 2454 debeat

817 2514 818 2517 ’
904 2507 1047 2585 decano
1073 2525 1111 2585 et
1130 2506 1292 2613 capitulo
1316 2506 1520 2613 predictis,
1544 2507 1613 2585 sed
1638 2507 1668 2583 si
1691 2506 1812 2585 dictus
1835 2504 2068 2614 Baldoynus,
2093 2508 2159 2615 qui
2182 2506 2318 2585 dicittu

903 2638 1017 2717 fuisse
1032 2640 1244 2729 vilsniatus,
1267 2667 1381 2745 super
1395 2640 1469 2717 hoc
1483 2639 1663 2745 conqueri
1681 2636 1863 2727 voluerit,
1879 2638 2049 2744 precepit
2065 2640 2167 2716 curia
2184 2638 2319 2717 ballivo

900 2771 1071 2876 predicto
1083 2772 1189 2878 quod
1201 2769 1342 2861 eidem,
1358 2769 1496 2849 vocatis
1509 2769 1693 2877 partibus,
1706 2768 1814 2846 111111
1822 2768 1973 2875 justicie
1990 2769 2319 2876 complementum.

957 2902 1106 2981 Sabbati
1126 2919 1211 3007 post
1228 2900 1623 2990 sanetum-Mathiam,
1641 2899 1863 3007 apostolum.

954 3165 1046 3242 xlx.
1068 3166 1166 3244 Cum
1182 3165 1358 3243 dominus
1372 3164 1420 3241 de
1432 3155 1723 3250 Fertbencourt,
1736 3190 1861 3241 coram
1875 3165 2067 3270 preposito
2078 3165 2317 3272 delloilleyo,

898 3295 1127 3399 peticionem
1143 3322 1249 3373 suam
1265 3294 1424 3385 fecisset,
1442 3310 1571 3372 contra
1583 3293 1794 3371 1111111111
1805 3294 1853 3373 de
1863 3298 2030 3375 Kaveron
2044 3298 2092 3373 de
2103 3296 2318 3403 quingentis

898 3422 1005 3502 libris
1021 3424 1291 3503 Parisiensibus
1309 3426 1348 3502 in
1367 3424 1482 3502 rebus
1495 3423 1732 3503 hereditariis
1748 3426 1999 3533 implicandis,
2025 3443 2062 3502 et
2083 3427 2131 3503 de
2152 3424 2259 3502 mille
2277 3441 2317 3501 et

898 3555 1070 3634 ducentis
1085 3556 1209 3647 libris,
1231 3556 1381 3635 racione
1398 3554 1593 3634 fructuum
1612 3572 1650 3633 et
1669 3556 1835 3634 exituum
1858 3556 2040 3635 dictarum
2054 3583 2182 3634 rerum
2203 3556 2316 3634 here-

898 3686 1134 3776 ditariarum,
1157 3706 1194 3766 11
1211 3686 1351 3766 auditis
1368 3687 1458 3765 hinc
1476 3687 1567 3765 inde
1586 3689 1787 3795 propositis
1804 3704 1843 3765 11
1855 3688 1942 3766 visis
1956 3688 2139 3767 dictarum
2152 3687 2318 3795 partium

820 3836 823 3842 “
896 3816 1108 3897 melonibus
1118 3820 1158 3896 in
1170 3819 1315 3926 scriptis
1328 3818 1495 3910 traditis,
1511 3818 1635 3897 dictus
1646 3819 1874 3927 prepositus,
1888 3847 2077 3927 persuum
2085 3820 2315 3927 judicatum,

897 3947 1113 4028 absolvisset
1126 3951 1269 4028 dictum
1281 3949 1494 4028 iohannem
1515 3949 1717 4056 apredicta
1733 3951 1937 4057 peticione,
1955 3951 2057 4029 idem
2077 3951 2256 4031 dominus
2269 3949 2317 4027 ab

896 4078 1115 4188 hujusmodi
1129 4080 1316 4189 judicato,
1340 4096 1530 4186 tamquam
1550 4109 1571 4156 1
1593 4079 1685 4159 11111
1706 4100 1743 4159 11
1761 4108 1891 4189 pravo,
1906 4083 1954 4160 ad
1969 4081 2149 4161 ballivum
2167 4080 2316 4159 Ambia-

895 4237 1050 4288 nensem
1071 4211 1289 4318 appellavit,
1311 4212 1375 4318 qui
1395 4209 1574 4303 ballivus,
1595 4212 1634 4287 in
1655 4211 1754 4291 dicta
1774 4211 2040 4319 appellacionis
2058 4240 2167 4289 causa
2185 4238 2316 4318 proce-

896 4342 1010 4432 dens,
1033 4343 1168 4420 auditis
1183 4343 1292 4421 dictis
1306 4341 1477 4449 partibus
1492 4358 1530 4419 et
1543 4341 1630 4419 visis
1644 4343 1779 4433 iterato
1801 4343 2015 4441 racionibus
2032 4341 2226 4449 predictis,
2246 4368 2317 4448 per

895 4498 1006 4549 suum
1027 4473 1241 4581 judicatum
1266 4471 1499 4551 confirmavit
1524 4470 1614 4549 dicti
1638 4474 1817 4581 prepositi
1840 4474 2049 4583 judicatum
2073 4472 2312 4579 predictum,

894 4630 913 4678 1
941 4604 1048 4713 cujus
1071 4604 1197 4683 ballivi
1221 4606 1407 4714 judicato,
1435 4620 1626 4710 tamquam
1652 4604 1745 4685 falso
1772 4624 1810 4687 et
1830 4634 1962 4715 pravo,
1990 4604 2112 4683 1111111
2136 4603 2313 4682 dominus

893 4732 1026 4811 iterato
1041 4735 1088 4811 ad
1104 4752 1269 4814 nostram
1283 4735 1423 4815 curiam
1439 4732 1656 4840 appellavit:
1673 4736 1820 4815 Auditis
1836 4736 1951 4845 igitur
1966 4735 2077 4814 dictis
2090 4733 2257 4844 partibus
2270 4735 2312 4808 11

892 4890 1000 4944 eausa
1015 4866 1282 4974 appellacionis
1300 4868 1468 4977 predicte
1488 4880 1527 4941 11
1538 4865 1624 4945 visis
1642 4868 1877 4975 processibus
1896 4867 2108 4955 antedictis,
2127 4893 2193 4973 per
2207 4864 2313 4941 curie

891 5014 1019 5075 nostre
1032 4998 1237 5105 judicium,
1258 5001 1401 5081 dietum
1416 5001 1489 5081 fuit
1506 5000 1696 5111 predictos
1713 4998 1946 5107 prepositum
1962 5014 1999 5075 et
2016 4994 2195 5077 ballivum
2213 4994 2314 5073 bene

884 5128 1092 5237 judicasse,
1127 5150 1164 5210 et
1191 5131 1334 5211 dictum
1359 5134 1558 5213 dominum
1582 5130 1681 5211 male
1708 5132 1912 5239 appellasse
1942 5146 1980 5209 et
2002 5128 2106 5237 quod
2133 5128 2213 5235 ipse
2241 5127 2317 5205 boc

889 5262 1116 5340 emendabit.

943 5392 1042 5471 lovis
1060 5412 1147 5500 post
1166 5397 1302 5473 Letare·
1318 5396 1537 5475 Jerusalem.
