5817 7292
988 1072 1254 1183 nvootrss
1280 1092 1343 1163 ur
1370 1074 1576 1166 paones.
1914 1094 1987 1165 eos

574 1264 617 1315 ea
627 1237 702 1316 visa
716 1252 754 1314 et
768 1233 967 1342 diligenter
982 1212 1195 1323 examinata,
1210 1260 1279 1338 per
1291 1232 1392 1309 curie
1405 1248 1533 1323 nostre
1544 1230 1746 1337 judicium,
1761 1231 1905 1309 dietum
1919 1230 1991 1309 fuit
2028 1242 2158 1299 Pomm
2170 1246 2214 1307 tv,

573 1367 679 1475 qnod
693 1367 792 1444 dicta
802 1365 922 1471 Riqua
934 1365 1073 1442 dictam
1084 1362 1247 1441 litteram
1264 1361 1506 1469 obligaoionis
1520 1359 1690 1467 predicto
1704 1360 1840 1467 Egidio
1855 1361 1990 1439 reddet
2088 1337 2152 1379 Μ’

574 1515 612 1575 et
629 1499 813 1589 restituet,
825 1496 882 1575 vel
897 1495 1027 1575 saltem
1043 1494 1205 1573 litteram
1219 1493 1447 1601 quitarionis
1459 1492 1569 1570 faciet
1583 1492 1709 1569 eidem
1724 1491 1771 1568 de
1786 1492 1989 1597 premissis,

573 1628 754 1735 quodque
768 1628 869 1707 dicto
884 1625 1035 1734 Egidio,
1050 1654 1119 1733 pro
1131 1624 1248 1731 ipsius
1258 1624 1431 1731 dampnis
1446 1642 1486 1701 et
1498 1622 1719 1729 deperditis,
1735 1621 1865 1729 viginti
1878 1620 1991 1700 libras

573 1760 832 1847 Turonenses,
855 1786 950 1866 quas
973 1757 1052 1864 ipse
1072 1756 1226 1863 juravit,
1249 1771 1287 1833 et
1306 1755 1416 1833 nobis
1437 1771 1590 1833 centum
1605 1752 1719 1832 libras
1734 1754 1990 1843 Turonenses,

573 1914 643 1993 pro
663 1888 824 1965 emenda
842 1888 1130 1993 premissorum,
1152 1884 1348 1991 persolvet.

630 2017 793 2095 Sabbata
813 2034 898 2124 post
920 2016 1204 2095 Penthecosten.

629 2144 813 2224 Thibotot
831 2146 1041 2252 reportavit.
1106 2140 1111 2151 ’

629 2407 769 2487 xcvo.
800 2408 883 2487 Lite
903 2425 1021 2499 mota,
1044 2436 1170 2487 coram
1193 2408 1332 2488 ballivo
1350 2407 1608 2499 Ambianensi,
1633 2411 1731 2487 inter
1750 2410 1932 2518 majorem
1957 2428 1994 2488 et

573 2536 744 2617 scabinos
758 2538 1121 2627 Sancti-Audomari,
1139 2566 1183 2615 ex
1202 2556 1306 2645 parte
1327 2566 1419 2627 nna,
1443 2556 1479 2616 et
1499 2539 1682 2645 majorem
1698 2557 1735 2616 et
1755 2539 1926 2647 scabinos
1946 2543 1993 2618 de

567 2666 840 2783 §ravelingnes
853 2695 895 2745 ac
907 2666 1115 2760 Galterum,
1131 2666 1311 2747 ballivum
1324 2665 1371 2744 de
1382 2668 1668 2760 Bourbourc,ex
1680 2667 1805 2759 altera,
1817 2697 1932 2776 super
1947 2699 1992 2747 eo

574 2798 679 2905 quod
702 2797 792 2875 dicti
822 2798 942 2907 major
966 2815 1005 2877 et
1022 2797 1164 2876 scabini
1184 2798 1232 2875 de
1251 2796 1518 2905 Gravelingnes
1533 2826 1575 2874 ac
1593 2797 1767 2875 Galterus
1784 2798 1991 2905 predictus,

574 2945 665 3005 tunc
684 2927 842 3007 ballivus
862 2928 909 3007 de
929 2927 1162 3017 Bourbourc,
1171 2927 1356 3005 violenter
1374 2944 1549 3035 ceperant
1559 2928 1666 3034 plura
1679 2928 1778 3007 bona
1793 2929 1992 3008 hominum

574 3058 824 3165 quorumdam
844 3057 928 3137 ville
948 3056 1292 3138 Sancti-Andomari
1308 3074 1346 3135 ct
1363 3056 1490 3164 plures
1507 3058 1679 3166 injurias,
1691 3058 1853 3165 dampna
1867 3076 1905 3137 et
1916 3062 1994 3138 vio·

574 3188 711 3267 lenoias
726 3189 870 3268 eisdem
883 3188 1100 3277 intulerant,
1112 3217 1185 3297 que
1203 3188 1365 3294 dampna
1379 3205 1417 3266 et
1431 3188 1586 3296 injurias
1603 3188 1673 3265 sibi
1693 3186 1873 3296 petebant
1889 3192 1994 3269 resti-

572 3320 628 3397 tui
643 3336 681 3397 et
691 3316 801 3397 nobis
816 3318 1027 3411 emendari,
1041 3318 1149 3397 dictis
1161 3318 1303 3426 majore
1320 3335 1358 3396 et
1370 3318 1531 3397 scabinis
1540 3336 1580 3395 et
1592 3318 1726 3397 ballivo
1746 3319 1793 3396 de
1800 3320 1993 3413 Bourborc

572 3452 752 3558 premissa
775 3448 997 3558 negantibus
1017 3466 1055 3527 et
1073 3447 1202 3557 plura,
1223 3448 1348 3527 adsui
1371 3448 1649 3541 defensionem,
1666 3450 1991 3555 proponentibus:

572 3584 745 3689 inquesta
766 3580 881 3689 igitur
899 3608 1014 3686 super
1032 3579 1121 3671 hoe,
1138 3607 1207 3686 per
1222 3579 1367 3657 dictum
1382 3578 1579 3669 ballivum,
1595 3578 1689 3656 sacta
1710 3596 1747 3655 et
1765 3580 1813 3657 ad
1824 3580 1994 3687 judican-

574 3712 666 3789 dum
688 3710 790 3787 curie
809 3726 936 3789 nostre
953 3726 1156 3815 reportata,
1172 3710 1248 3787 visa
1263 3727 1301 3787 et
1321 3708 1520 3817 diligenter
1535 3709 1751 3796 examinata,
1764 3709 1853 3813 quia
1869 3710 1993 3785 inven-

573 3858 656 3917 tum
670 3856 727 3919 est
740 3838 861 3917 dictos
873 3838 1067 3945 majorem,
1074 3839 1218 3945 juratos
1230 3854 1269 3915 et
1279 3837 1450 3915 scabinos
1465 3865 1507 3914 ac
1519 3836 1698 3914 ballivum
1713 3835 1760 3913 da
1771 3836 1992 3919 Bourbourc

574 3970 702 4076 plures
726 3968 1011 4047 inobediencias
1035 3986 1163 4045 contra
1187 3994 1257 4045 nos
1282 3965 1433 4059 fecisse3
1460 3966 1549 4073 quia
1576 3966 1689 4045 etiam
1712 3966 1908 4047 inventum
1937 3987 1993 4049 est

573 4100 692 4207 quod,
716 4100 867 4178 duobus
881 4100 1016 4207 juratis
1036 4117 1074 4178 et
1093 4098 1244 4178 duobus
1263 4098 1421 4176 scabinis
1444 4098 1806 4190 Sancti-Andomari,
1827 4100 1866 4176 in
1893 4102 1991 4181 salvo

574 4231 762 4309 conductu
775 4249 903 4309 nostro
917 4229 1172 4320 existentibus,
1189 4230 1259 4309 sub
1274 4231 1444 4308 custodia
1457 4229 1651 4337 cujusdam
1666 4230 1859 4310 servientis
1873 4238 1991 4313 nostri

575 4362 640 4469 qui
657 4389 721 4440 eos
734 4361 839 4439 duxit
850 4360 950 4467 apud
960 4359 1240 4468 Gravelingnes,
1256 4389 1365 4439 eausa
1378 4361 1576 4467 repetendi
1590 4360 1689 4438 bona
1705 4390 1790 4451 sua,
1807 4364 1993 4471 etquibus

575 4493 665 4571 dicti
683 4492 803 4601 major
822 4508 860 4569 et
869 4490 984 4598 jurati
1005 4490 1052 4569 de
1072 4490 1338 4603 Gravelingnes
1358 4491 1597 4569 securitatem
1618 4492 1736 4569 eundi
1750 4510 1789 4569 et
1806 4494 1990 4575 redeundi

575 4623 624 4701 ad
639 4622 792 4703 eosdem
806 4621 1061 4727 prestiterant,
1075 4638 1113 4701 et
1130 4622 1221 4701 dum
1239 4624 1308 4729 ipsi
1325 4652 1399 4701 una
1413 4651 1499 4699 erun
1513 4621 1612 4700 dicto
1628 4623 1810 4700 serviente
1826 4624 1993 4704 redirent

574 4754 622 4835 de
639 4752 915 4860 Gravelingnes,
928 4752 1054 4831 eundo
1069 4781 1196 4832 versus
1210 4753 1680 4843 Sanctum-Andomarum,
1696 4753 1736 4833 in
1750 4754 1912 4861 quadam
1925 4785 1992 4835 na-

573 4884 711 4975 vicula,
734 4884 856 4963 dictus
873 4882 1031 4962 ballivus
1055 4884 1102 4963 de
1116 4885 1351 4975 Bourbomn,
1369 4914 1452 4963 cum
1480 4883 1725 4963 multitudine
1744 4904 1990 4975 armatorum,

573 5030 650 5093 tam
665 5016 836 5124 equitum
854 5042 968 5121 quam
983 5015 1167 5121 peditum,
1180 5042 1267 5092 cum
1281 5014 1441 5093 arcubus
1460 5030 1499 5092 et
1511 5013 1667 5104 balistis,
1684 5014 1899 5095 invaserunt
1914 5045 1996 5096 eos·

575 5146 718 5224 demin
732 5162 898 5239 tantum,
918 5144 1038 5253 quod,
1058 5145 1195 5223 timore
1217 5146 1365 5234 mortis,
1390 5173 1541 5225 necesse
1562 5145 1778 5225 habuerunt
1796 5149 1930 5225 reverti
1946 5149 1994 5226 nd

575 5276 717 5355 dietum
740 5277 918 5356 ballivum
940 5276 987 5354 de
1007 5277 1247 5369 Bourbouro;
1274 5304 1369 5385 quos
1395 5276 1517 5355 dictus
1534 5276 1693 5356 ballivus
1718 5278 1828 5386 ejecit
1846 5306 1868 5353 a
1896 5278 1993 5354 dicta

574 5408 735 5485 navicula
763 5437 831 5513 per
854 5408 1018 5516 spatulas
1041 5406 1236 5499 violenter,
1264 5425 1303 5486 et
1324 5426 1451 5487 contra
1471 5409 1773 5515 prohibicionem
1800 5407 1993 5485 servientis
